{"host":"rtw1tnr74gozsrw1","time":1613707878,"event":{"mods":["BaseMod","Colored Map","Colored Powertips","Highlight Path","Infinite Spire","Minty Spire (QoL Compilation)","StSLib","The Cursed","The Jungle"],"gold_per_floor":[113,113,130,55,69,69,81,81,81,150,50,81,81,81,81,180,180,195,211,211,211,227,227,227],"floor_reached":23,"language":"ENG","playtime":729,"items_purged":["Strike_B","Strike_B"],"score":246,"play_id":"a85265e4-0ba3-44c0-90de-f65c0e41efe5","local_time":"20210219051118","is_ascension_mode":true,"campfire_choices":[{"data":"Capacitor","floor":6,"key":"SMITH"},{"data":"Conserve Battery","floor":8,"key":"SMITH"},{"floor":13,"key":"REST"},{"data":"Rainbow","floor":15,"key":"SMITH"}],"circlet_count":0,"master_deck":["Strike_B","Defend_B","Defend_B","Defend_B","Defend_B","Zap","Dualcast","Conserve Battery+1","Capacitor+1","Cold Snap","Rainbow+1","Machine Learning","Capacitor","Glacier","Defragment"],"relics":["Cracked Core","NeowsBlessing","infinitespire:CheckeredPen","Odd Mushroom","Oddly Smooth Stone","Cursed Key"],"acts_visited":["Exordium","TheCity"],"potions_floor_usage":[10],"damage_taken":[{"damage":0,"enemies":"2 Louse","floor":1,"turns":1},{"damage":0,"enemies":"Jaw Worm","floor":3,"turns":1},{"damage":0,"enemies":"Small Slimes","floor":5,"turns":2},{"damage":21,"enemies":"Exordium Wildlife","floor":7,"turns":6},{"damage":16,"enemies":"The Mushroom Lair","floor":10,"turns":5},{"damage":14,"enemies":"Lagavulin","floor":12,"turns":8},{"damage":27,"enemies":"Hexaghost","floor":16,"turns":11},{"damage":1,"enemies":"Shell Parasite","floor":18,"turns":5},{"damage":18,"enemies":"3 Byrds","floor":19,"turns":5},{"damage":15,"enemies":"Centurion and Healer","floor":22,"turns":7},{"damage":29,"enemies":"Gremlin Leader","floor":23,"turns":3}],"seed_played":"-7661615460802188313","potions_obtained":[{"floor":1,"key":"ColorlessPotion"},{"floor":12,"key":"Ancient Potion"},{"floor":19,"key":"BlessingOfTheForge"}],"is_trial":false,"path_per_floor":["M","?","M","$","M","R","M","R","T","?","$","E","R","?","R","B",null,"M","M","?","?","M","E"],"character_chosen":"DEFECT","items_purchased":[],"campfire_rested":1,"item_purchase_floors":[],"current_hp_per_floor":[68,61,61,61,61,61,40,40,40,24,24,10,32,57,57,30,64,63,45,45,45,30,1,1],"gold":227,"neow_bonus":"THREE_ENEMY_KILL","is_daily":false,"chose_seed":false,"campfire_upgraded":3,"win_rate":0.0,"timestamp":1613707878,"path_taken":["M","?","M","$","M","R","M","R","T","?","$","E","R","?","R","BOSS","M","M","?","?","M","E"],"items_purchased_type":[],"build_version":"2020-12-22","purchased_purges":2,"victory":false,"max_hp_per_floor":[75,75,75,75,75,75,75,75,75,75,75,75,75,75,75,75,75,75,75,75,75,75,75,75],"card_choices":[{"not_picked":["Redo","Ball Lightning"],"picked":"Conserve Battery","floor":1},{"not_picked":["Compile Driver","Cold Snap"],"picked":"Capacitor","floor":3},{"not_picked":["Compile Driver","Turbo","Genetic Algorithm"],"picked":"SKIP","floor":5},{"not_picked":["Go for the Eyes","Storm","Steam"],"picked":"SKIP","floor":7},{"not_picked":["Hologram","Lockon"],"picked":"Cold Snap","floor":10},{"not_picked":["Aggregate","Cold Snap"],"picked":"Rainbow","floor":12},{"not_picked":["Thunder Strike","Seek"],"picked":"Machine Learning","floor":16},{"not_picked":["Streamline+1","Reprogram"],"picked":"Capacitor","floor":18},{"not_picked":["Barrage+1","Scrape"],"picked":"Glacier","floor":19},{"not_picked":["Ball Lightning","Steam"],"picked":"Defragment","floor":22}],"player_experience":175291,"relics_obtained":[{"floor":9,"key":"infinitespire:CheckeredPen"},{"floor":10,"key":"Odd Mushroom"},{"floor":12,"key":"Oddly Smooth Stone"}],"event_choices":[{"cards_removed":["Strike_B"],"damage_healed":0,"gold_gain":0,"player_choice":"Card Removal","damage_taken":7,"max_hp_gain":0,"max_hp_loss":0,"event_name":"Golden Wing","floor":2,"gold_loss":0},{"damage_healed":0,"gold_gain":0,"player_choice":"Fought Mushrooms","damage_taken":0,"max_hp_gain":0,"max_hp_loss":0,"event_name":"Mushrooms","floor":10,"gold_loss":0},{"damage_healed":25,"gold_gain":0,"player_choice":"Banana","damage_taken":0,"max_hp_gain":0,"max_hp_loss":0,"event_name":"Big Fish","floor":14,"gold_loss":0},{"damage_healed":0,"gold_gain":0,"player_choice":"Ignored","damage_taken":0,"max_hp_gain":0,"max_hp_loss":0,"event_name":"Vampires","floor":20,"gold_loss":0},{"damage_healed":0,"gold_gain":0,"player_choice":"Ignored","damage_taken":0,"max_hp_gain":0,"max_hp_loss":0,"event_name":"The Mausoleum","floor":21,"gold_loss":0}],"is_beta":false,"boss_relics":[{"not_picked":["Calling Bell","Fusion Hammer"],"picked":"Cursed Key"}],"items_purged_floors":[4,11],"is_endless":false,"potions_floor_spawned":[1,12,19],"killed_by":"Gremlin Leader","ascension_level":6}}