{"host":"nhhqxetgwwd7qseb","time":1613747347,"event":{"mods":["ATMod(阿瑾Mod)","Act Like it!","BaseMod","Chen","Dota2Spire","Downfall","Energized Spire","Gensokyo","Gremlin Mod","GungeonMod","Hallownest","Hermit","Koishi","LagranYue(拉格朗・月)","Marisa（F雨　魔理沙）","Minty Spire (QoL Compilation)","Quick Restart","Rare Cards Sparkle","Reimu（博丽灵梦）","Remilia（蕾米莉亚）","Replay The Spire","SOS（斯巴达之子）","Spicy Shops","StSLib","The Alterego","The Bladedancer","The Bug Knight","The Saiyan","The Senshi","The Servant 0.9.4","TheWitcher","UnlockEverythingMod","WarShipGirlsR/战舰少女R mod","Warlord Emblem","Yakumo Yukari mod","Youmu（魂魄妖梦）","【功能Mod】混沌之环修复补丁","【功能Mod】聪明的最终Boss","【遗物卡牌】REMEMod"],"gold_per_floor":[112,128,138,103,103,103,133,27,27,41,59,59,71,71,71,174,174,162,180,65,65,82,114,126,140,140,140,140,156,175,189,189,287,287,303,0,10,21,31,31,57,57,57,57,71,85,85,96,96,96],"floor_reached":51,"language":"ZHS","playtime":4720,"items_purged":[],"score":809,"play_id":"92f346d9-3808-4297-b47c-9a80b1108aea","local_time":"20210219230907","is_ascension_mode":false,"campfire_choices":[{"data":"rmod:unsinkable","floor":6.0,"key":"SMITH"},{"data":"rmod:guardianhero","floor":12.0,"key":"SMITH"},{"data":"rmod:maintain","floor":15.0,"key":"SMITH"},{"data":"rmod:expedition","floor":28.0,"key":"SMITH"},{"data":"rmod:seals","floor":40.0,"key":"SMITH"},{"floor":42,"key":"REST"},{"floor":44,"key":"REST"},{"floor":49,"key":"DIG"}],"circlet_count":0,"master_deck":["rmod:strick","rmod:strick","rmod:strick","rmod:strick","rmod:defend","rmod:defend","rmod:defend","rmod:defend","rmod:basicallowance","rmod:maingunfire","rmod:firesupport","rmod:aviationdawn","rmod:ring","rmod:unsinkable+1","rmod:firesupport+1","rmod:lonelyqueen","rmod:guardianhero+1","rmod:unsinkable","rmod:bulid","rmod:bulid","rmod:victimresponsibility","rmod:circuitoustactics","rmod:maintain+1","rmod:saltedfish","rmod:bomber","rmod:intelligenceanalysis+1","rmod:fletcherpendant+1","rmod:mineteam","rmod:aviationdawn","rmod:ammunitionsupply+1","rmod:expedition+1","rmod:firesupport+1","rmod:seals+1","rmod:acesubmarine","rmod:firesupport+1","Parasite","rmod:luckystar+1","rmod:supportescort+1","rmod:supportaircraftcarrier","rmod:unsinkable+1","rmod:lonelyqueen+1"],"relics":["rmod:firstchargereward","REME_ComplimentaryCards","AT_ATBox","DemoMod:Metronome","SnafuTest:BearRelic","Dota2Spire:AssaultCuirass","LagranYue:SoulBurningRelic","Dota2Spire:OctarineCore","Strawberry","AT_TrinityForce","HollowMod:PaleOreRelic","Oddly Smooth Stone","Dota2Spire:AghanimScepter","Iron Hammer","Dota2Spire:EchoSabre"],"acts_visited":["Exordium","TheCity","TheBeyond"],"potions_floor_usage":[41,50,50,50],"damage_taken":[{"damage":0.0,"enemies":"Small Slimes","floor":1.0,"turns":4.0},{"damage":11.0,"enemies":"Jaw Worm","floor":2.0,"turns":3.0},{"damage":0.0,"enemies":"2 Louse","floor":3.0,"turns":2.0},{"damage":0.0,"enemies":"2 Fungi Beasts","floor":5.0,"turns":2.0},{"damage":9.0,"enemies":"3 Sentries","floor":7.0,"turns":8.0},{"damage":0.0,"enemies":"Red Slaver","floor":10.0,"turns":3.0},{"damage":5.0,"enemies":"Looter","floor":11.0,"turns":2.0},{"damage":0.0,"enemies":"2 Fungi Beasts","floor":13.0,"turns":4.0},{"damage":0.0,"enemies":"Fading Forest","floor":16.0,"turns":11.0},{"damage":0.0,"enemies":"2 Thieves","floor":18.0,"turns":4.0},{"damage":12.0,"enemies":"Spheric Guardian","floor":19.0,"turns":5.0},{"damage":6.0,"enemies":"Snake Plant","floor":22.0,"turns":6.0},{"damage":0.0,"enemies":"Book of Stabbing","floor":23.0,"turns":5.0},{"damage":0.0,"enemies":"3 Cultists","floor":24.0,"turns":4.0},{"damage":0.0,"enemies":"Shelled Parasite and Fungi","floor":25.0,"turns":5.0},{"damage":0.0,"enemies":"Snake Plant","floor":29.0,"turns":3.0},{"damage":0.0,"enemies":"Snecko","floor":30.0,"turns":6.0},{"damage":0.0,"enemies":"Centurion and Healer","floor":31.0,"turns":7.0},{"damage":6.0,"enemies":"Automaton","floor":33.0,"turns":7.0},{"damage":7.0,"enemies":"3 Shapes","floor":35.0,"turns":3.0},{"damage":0.0,"enemies":"3 Darklings","floor":37.0,"turns":3.0},{"damage":17.0,"enemies":"Spire Growth","floor":38.0,"turns":3.0},{"damage":27.0,"enemies":"Writhing Mass","floor":39.0,"turns":4.0},{"damage":11,"enemies":"Nemesis","floor":41,"turns":6},{"damage":10,"enemies":"Sphere and 2 Shapes","floor":45,"turns":4},{"damage":0,"enemies":"Transient","floor":46,"turns":5},{"damage":0,"enemies":"Spire Growth","floor":48,"turns":3},{"damage":52,"enemies":"Awakened One","floor":50,"turns":10}],"seed_played":"-580400438043522919","potions_obtained":[{"floor":10.0,"key":"DuplicationPotion"},{"floor":11.0,"key":"SpeedPotion"},{"floor":13.0,"key":"AttackPotion"},{"floor":16.0,"key":"Dota2Spire:Clarity"},{"floor":22.0,"key":"Strength Potion"},{"floor":29.0,"key":"REME_GoldPotion"},{"floor":30.0,"key":"Weak Potion"},{"floor":41,"key":"Swift Potion"},{"floor":45,"key":"AttackPotion"},{"floor":46,"key":"PowerPotion"}],"is_trial":false,"path_per_floor":["M","M","M","?","M","R","E","$","T","M","M","R","M","?","R","B",null,"M","M","$","?","M","E","M","M","T","?","R","M","M","M","R","B",null,"M","$","M","M","M","R","E","R","T","R","M","M","$","M","R","B",null],"character_chosen":"PRAEFECT","items_purchased":["rmod:lonelyqueen","rmod:mineteam","rmod:aviationdawn","HollowMod:PaleOreRelic","Oddly Smooth Stone"],"campfire_rested":2,"item_purchase_floors":[8,20,20,36,36],"current_hp_per_floor":[75,64,64,75,75,75,66,66,66,66,61,61,61,61,61,71,75,75,63,63,63,57,57,57,57,63,63,63,63,63,63,82,76,82,75,75,75,58,31,31,20,43,43,66,56,56,56,56,56,4],"gold":96,"neow_bonus":"RANDOM_COMMON_RELIC","is_daily":false,"chose_seed":false,"campfire_upgraded":5,"win_rate":0.0,"timestamp":1613747347,"path_taken":["M","M","M","?","M","R","E","$","T","M","M","R","M","?","R","BOSS","M","M","$","?","M","E","M","M","T","?","R","M","M","M","R","BOSS","M","$","M","M","M","R","E","R","T","R","M","M","$","M","R","BOSS"],"items_purchased_type":["Card","Card","Card","Relic","Relic"],"build_version":"2020-12-22","purchased_purges":0,"victory":true,"max_hp_per_floor":[75,75,75,75,75,75,75,75,75,75,75,75,75,75,75,75,75,75,75,75,75,75,75,75,75,82,82,82,82,82,82,82,82,82,82,82,82,82,82,82,82,82,82,82,82,82,82,82,82,82],"card_choices":[{"not_picked":["rmod:steelsupply","rmod:supportaircraftcarrier"],"picked":"rmod:firesupport","floor":1.0},{"not_picked":["rmod:goodsister","rmod:supportescort"],"picked":"rmod:aviationdawn","floor":2.0},{"not_picked":["rmod:supportescort","rmod:intelligenceanalysis"],"picked":"rmod:ring","floor":3.0},{"not_picked":["rmod:supportescort","rmod:capitalist"],"picked":"rmod:unsinkable","floor":5.0},{"not_picked":["rmod:tearstotiara","rmod:supportescort"],"picked":"rmod:firesupport","floor":7.0},{"not_picked":["rmod:sl","rmod:rockthrower","rmod:slowdown"],"picked":"SKIP","floor":10.0},{"not_picked":["rmod:goodfighter","rmod:spoils"],"picked":"rmod:guardianhero","floor":11.0},{"not_picked":["rmod:supportescort","rmod:garrisonisland"],"picked":"rmod:unsinkable","floor":13.0},{"not_picked":["rmod:fletcher","rmod:seals"],"picked":"rmod:saltedfish","floor":16.0},{"not_picked":["rmod:generalist","rmod:circuitoustactics"],"picked":"rmod:intelligenceanalysis+1","floor":18.0},{"not_picked":["rmod:gendarmerie","rmod:punchline"],"picked":"rmod:fletcherpendant+1","floor":19.0},{"not_picked":["rmod:tearstotiara","rmod:intelligenceanalysis+1"],"picked":"rmod:ammunitionsupply+1","floor":22.0},{"not_picked":["rmod:lastglory","rmod:steelsupply","rmod:selfconfidence+1"],"picked":"SKIP","floor":23.0},{"not_picked":["rmod:combined+1","rmod:luckystar"],"picked":"rmod:expedition","floor":24.0},{"not_picked":["rmod:intelligenceanalysis","rmod:luckystar"],"picked":"rmod:firesupport+1","floor":25.0},{"not_picked":["rmod:garrisonisland","rmod:combined+1","rmod:circuitoustactics"],"picked":"SKIP","floor":29.0},{"not_picked":["rmod:goodfighter","rmod:sl+1","rmod:spoils"],"picked":"SKIP","floor":30.0},{"not_picked":["rmod:launchingtorpedo","rmod:selfconfidence"],"picked":"rmod:seals","floor":31.0},{"not_picked":["rmod:timeschanged","rmod:auspiciousomen"],"picked":"rmod:acesubmarine","floor":33.0},{"not_picked":["rmod:unsinkable","rmod:fuelsupply","rmod:capitalist+1"],"picked":"SKIP","floor":35.0},{"not_picked":["rmod:spoils+1","rmod:circuitoustactics","rmod:goodfighter"],"picked":"SKIP","floor":37.0},{"not_picked":["rmod:guardianhero","rmod:diamondstrike+1"],"picked":"rmod:firesupport+1","floor":38.0},{"not_picked":["rmod:lonelyqueen+1","rmod:bulid"],"picked":"rmod:luckystar+1","floor":39.0},{"not_picked":["rmod:unsinkable","rmod:maintain+1"],"picked":"rmod:supportescort+1","floor":41},{"not_picked":["rmod:ammunitionsupply","rmod:combined"],"picked":"rmod:supportaircraftcarrier","floor":45},{"not_picked":["rmod:circuitoustactics+1","rmod:aviationdawn"],"picked":"rmod:unsinkable+1","floor":46},{"not_picked":["rmod:royalracing","rmod:victimresponsibility"],"picked":"rmod:lonelyqueen+1","floor":48}],"player_experience":107339,"relics_obtained":[{"floor":7.0,"key":"SnafuTest:BearRelic"},{"floor":9.0,"key":"Dota2Spire:AssaultCuirass"},{"floor":23.0,"key":"Dota2Spire:OctarineCore"},{"floor":26.0,"key":"Strawberry"},{"floor":41,"key":"Dota2Spire:AghanimScepter"},{"floor":43,"key":"Iron Hammer"},{"floor":49,"key":"Dota2Spire:EchoSabre"}],"event_choices":[{"damage_healed":18.0,"max_hp_gain":0.0,"max_hp_loss":0.0,"gold_gain":0.0,"event_name":"The Cleric","player_choice":"Healed","floor":4.0,"gold_loss":35.0,"damage_taken":0.0},{"damage_healed":0.0,"max_hp_gain":0.0,"max_hp_loss":0.0,"gold_gain":0.0,"event_name":"Ghosts","player_choice":"Ignored","floor":21.0,"gold_loss":0.0,"damage_taken":0.0},{"damage_healed":0.0,"max_hp_gain":0.0,"max_hp_loss":0.0,"gold_gain":0.0,"event_name":"Vampires","player_choice":"Ignored","floor":27.0,"gold_loss":0.0,"damage_taken":0.0}],"is_beta":false,"boss_relics":[{"not_picked":["bronze:MakeshiftBattery","Honey Jar"],"picked":"LagranYue:SoulBurningRelic"},{"not_picked":["Runic Pyramid","energizedSpire:HugeHouse"],"picked":"AT_TrinityForce"}],"items_purged_floors":[],"is_endless":false,"potions_floor_spawned":[10,11,13,16,22,29,30,31,41,45,46],"ascension_level":0}}