{"host":"d2gh6suihlstufn7","time":1613724874,"event":{"mods":["AchievementEnabler","BaseMod","Colored Map","Colored Powertips","Minty Spire (QoL Compilation)","Permanent Neow","Quick Restart"],"gold_per_floor":[210,63,81,93,110,110,122,122,122,122,71,101,113,146,146,248,248,261,261,247,24,39,39,39,39],"floor_reached":24,"language":"KOR","playtime":814,"items_purged":[],"score":273,"play_id":"daa76b89-c887-4fd1-a02c-b269cb05d248","local_time":"20210219175434","is_ascension_mode":false,"campfire_choices":[{"data":"True Grit","floor":6,"key":"SMITH"},{"data":"Perfected Strike","floor":8,"key":"SMITH"},{"data":"Fire Breathing","floor":10,"key":"SMITH"},{"data":"Bash","floor":15,"key":"SMITH"},{"floor":23,"key":"REST"}],"circlet_count":0,"master_deck":["Strike_R","Strike_R","Strike_R","Strike_R","Strike_R","Defend_R","Defend_R","Defend_R","Defend_R","Bash+1","Pommel Strike","Wild Strike","Shrug It Off","True Grit+1","Fire Breathing+1","Power Through","Pommel Strike","Perfected Strike+1","Pommel Strike","Brutality","Pommel Strike+1","Evolve","Twin Strike"],"relics":["Burning Blood","Regal Pillow","Black Star","Bag of Marbles"],"acts_visited":["Exordium","TheCity"],"potions_floor_usage":[20,20,24,24],"damage_taken":[{"damage":13,"enemies":"Jaw Worm","floor":1,"turns":3},{"damage":3,"enemies":"Small Slimes","floor":3,"turns":3},{"damage":0,"enemies":"Cultist","floor":4,"turns":3},{"damage":0,"enemies":"Exordium Wildlife","floor":5,"turns":6},{"damage":5,"enemies":"3 Louse","floor":7,"turns":4},{"damage":0,"enemies":"Blue Slaver","floor":13,"turns":2},{"damage":13,"enemies":"3 Sentries","floor":14,"turns":5},{"damage":0,"enemies":"Slime Boss","floor":16,"turns":7},{"damage":20,"enemies":"Chosen","floor":18,"turns":5},{"damage":15,"enemies":"2 Thieves","floor":20,"turns":4},{"damage":21,"enemies":"Cultist and Chosen","floor":22,"turns":5},{"damage":80,"enemies":"Gremlin Leader","floor":24,"turns":3}],"seed_played":"-6877272222735205320","potions_obtained":[{"floor":3,"key":"Swift Potion"},{"floor":7,"key":"Regen Potion"},{"floor":16,"key":"SkillPotion"},{"floor":18,"key":"LiquidBronze"},{"floor":19,"key":"Strength Potion"},{"floor":20,"key":"ColorlessPotion"}],"is_trial":false,"path_per_floor":["M","$","M","M","M","R","M","R","T","R","$","?","M","E","R","B",null,"M","?","M","$","M","R","E"],"character_chosen":"IRONCLAD","items_purchased":["Wild Strike","Shrug It Off","True Grit","Pommel Strike","Evolve","Bag of Marbles"],"campfire_rested":1,"item_purchase_floors":[2,2,2,11,21,21],"current_hp_per_floor":[73,73,76,80,80,80,80,80,80,80,80,80,80,73,73,79,80,66,66,71,71,56,80,0,0],"gold":39,"neow_bonus":"HUNDRED_GOLD","is_daily":false,"chose_seed":false,"campfire_upgraded":4,"win_rate":0.0,"timestamp":1613724874,"path_taken":["M","$","M","M","M","R","M","R","T","R","$","?","M","E","R","BOSS","M","?","M","$","M","R","E"],"items_purchased_type":["Card","Card","Card","Card","Card","Relic"],"build_version":"2020-12-22","purchased_purges":0,"victory":false,"max_hp_per_floor":[80,80,80,80,80,80,80,80,80,80,80,80,80,80,80,80,80,80,80,80,80,80,80,80,80],"card_choices":[{"not_picked":["Thunderclap","Heavy Blade"],"picked":"Pommel Strike","floor":1},{"not_picked":["Spot Weakness","Body Slam"],"picked":"Fire Breathing","floor":3},{"not_picked":["True Grit","Cleave"],"picked":"Power Through","floor":4},{"not_picked":["Whirlwind","Flame Barrier"],"picked":"Pommel Strike","floor":5},{"not_picked":["Shockwave","Flame Barrier"],"picked":"Perfected Strike","floor":7},{"not_picked":["Heavy Blade","Entrench","Reaper"],"picked":"SKIP","floor":13},{"not_picked":["Pummel","Carnage","Entrench"],"picked":"SKIP","floor":14},{"not_picked":["Limit Break","Corruption"],"picked":"Brutality","floor":16},{"not_picked":["Havoc","Clothesline","Iron Wave"],"picked":"SKIP","floor":18},{"not_picked":["Body Slam+1","Flex+1"],"picked":"Pommel Strike+1","floor":20},{"not_picked":["Clothesline+1","Whirlwind"],"picked":"Twin Strike","floor":22}],"player_experience":176678,"relics_obtained":[{"floor":14,"key":"Regal Pillow"}],"event_choices":[{"damage_healed":0,"gold_gain":30,"player_choice":"Searched \u00271\u0027 times","damage_taken":0,"max_hp_gain":0,"max_hp_loss":0,"event_name":"Dead Adventurer","floor":12,"gold_loss":0},{"damage_healed":0,"gold_gain":0,"player_choice":"Got Potions","damage_taken":0,"max_hp_gain":0,"max_hp_loss":0,"event_name":"Lab","floor":19,"gold_loss":0}],"is_beta":false,"boss_relics":[{"not_picked":["Sozu","Snecko Eye"],"picked":"Black Star"}],"items_purged_floors":[],"is_endless":false,"potions_floor_spawned":[3,7,16,18,20],"killed_by":"Gremlin Leader","ascension_level":0}}