{"host":"y087t2reloz9bi43","time":1613748577,"event":{"mods":["2.2 Compatiblity","AchievementEnabler","BaseMod","Bestiary","Better Note","Better Vampires","BetterRewards","Colored Map","Conspire","Downfall","GifTheSpireLib","Gold Saver","Halation","Hubris","Infinite Spire","Jedi Mod","Mimic Mod","Minty Spire (QoL Compilation)","Permanent Neow","Rare Cards Sparkle","Relic Stats","Reliquary","Replay The Spire","Shop Mod","StSLib","Transform Curses","Uncapped","everything is the same but u backflip on backflip"],"gold_per_floor":[199,199,218,230,241,273,283,308,340,340,340,340,340,340],"floor_reached":13,"language":"ENG","playtime":967,"items_purged":[],"score":95,"play_id":"c3133017-9bc7-48a1-8bd2-d6d242e6ca17","local_time":"20210219152937","is_ascension_mode":false,"campfire_choices":[{"floor":11,"key":"REST"}],"circlet_count":0,"master_deck":["Strike_G","Strike_G","Strike_G","Strike_G","Defend_G","Defend_G","Defend_G","Defend_G","Defend_G","Survivor","Neutralize","Acrobatics","jedi:collectorvenom","hubris:TrickCloak","Underhanded Strike+1","hubris:Sniper","hubris:Sniper","Storm of Steel","hubris:SlightOfHand","CommonCold"],"relics":["Ring of the Snake","Pocketwatch","Gremlin Food","reliquary:RosewoodLute","ReplayTheSpireMod:Ring of Challenge","Ring of Misfortune","reliquary:BallBearing"],"acts_visited":["Exordium"],"potions_floor_usage":[9,13],"damage_taken":[{"damage":7.0,"enemies":"Jaw Worm","floor":1.0,"turns":5.0},{"damage":6.0,"enemies":"Cultist","floor":3.0,"turns":6.0},{"damage":4.0,"enemies":"2 Louse","floor":4.0,"turns":4.0},{"damage":7.0,"enemies":"Blue Slaver","floor":5.0,"turns":5.0},{"damage":34.0,"enemies":"Gremlin Nob","floor":6.0,"turns":5.0},{"damage":1.0,"enemies":"Red Slaver","floor":7.0,"turns":2.0},{"damage":9.0,"enemies":"3 Sentries","floor":8.0,"turns":5.0},{"damage":0,"enemies":"3 Louse","floor":9,"turns":4},{"damage":27,"enemies":"Gremlin Nob","floor":13,"turns":3}],"seed_played":"8459118732712842406","potions_obtained":[{"floor":3.0,"key":"BlessingOfTheForge"},{"floor":4.0,"key":"Explosive Potion"},{"floor":6.0,"key":"BlessingOfTheForge"},{"floor":7.0,"key":"Poison Potion"}],"is_trial":false,"path_per_floor":["M","?","M","M","M","E","M","E","MIM","?","R","T","E"],"character_chosen":"THE_SILENT","items_purchased":[],"campfire_rested":1,"item_purchase_floors":[],"current_hp_per_floor":[63,63,57,53,46,12,11,2,2,2,23,23,0,0],"gold":340,"neow_bonus":"RANDOM_EVENT","is_daily":false,"chose_seed":false,"campfire_upgraded":0,"win_rate":0.0,"timestamp":1613748577,"path_taken":["M","?","?","M","M","E","M","E","MIM","?","R","?","E"],"items_purchased_type":[],"build_version":"2020-12-22","purchased_purges":0,"victory":false,"max_hp_per_floor":[70,70,70,70,70,70,70,70,70,70,70,70,70,70],"relic_stats":{"counters":[9,39],"obtain_stats":[{"Gremlin Food":8,"Ring of Misfortune":10,"reliquary:BallBearing":12,"reliquary:RosewoodLute":9,"ReplayTheSpireMod:Ring of Challenge":10,"Ring of the Snake":0,"Pocketwatch":6},{"Gremlin Food":7,"Ring of Misfortune":8,"reliquary:BallBearing":8,"reliquary:RosewoodLute":8,"ReplayTheSpireMod:Ring of Challenge":8,"Ring of the Snake":0,"Pocketwatch":5},{"Gremlin Food":32,"Ring of Misfortune":36,"reliquary:BallBearing":36,"reliquary:RosewoodLute":36,"ReplayTheSpireMod:Ring of Challenge":36,"Ring of the Snake":0,"Pocketwatch":25}],"Ring of the Snake":[18],"Pocketwatch":[12]},"card_choices":[{"not_picked":["Masterful Stab","Deadly Poison"],"picked":"jedi:collectorvenom","floor":1.0},{"not_picked":["Flying Knee","Dodge and Roll"],"picked":"Underhanded Strike","floor":3.0},{"not_picked":["Deadly Poison","Slice"],"picked":"hubris:Sniper","floor":4.0},{"not_picked":["PiercingWail","Bane"],"picked":"hubris:Sniper","floor":5.0},{"not_picked":["Dagger Throw","jedi:poisonivy"],"picked":"Storm of Steel","floor":6.0},{"not_picked":["Dagger Spray","Toxin Wave","Quick Slash"],"picked":"SKIP","floor":7.0},{"not_picked":["jedi:pocketpoison","conspire:PoisonWeapons"],"picked":"hubris:SlightOfHand","floor":8.0},{"not_picked":["Bane","Finisher"],"picked":"jedi:collectorvenom","floor":9}],"player_experience":321697,"relics_obtained":[{"floor":6.0,"key":"Pocketwatch"},{"floor":8.0,"key":"Gremlin Food"},{"floor":9,"key":"reliquary:RosewoodLute"},{"floor":10,"key":"ReplayTheSpireMod:Ring of Challenge"},{"floor":10,"key":"Ring of Misfortune"},{"floor":12,"key":"reliquary:BallBearing"}],"event_choices":[{"damage_healed":0.0,"max_hp_gain":0.0,"max_hp_loss":0.0,"gold_gain":0.0,"cards_transformed":["Strike_G"],"event_name":"Transmorgrifier","player_choice":"Transformed","floor":2.0,"gold_loss":0.0,"damage_taken":0.0,"cards_obtained":["hubris:TrickCloak"]}],"is_beta":false,"boss_relics":[],"items_purged_floors":[],"is_endless":false,"potions_floor_spawned":[3,4,6,7],"killed_by":"Gremlin Nob","ascension_level":0}}