{"host":"6xsbn6ynqlzwllfm","time":1613753480,"event":{"mods":["2.2 Compatiblity","BaseMod","Bestiary","Colored Map","Colored Powertips","Curses Come First","Highlight Path","Keyboard Shortcuts","Minty Spire (QoL Compilation)","Quick Restart","Relic Stats","Slay the Relics Exporter","StSLib","SuperFastMode"],"gold_per_floor":[119,119,30,47,59,59,76,76,76,105,105,125,160,201,201,294,294,318,318,318,243,243,243,243],"floor_reached":23,"language":"ENG","playtime":1103,"items_purged":[],"score":414,"play_id":"782618be-68fa-4c78-8db1-b467ed638d45","local_time":"20210219115120","is_ascension_mode":true,"campfire_choices":[{"floor":6,"key":"REST"},{"floor":8,"key":"REST"},{"floor":15,"key":"REST"}],"circlet_count":0,"master_deck":["AscendersBane","Strike_R","Strike_R","Strike_R","Defend_R","Defend_R","Defend_R","Defend_R","Bash+1","Rampage","Dropkick+1","Flame Barrier","Heavy Blade","Battle Trance","True Grit","Reaper","Shrug It Off","Shockwave","Disarm","Offering","J.A.X."],"relics":["Fusion Hammer","Sundial","StoneCalendar","Bloody Idol","WingedGreaves","Whetstone","Busted Crown","Nilry\u0027s Codex"],"acts_visited":["Exordium","TheCity"],"potions_floor_usage":[10,23,23],"damage_taken":[{"damage":9,"enemies":"Jaw Worm","floor":1,"turns":4},{"damage":7,"enemies":"Small Slimes","floor":4,"turns":4},{"damage":0,"enemies":"Cultist","floor":5,"turns":2},{"damage":16,"enemies":"Gremlin Gang","floor":7,"turns":5},{"damage":8,"enemies":"Gremlin Nob","floor":10,"turns":3},{"damage":0,"enemies":"Looter","floor":12,"turns":3},{"damage":18,"enemies":"Lagavulin","floor":13,"turns":7},{"damage":20,"enemies":"Gremlin Nob","floor":14,"turns":4},{"damage":10,"enemies":"The Guardian","floor":16,"turns":10},{"damage":6,"enemies":"3 Byrds","floor":18,"turns":3},{"damage":83,"enemies":"Gremlin Leader","floor":23,"turns":5}],"seed_played":"-8723404664276554419","potions_obtained":[{"floor":1,"key":"DuplicationPotion"},{"floor":12,"key":"Regen Potion"},{"floor":16,"key":"Swift Potion"}],"is_trial":false,"path_per_floor":["M","?","$","M","M","R","M","R","T","E","?","M","E","E","R","B",null,"M","?","?","?","?","E"],"character_chosen":"IRONCLAD","items_purchased":["Flame Barrier"],"campfire_rested":3,"item_purchase_floors":[3],"current_hp_per_floor":[59,59,59,52,52,74,58,75,75,67,41,47,33,18,40,36,65,68,68,47,47,47,0,0],"gold":243,"neow_bonus":"BOSS_RELIC","is_daily":false,"chose_seed":false,"campfire_upgraded":0,"win_rate":0.0,"timestamp":1613753480,"path_taken":["M","?","$","M","M","R","M","R","T","E","?","M","E","E","R","BOSS","M","?","?","?","?","E"],"items_purchased_type":["Card"],"build_version":"2020-12-22","purchased_purges":0,"victory":false,"max_hp_per_floor":[75,75,75,75,75,75,75,75,75,75,75,75,75,75,75,75,75,75,75,75,75,75,75,75],"relic_stats":{"Busted Crown":2,"counters":[11,50],"Sundial":[6],"Bloody Idol":0,"StoneCalendar":[76],"Whetstone":["Dropkick","Bash"],"obtain_stats":[{"Busted Crown":17,"Sundial":9,"Golden Idol":11,"Nilry\u0027s Codex":20,"Bloody Idol":19,"StoneCalendar":10,"Fusion Hammer":0,"WingedGreaves":13,"Whetstone":14,"Burning Blood":0},{"Busted Crown":9,"Sundial":4,"Golden Idol":5,"Nilry\u0027s Codex":10,"Bloody Idol":10,"StoneCalendar":5,"Fusion Hammer":0,"WingedGreaves":7,"Whetstone":8,"Burning Blood":0},{"Busted Crown":42,"Sundial":15,"Golden Idol":18,"Nilry\u0027s Codex":45,"Bloody Idol":45,"StoneCalendar":18,"Fusion Hammer":0,"WingedGreaves":28,"Whetstone":32,"Burning Blood":0}]},"card_choices":[{"not_picked":["Flex","Second Wind"],"picked":"Rampage","floor":1},{"not_picked":["Intimidate","Metallicize"],"picked":"Heavy Blade","floor":4},{"not_picked":["Bloodletting","Headbutt"],"picked":"Battle Trance","floor":5},{"not_picked":["Anger","Intimidate"],"picked":"True Grit","floor":7},{"not_picked":["Heavy Blade","Warcry"],"picked":"Reaper","floor":10},{"not_picked":["Metallicize","Clash"],"picked":"Shrug It Off","floor":12},{"not_picked":["Body Slam","Rage"],"picked":"Shockwave","floor":13},{"not_picked":["Armaments","Rupture"],"picked":"Disarm","floor":14},{"not_picked":["Bludgeon","Brutality"],"picked":"Offering","floor":16},{"not_picked":["Pummel"],"picked":"SKIP","floor":18}],"player_experience":1472617,"relics_obtained":[{"floor":9,"key":"Sundial"},{"floor":10,"key":"StoneCalendar"},{"floor":13,"key":"WingedGreaves"},{"floor":14,"key":"Whetstone"},{"floor":20,"key":"Nilry\u0027s Codex"}],"event_choices":[{"damage_healed":0,"gold_gain":0,"cards_transformed":["Strike_R"],"player_choice":"Change","damage_taken":0,"max_hp_gain":0,"max_hp_loss":0,"event_name":"Living Wall","floor":2,"gold_loss":0,"cards_obtained":["Dropkick"]},{"damage_healed":0,"gold_gain":0,"player_choice":"Take Damage","damage_taken":26,"relics_obtained":["Golden Idol"],"max_hp_gain":0,"max_hp_loss":0,"event_name":"Golden Idol","floor":11,"gold_loss":0},{"damage_healed":0,"gold_gain":0,"player_choice":"Gave Idol","damage_taken":0,"relics_obtained":["Bloody Idol"],"max_hp_gain":0,"max_hp_loss":0,"event_name":"Forgotten Altar","floor":19,"relics_lost":["Golden Idol"],"gold_loss":0},{"damage_healed":0,"gold_gain":0,"player_choice":"Obtained Book","damage_taken":21,"max_hp_gain":0,"max_hp_loss":0,"event_name":"Cursed Tome","floor":20,"gold_loss":0},{"cards_removed":["Strike_R"],"damage_healed":0,"gold_gain":0,"player_choice":"Gave Gold","damage_taken":0,"max_hp_gain":0,"max_hp_loss":0,"event_name":"Beggar","floor":21,"gold_loss":75},{"damage_healed":0,"gold_gain":0,"player_choice":"Obtain J.A.X.","damage_taken":0,"max_hp_gain":0,"max_hp_loss":0,"event_name":"Drug Dealer","floor":22,"gold_loss":0,"cards_obtained":["J.A.X."]}],"is_beta":false,"boss_relics":[{"not_picked":["Runic Cube","Ectoplasm"],"picked":"Busted Crown"}],"items_purged_floors":[],"is_endless":false,"potions_floor_spawned":[1,12,16],"killed_by":"Gremlin Leader","ascension_level":20}}