{"host":"ttx8tv95o5vka1nm","time":1613718813,"event":{"mods":["AchievementEnabler","BaseMod","Better Altar","Better Sensory Stone","Better Skull","Better Vampires","BetterRewards","Colored Map","Defuse TimeMaze Blight","Energized Spire","Evolution","Hubris","Infinite Spire","Minty Spire (QoL Compilation)","Relic Filter Mod","Relic Sorter","Reliquary","Replay The Spire","Shop Mod","Spicy Shops","StSLib","The Blue Laboratory","TheVacant","Wandering Minibosses"],"gold_per_floor":[118,118,136,148,148,175,175,202,254,254,254,280,230,61,61,165,165,120,135,6,21,21,46,46,80,80,80,80],"floor_reached":27,"language":"ENG","playtime":2196,"items_purged":["theVacant:VacantStarterStrike"],"score":392,"play_id":"39a0a2ca-9bdb-46ea-badd-b650e5f6b9bf","local_time":"20210219171333","is_ascension_mode":false,"campfire_choices":[{"data":"theVacant:SpiritOrb","floor":7,"key":"SMITH"},{"data":"theVacant:VoidEmbrace","floor":10,"key":"SMITH"},{"data":"theVacant:Release","floor":11,"key":"SMITH"},{"data":"theVacant:Crunch","floor":15,"key":"SMITH"},{"floor":24,"key":"REST"}],"circlet_count":0,"master_deck":["theVacant:EyePoke+1","theVacant:EyePoke+1","theVacant:VacantStarterDefend","theVacant:VacantStarterDefend","theVacant:VacantStarterDefend","theVacant:VacantStarterDefend","theVacant:Release+1","theVacant:Crunch+1","theVacant:Unearth+1","theVacant:Barrage+1","theVacant:SpiritOrb+1","theVacant:VoidEmbrace+1","theVacant:Gloom+1","theVacant:Spinshield+1","theVacant:BurdenBreak","theVacant:Jab","theVacant:Husk+1","theVacant:Anguish","theVacant:Anguish","theVacant:Yeet","theVacant:Dig+1"],"relics":["theVacant:BrassGoblet","EVO:Axolotl","WingedGreaves","Prayer Wheel","Bronze Scales","Quantum Egg","MerchantsRug","Guide Book","hubris:TerracottaHorce","reliquary:Sideboard","Bronze Scales","reliquary:SharkskinSheath","reliquary:RosewoodLute"],"acts_visited":["Exordium","TheCity"],"potions_floor_usage":[23],"damage_taken":[{"damage":0,"enemies":"Cultist","floor":1,"turns":3},{"damage":0,"enemies":"Jaw Worm","floor":3,"turns":5},{"damage":0,"enemies":"2 Louse","floor":4,"turns":2},{"damage":5,"enemies":"Gremlin Nob","floor":6,"turns":4},{"damage":6,"enemies":"3 Sentries","floor":8,"turns":9},{"damage":0,"enemies":"Replay:BlueRogue","floor":12,"turns":4},{"damage":32,"enemies":"Slime Boss","floor":16,"turns":10},{"damage":10,"enemies":"Spheric Guardian","floor":18,"turns":5},{"damage":18,"enemies":"2 Thieves","floor":19,"turns":3},{"damage":18,"enemies":"Centurion and Healer","floor":21,"turns":3},{"damage":7,"enemies":"Gremlin Leader","floor":23,"turns":4},{"damage":11,"enemies":"Replay:Snechameleon","floor":25,"turns":3},{"damage":29,"enemies":"Nightmare","floor":27,"turns":4}],"seed_played":"5714775199859558836","potions_obtained":[{"floor":1,"key":"LiquidBronze"},{"floor":4,"key":"blueLaboratory:HorrorPotion"},{"floor":8,"key":"blueLaboratory:ArtificerPotion"},{"floor":16,"key":"Elixir"},{"floor":21,"key":"AttackPotion"},{"floor":25,"key":"Toxic Potion"}],"is_trial":false,"path_per_floor":["M","?","M","M","?","E","R","E","T","R","R","E","?","$","R","B",null,"M","M","$","M","AVR","E","R","E","T","NM"],"character_chosen":"THE_VACANT","items_purchased":["MerchantsRug","Guide Book","theVacant:Anguish","theVacant:Yeet"],"campfire_rested":1,"item_purchase_floors":[14,14,20,20],"current_hp_per_floor":[80,80,80,80,64,59,59,53,53,53,53,53,53,53,53,21,65,55,37,37,19,19,12,36,25,25,0,0],"gold":80,"neow_bonus":"","is_daily":false,"chose_seed":false,"campfire_upgraded":4,"win_rate":0.0,"timestamp":1613718813,"path_taken":["M","?","M","M","?","E","R","E","T","R","R","E","?","$","R","BOSS","M","M","$","M","AVR","E","R","E","T","NM"],"items_purchased_type":["Relic","Relic","Card","Card"],"build_version":"2020-12-22","purchased_purges":1,"victory":false,"max_hp_per_floor":[80,80,80,80,80,80,80,80,80,80,80,80,80,80,80,80,80,80,80,80,80,80,80,80,80,80,80,80],"card_choices":[{"not_picked":["theVacant:BattleScars","theVacant:Throttle"],"picked":"theVacant:Unearth","floor":1},{"not_picked":["theVacant:EyePoke","theVacant:GraveDigger","theVacant:Soothe"],"picked":"SKIP","floor":3},{"not_picked":["theVacant:Cower","theVacant:Throttle"],"picked":"theVacant:Barrage","floor":4},{"not_picked":["theVacant:FiendFrost","theVacant:FranticBlow"],"picked":"theVacant:SpiritOrb","floor":6},{"not_picked":["theVacant:Unearth","theVacant:Enrage"],"picked":"theVacant:VoidEmbrace","floor":8},{"not_picked":["theVacant:Cower","theVacant:Fortify"],"picked":"theVacant:Gloom","floor":12},{"not_picked":["theVacant:LashOut","theVacant:CursedBlast"],"picked":"theVacant:Spinshield+1","floor":18},{"not_picked":["theVacant:ShriekingBlast","theVacant:Thoughtseize"],"picked":"theVacant:BurdenBreak","floor":18},{"not_picked":["theVacant:Sneeze","theVacant:Whip"],"picked":"theVacant:Jab","floor":19},{"not_picked":["theVacant:Fling+1","theVacant:Whip"],"picked":"theVacant:Husk+1","floor":19},{"not_picked":["theVacant:Fling+1","theVacant:Husk"],"picked":"theVacant:Dig+1","floor":21},{"not_picked":["theVacant:EyePoke","theVacant:GraveDigger","theVacant:Fling"],"picked":"SKIP","floor":21},{"not_picked":["theVacant:ReaperStrike","theVacant:Barrage"],"picked":"theVacant:ForgeSoul","floor":23},{"not_picked":["theVacant:WaitInWrath","theVacant:TimeSkip","theVacant:BurdenBreak"],"picked":"SKIP","floor":25}],"player_experience":804812,"relics_obtained":[{"floor":6,"key":"Chameleon Ring"},{"floor":8,"key":"Prayer Wheel"},{"floor":9,"key":"Bronze Scales"},{"floor":12,"key":"Quantum Egg"},{"floor":23,"key":"reliquary:SculptingSteel"},{"floor":25,"key":"reliquary:SharkskinSheath"},{"floor":26,"key":"reliquary:RosewoodLute"}],"event_choices":[{"damage_healed":0,"gold_gain":0,"player_choice":"Entered Light","damage_taken":16,"max_hp_gain":0,"max_hp_loss":0,"event_name":"Shining Light","floor":5,"gold_loss":0,"cards_upgraded":["theVacant:EyePoke","theVacant:Barrage"]},{"cards_removed":["theVacant:VacantStarterStrike"],"damage_healed":0,"gold_gain":0,"player_choice":"Card Removal","damage_taken":0,"max_hp_gain":0,"max_hp_loss":0,"event_name":"The Cleric","floor":13,"gold_loss":50}],"is_beta":false,"boss_relics":[{"not_picked":["energizedSpire:MagnifyingGlass","reliquary:Craggleroot"],"picked":"hubris:TerracottaHorce"}],"items_purged_floors":[22],"is_endless":false,"potions_floor_spawned":[1,4,8,16,21,25],"killed_by":"Nightmare","ascension_level":0}}