{"host":"vyjryxuuuxkt43k4","time":1613746852,"event":{"mods":["AchievementEnabler","BaseMod","Colored Map","DeckTracker","Keyboard Shortcuts","Minty Spire (QoL Compilation)","Permanent Neow","Quick Restart","StSLib","SuperFastMode","everything is the same but u backflip on backflip"],"gold_per_floor":[18,36,60,6,81,81,231,241,241,241,49,49,81,81,81,156,156,171,171,198,208,53,53,53,63,63,63,63,73,103,120,120,192,192,210,210,432,432,446,480,480,507,534,534,569,100,100,100],"floor_reached":47,"language":"KOR","playtime":1701,"items_purged":["Doubt"],"score":1225,"play_id":"fe74483e-4129-4d13-97d5-249997338751","local_time":"20210220000052","is_ascension_mode":true,"campfire_choices":[{"data":"Inflame","floor":6.0,"key":"SMITH"},{"data":"Spot Weakness","floor":10.0,"key":"SMITH"},{"data":"Pummel","floor":12.0,"key":"SMITH"},{"data":"Sword Boomerang","floor":15.0,"key":"SMITH"},{"data":"Exhume","floor":23.0,"key":"SMITH"},{"data":"Offering","floor":28.0,"key":"SMITH"},{"data":"Corruption","floor":32.0,"key":"SMITH"},{"data":"Burning Pact","floor":41.0,"key":"SMITH"},{"data":"Heavy Blade","floor":44.0,"key":"SMITH"}],"circlet_count":0,"master_deck":["AscendersBane","Strike_R","Defend_R","Defend_R","Defend_R","Defend_R","Bash","Inflame+1","Spot Weakness+1","Flame Barrier","Battle Trance","Pummel+1","Sword Boomerang+1","Offering+1","Heavy Blade+1","RitualDagger","Exhume+1","Immolate","Feel No Pain","Corruption+1","Shrug It Off","Demon Form","Violence","Finesse","Burning Pact+1","Heavy Blade+1","Dark Embrace","Second Wind"],"relics":["Burning Blood","Akabeko","Bronze Scales","Vajra","Mercury Hourglass","Sozu","Red Mask","Blue Candle","Unceasing Top","Anchor","Empty Cage","Darkstone Periapt","Omamori","CeramicFish","Dead Branch"],"acts_visited":["Exordium","TheCity","TheBeyond"],"potions_floor_usage":[],"damage_taken":[{"damage":7.0,"enemies":"Cultist","floor":1.0,"turns":4.0},{"damage":17.0,"enemies":"Small Slimes","floor":2.0,"turns":5.0},{"damage":9.0,"enemies":"Jaw Worm","floor":8.0,"turns":4.0},{"damage":8.0,"enemies":"Gremlin Nob","floor":13.0,"turns":3.0},{"damage":5.0,"enemies":"The Guardian","floor":16.0,"turns":8.0},{"damage":0.0,"enemies":"Chosen","floor":18.0,"turns":3.0},{"damage":0.0,"enemies":"Masked Bandits","floor":20.0,"turns":3.0},{"damage":6.0,"enemies":"2 Thieves","floor":21.0,"turns":2.0},{"damage":7.0,"enemies":"Centurion and Healer","floor":25.0,"turns":2.0},{"damage":6.0,"enemies":"Snecko","floor":29.0,"turns":1.0},{"damage":25.0,"enemies":"Slavers","floor":30.0,"turns":2.0},{"damage":12.0,"enemies":"Snake Plant","floor":31.0,"turns":1.0},{"damage":22.0,"enemies":"Automaton","floor":33.0,"turns":6.0},{"damage":12.0,"enemies":"Orb Walker","floor":35.0,"turns":1.0},{"damage":9.0,"enemies":"3 Shapes","floor":39.0,"turns":4.0},{"damage":6.0,"enemies":"Nemesis","floor":40.0,"turns":3.0},{"damage":12.0,"enemies":"Giant Head","floor":42.0,"turns":4.0},{"damage":36.0,"enemies":"Nemesis","floor":45.0,"turns":5.0},{"damage":12,"enemies":"3 Darklings","floor":47,"turns":1}],"seed_played":"2778147556731728461","potions_obtained":[{"floor":13.0,"key":"ColorlessPotion"},{"floor":16.0,"key":"SkillPotion"}],"is_trial":false,"path_per_floor":["M","M","T","$","?","R","?","M","T","R","$","R","E","T","R","B",null,"M","?","?","M","$","R","?","M","T","T","R","M","E","M","R","B",null,"M","?","?","?","M","E","R","E","T","R","E","$","M"],"character_chosen":"IRONCLAD","items_purchased":["BlessingOfTheForge","Battle Trance","Pummel","Exhume","Dead Branch","Dark Embrace","Second Wind"],"campfire_rested":0,"item_purchase_floors":[4,11,11,22,46,46,46],"current_hp_per_floor":[67,56,56,56,45,45,45,42,42,42,42,42,40,40,40,41,67,73,67,73,73,73,73,73,72,72,72,72,72,53,47,47,31,64,58,48,48,48,45,45,45,39,39,39,9,9,0,0],"gold":100,"neow_bonus":"REMOVE_TWO","is_daily":false,"chose_seed":false,"campfire_upgraded":9,"win_rate":0.0,"timestamp":1613746852,"path_taken":["M","M","?","$","?","R","?","?","T","R","$","R","E","?","R","BOSS","M","?","?","M","$","R","?","M","T","?","R","M","E","M","R","BOSS","M","?","?","?","M","E","R","E","T","R","E","$","M"],"items_purchased_type":["Potion","Card","Card","Card","Relic","Card","Card"],"build_version":"2020-12-22","purchased_purges":1,"victory":false,"max_hp_per_floor":[75,75,75,75,75,75,75,75,75,75,75,75,75,75,75,75,75,75,75,75,75,75,75,75,75,75,75,75,75,75,75,75,75,75,75,75,75,75,75,75,75,75,75,75,75,75,75,75],"card_choices":[{"not_picked":["Pommel Strike","Twin Strike"],"picked":"Inflame","floor":1.0},{"not_picked":["Flex","Rampage"],"picked":"Spot Weakness","floor":2.0},{"not_picked":["Armaments","Flex"],"picked":"Flame Barrier","floor":8.0},{"not_picked":["Body Slam","Wild Strike"],"picked":"Sword Boomerang","floor":13.0},{"not_picked":["Demon Form","Reaper"],"picked":"Offering","floor":16.0},{"not_picked":["Headbutt","Flex"],"picked":"Heavy Blade","floor":18.0},{"not_picked":["Wild Strike","Sword Boomerang","Iron Wave"],"picked":"SKIP","floor":21.0},{"not_picked":["Bludgeon","Havoc","Warcry"],"picked":"SKIP","floor":25.0},{"not_picked":["Entrench","Power Through"],"picked":"Feel No Pain","floor":29.0},{"not_picked":["Shrug It Off","Uppercut"],"picked":"Corruption","floor":30.0},{"not_picked":["True Grit","Reckless Charge"],"picked":"Shrug It Off","floor":31.0},{"not_picked":["Feed","Immolate"],"picked":"Demon Form","floor":33.0},{"not_picked":["Searing Blow","Twin Strike","Rage"],"picked":"SKIP","floor":35.0},{"not_picked":["Jack Of All Trades","Dark Shackles"],"picked":"Violence","floor":36.0},{"not_picked":["Flash of Steel","Impatience"],"picked":"Finesse","floor":36.0},{"not_picked":["Mayhem","HandOfGreed"],"picked":"Blind","floor":36.0},{"not_picked":["Anger","Flex","Pommel Strike"],"picked":"SKIP","floor":39.0},{"not_picked":["Disarm+1","Metallicize"],"picked":"Burning Pact","floor":40.0},{"not_picked":["Body Slam","Combust+1","Pommel Strike"],"picked":"SKIP","floor":42.0},{"not_picked":["Fire Breathing","Iron Wave"],"picked":"Heavy Blade+1","floor":45.0}],"player_experience":1047515,"relics_obtained":[{"floor":3.0,"key":"Akabeko"},{"floor":9.0,"key":"Bronze Scales"},{"floor":13.0,"key":"Vajra"},{"floor":14.0,"key":"Mercury Hourglass"},{"floor":20.0,"key":"Red Mask"},{"floor":26.0,"key":"Blue Candle"},{"floor":27.0,"key":"Unceasing Top"},{"floor":30.0,"key":"Anchor"},{"floor":40.0,"key":"Darkstone Periapt"},{"floor":42.0,"key":"Omamori"},{"floor":45.0,"key":"CeramicFish"}],"event_choices":[{"damage_healed":0.0,"max_hp_gain":0.0,"max_hp_loss":0.0,"gold_gain":75.0,"event_name":"World of Goop","player_choice":"Gather Gold","floor":5.0,"gold_loss":0.0,"damage_taken":11.0},{"damage_healed":0.0,"max_hp_gain":0.0,"max_hp_loss":0.0,"gold_gain":150.0,"event_name":"Liars Game","player_choice":"AGREE","floor":7.0,"gold_loss":0.0,"damage_taken":0.0,"cards_obtained":["Doubt"]},{"damage_healed":0.0,"max_hp_gain":0.0,"max_hp_loss":0.0,"gold_gain":0.0,"event_name":"Nest","player_choice":"Joined the Cult","floor":19.0,"gold_loss":0.0,"damage_taken":6.0,"cards_obtained":["RitualDagger"]},{"damage_healed":0.0,"max_hp_gain":0.0,"max_hp_loss":0.0,"gold_gain":0.0,"event_name":"Masked Bandits","player_choice":"Fought Bandits","floor":20.0,"gold_loss":0.0,"damage_taken":0.0},{"damage_healed":0.0,"max_hp_gain":0.0,"max_hp_loss":0.0,"gold_gain":0.0,"event_name":"The Library","player_choice":"Read","floor":24.0,"gold_loss":0.0,"damage_taken":0.0,"cards_obtained":["Immolate"]},{"damage_healed":0.0,"max_hp_gain":0.0,"max_hp_loss":0.0,"gold_gain":0.0,"event_name":"SensoryStone","player_choice":"Memory 3","floor":36.0,"gold_loss":0.0,"damage_taken":10.0},{"damage_healed":0.0,"max_hp_gain":0.0,"max_hp_loss":0.0,"gold_gain":222.0,"event_name":"Tomb of Lord Red Mask","player_choice":"Wore Mask","floor":37.0,"gold_loss":0.0,"damage_taken":0.0},{"cards_removed":["Blind"],"damage_healed":0.0,"max_hp_gain":0.0,"max_hp_loss":0.0,"gold_gain":0.0,"event_name":"Falling","player_choice":"Removed Skill","floor":38.0,"gold_loss":0.0,"damage_taken":0.0}],"is_beta":false,"boss_relics":[{"not_picked":["Runic Pyramid","Philosopher\u0027s Stone"],"picked":"Sozu"},{"not_picked":["Velvet Choker","Calling Bell"],"picked":"Empty Cage"}],"items_purged_floors":[11],"is_endless":false,"potions_floor_spawned":[13,16,18,25,30,39,42,45],"killed_by":"3 Darklings","ascension_level":20}}