{"host":"ygr55oy7qe9vv2jr","time":1613728113,"event":{"mods":["BaseMod","Better Third Choice","Downfall","Minty Spire (QoL Compilation)","Replay The Spire","StSLib"],"gold_per_floor":[99,129,129,129,129,157,157,157,185,185,195,227,227,227,243,348,448,448,468,483,501,501,501,501,532,467,499,499,518,546,564,577,675,675,675,685,699,719,596,612,612,312,332,332,332,360,360,392,408,408,408,438,438,438,438,438],"floor_reached":57,"language":"ENG","playtime":4109,"items_purged":["bronze:Strike","bronze:Strike"],"score":1584,"play_id":"e17de7e8-8cf1-4ca6-87f9-415811a65b28","local_time":"20210219034833","is_ascension_mode":true,"campfire_choices":[{"data":"bronze:Replicate","floor":1,"key":"SMITH"},{"data":"bronze:SpaghettiCode","floor":13,"key":"SMITH"},{"data":"bronze:Spike","floor":18,"key":"SMITH"},{"data":"bronze:Deprecate","floor":28,"key":"SMITH"},{"floor":35,"key":"RECALL"},{"data":"bronze:Constructor","floor":42,"key":"SMITH"},{"data":"bronze:Boost","floor":44,"key":"SMITH"},{"floor":54,"key":"REST"}],"circlet_count":0,"master_deck":["bronze:Defend","bronze:Defend","bronze:Defend","bronze:Defend","bronze:Overload","m_BronzeAgony+1","m_BronzeSurvivor","bronze:Flail","bronze:ChosenStrike","bronze:Separator","bronze:SpaghettiCode+1","bronze:Spike+1","bronze:Repair","bronze:Verify","bronze:Deprecate+1","bronze:Deprecate+1","bronze:FollowUp","bronze:Constructor+1","bronze:Fortify+1","bronze:Boost+1","bronze:Repair","bronze:Fortify+1"],"relics":["bronze:BronzeCore","downfall:HeartsMalice","Juzu Bracelet","Pantograph","The Courier","Divine Protection","Smiling Mask","Replay:Grab Bag","Replay:Wanted Poster","Painkiller Herb","Snecko Heart","Tiny Chest","Replay:Rubber Ducky","bronze:ProtectiveGoggles","Darkstone Periapt","bronze:ElectromagneticCoil","downfall:HeartBlessingRed","downfall:HeartBlessingGreen","downfall:HeartBlessingBlue","Orichalcum","Regal Pillow","Counterbalance"],"acts_visited":["TheCity","TheBeyond","TheEnding"],"potions_floor_usage":[16,49,50,56],"damage_taken":[{"damage":0,"enemies":"Small Slimes","floor":5,"turns":1},{"damage":0,"enemies":"Replay:BlueRogue","floor":6,"turns":1},{"damage":0,"enemies":"Cultist","floor":8,"turns":1},{"damage":7,"enemies":"3 Sentries","floor":9,"turns":6},{"damage":4,"enemies":"3 Sentries","floor":10,"turns":4},{"damage":0,"enemies":"2 Louse","floor":11,"turns":5},{"damage":9,"enemies":"Replay:BlueRogue","floor":12,"turns":4},{"damage":0,"enemies":"downfall:LooterAlt","floor":15,"turns":3},{"damage":2,"enemies":"SI_SHIV_ARCHETYPE","floor":16,"turns":11},{"damage":4,"enemies":"Shell Parasite","floor":19,"turns":3},{"damage":0,"enemies":"Chosen","floor":20,"turns":3},{"damage":0,"enemies":"Centurion and Healer","floor":21,"turns":5},{"damage":0,"enemies":"Gremlin Leader","floor":25,"turns":5},{"damage":0,"enemies":"downfall:FleeingMerchant","floor":26,"turns":4},{"damage":7,"enemies":"Slavers","floor":27,"turns":3},{"damage":0,"enemies":"Chosen and Byrds","floor":29,"turns":4},{"damage":7,"enemies":"Replay:Snechameleon","floor":30,"turns":5},{"damage":0,"enemies":"Cultist and Chosen","floor":31,"turns":5},{"damage":0,"enemies":"Snake Plant","floor":32,"turns":6},{"damage":0,"enemies":"DF_ARCHETYPE_CLAW","floor":33,"turns":9},{"damage":0,"enemies":"Orb Walker","floor":36,"turns":3},{"damage":2,"enemies":"3 Darklings","floor":37,"turns":4},{"damage":21,"enemies":"Writhing Mass","floor":38,"turns":6},{"damage":0,"enemies":"downfall:FleeingMerchant","floor":39,"turns":4},{"damage":0,"enemies":"Jaw Worm Horde","floor":40,"turns":5},{"damage":0,"enemies":"3 Darklings","floor":43,"turns":3},{"damage":4,"enemies":"R_Hoarder","floor":46,"turns":7},{"damage":0,"enemies":"Nemesis","floor":48,"turns":5},{"damage":0,"enemies":"Writhing Mass","floor":49,"turns":6},{"damage":0,"enemies":"IC_BLOCK_ARCHETYPE","floor":50,"turns":12},{"damage":21,"enemies":"downfall:CharBossMerchant","floor":52,"turns":7},{"damage":0,"enemies":"downfall:NeowBoss","floor":55,"turns":18},{"damage":36,"enemies":"downfall:NeowBossFinal","floor":56,"turns":16}],"seed_played":"4152410957645696965","potions_obtained":[{"floor":9,"key":"Reflective Coating"},{"floor":11,"key":"FearPotion"},{"floor":12,"key":"AttackPotion"},{"floor":21,"key":"Energy Potion"},{"floor":32,"key":"Flashbang"},{"floor":46,"key":"Flashbang"}],"is_trial":false,"path_per_floor":["R","?","?","?","M","E","T","M","E","?","M","E","R","?","M","B",null,"T","?","?","?","?","?","T","E","T","E","T","?","E","?","?","B",null,"T","?","?","?","T","?","T","T","?","T","?","E","?","E","?","B",null,"E","T","T","B","B",null],"character_chosen":"THE_AUTOMATON","items_purchased":["bronze:Boost"],"campfire_rested":1,"item_purchase_floors":[39],"current_hp_per_floor":[70,70,70,70,70,70,70,70,63,59,66,61,61,61,68,68,70,70,70,70,70,70,57,57,64,64,64,64,71,68,75,75,75,75,75,75,73,59,66,73,73,83,83,83,83,81,81,85,85,85,85,64,64,85,85,63],"gold":438,"neow_bonus":"THREE_ENEMY_KILL","is_daily":false,"chose_seed":false,"campfire_upgraded":6,"win_rate":0.0,"timestamp":1613728113,"path_taken":["R","?","?","?","M","E","T","M","E","?","M","E","R","?","M","BOSS","T","?","?","?","?","?","T","E","T","E","T","?","E","?","?","BOSS","T","?","?","?","T","?","T","T","?","T","?","E","?","E","?","BOSS","E","T","T","BOSS","BOSS"],"items_purchased_type":["Card"],"build_version":"2020-12-22","purchased_purges":2,"victory":true,"max_hp_per_floor":[70,70,70,70,70,70,70,70,70,70,70,70,70,70,70,70,70,70,70,70,70,70,75,75,75,75,75,75,75,75,75,75,75,75,75,75,75,75,75,75,75,85,85,85,85,85,85,85,85,85,85,85,85,85,85,85],"card_choices":[{"not_picked":["bronze:Invalidate","bronze:BugBarrage"],"picked":"bronze:Flail","floor":5},{"not_picked":["bronze:Return","bronze:DelayedSlice"],"picked":"bronze:ChosenStrike","floor":6},{"not_picked":["bronze:WildBeam","bronze:CloningBeam"],"picked":"bronze:Separator","floor":8},{"not_picked":["bronze:GetLatest","bronze:Invalidate"],"picked":"bronze:SpaghettiCode","floor":9},{"not_picked":[],"picked":"bronze:Spike","floor":10},{"not_picked":["bronze:Shield","bronze:DelayedSlice"],"picked":"bronze:Repair","floor":10},{"not_picked":["bronze:WildBeam","bronze:Philosophize","bronze:AlphaBuild"],"picked":"SKIP","floor":11},{"not_picked":["bronze:Overheat","bronze:Constructor","bronze:Iterate"],"picked":"SKIP","floor":12},{"not_picked":["bronze:CutThrough","bronze:Iterate","bronze:FineTuning"],"picked":"SKIP","floor":15},{"not_picked":["bronze:ShipIt","bronze:SpaghettiCode"],"picked":"bronze:Verify","floor":16},{"not_picked":["bronze:OilSpill+1","bronze:Overload"],"picked":"bronze:Deprecate","floor":19},{"not_picked":["bronze:Constructor","bronze:Backtrace"],"picked":"bronze:Deprecate+1","floor":20},{"not_picked":["bronze:DelayedSlice","bronze:Optimize","bronze:BitShift"],"picked":"SKIP","floor":21},{"not_picked":["bronze:NullPointer","bronze:Return","bronze:WhirlingStrike"],"picked":"SKIP","floor":25},{"not_picked":["bronze:Iterate","bronze:Optimize","bronze:DelayedGuard"],"picked":"SKIP","floor":26},{"not_picked":["bronze:CloningBeam","bronze:BugBarrage","bronze:Repair+1"],"picked":"SKIP","floor":27},{"not_picked":["bronze:Invalidate","bronze:Constructor"],"picked":"bronze:FollowUp","floor":29},{"not_picked":["bronze:BugBarrage","bronze:ForLoop","bronze:Branch"],"picked":"SKIP","floor":30},{"not_picked":["bronze:ClassDefault","bronze:DigitalCarnage"],"picked":"bronze:Constructor","floor":31},{"not_picked":["bronze:ClassDefault","bronze:Optimize","bronze:WhirlingStrike+1"],"picked":"SKIP","floor":32},{"not_picked":["bronze:Separator","bronze:Turbo+1","bronze:Constructor"],"picked":"SKIP","floor":36},{"not_picked":["bronze:BugBarrage+1","bronze:Separator","bronze:Shield"],"picked":"SKIP","floor":37},{"not_picked":["bronze:Hardcode","bronze:CloningBeam+1"],"picked":"bronze:Fortify+1","floor":38},{"not_picked":["bronze:ClassDefault","bronze:OilSpill+1","bronze:BuggyMess"],"picked":"SKIP","floor":39},{"not_picked":["bronze:FollowUp","bronze:Return+1","bronze:DelayedGuard"],"picked":"SKIP","floor":40},{"not_picked":["bronze:BitShift","bronze:ForLoop","bronze:WhirlingStrike+1"],"picked":"SKIP","floor":43},{"not_picked":["bronze:DelayedGuard+1","bronze:Return+1","bronze:CloningBeam+1"],"picked":"SKIP","floor":46},{"not_picked":["bronze:DelayedSlice+1","bronze:BuggyMess+1"],"picked":"bronze:Fortify+1","floor":48},{"not_picked":["bronze:WildBeam+1","bronze:MaxOutput","bronze:Branch"],"picked":"SKIP","floor":49},{"not_picked":["bronze:WhirlingStrike+1","bronze:ChildClass+1","bronze:AlphaBuild"],"picked":"SKIP","floor":52}],"player_experience":827054,"relics_obtained":[{"floor":6,"key":"Pantograph"},{"floor":7,"key":"The Courier"},{"floor":9,"key":"Divine Protection"},{"floor":12,"key":"Smiling Mask"},{"floor":24,"key":"Tiny Chest"},{"floor":25,"key":"Replay:Rubber Ducky"},{"floor":27,"key":"bronze:ProtectiveGoggles"},{"floor":30,"key":"Darkstone Periapt"},{"floor":46,"key":"Orichalcum"},{"floor":48,"key":"Regal Pillow"},{"floor":52,"key":"Counterbalance"}],"event_choices":[{"damage_healed":0,"gold_gain":0,"player_choice":"Ignored","damage_taken":0,"max_hp_gain":0,"max_hp_loss":0,"event_name":"Vampires","floor":22,"gold_loss":0}],"is_beta":false,"boss_relics":[{"not_picked":["Honey Jar","bronze:MakeshiftBattery"],"picked":"Replay:Grab Bag"},{"not_picked":["Fusion Hammer","Cursed Key"],"picked":"Replay:Wanted Poster"},{"not_picked":["Runic Dome","Velvet Choker"],"picked":"Painkiller Herb"},{"not_picked":["Ring of Chaos","Pandora\u0027s Box"],"picked":"Snecko Heart"},{"not_picked":["Snecko Eye","Sozu"],"picked":"bronze:ElectromagneticCoil"}],"items_purged_floors":[26,39],"is_endless":false,"potions_floor_spawned":[9,11,12,15,21,25,29,31,32,43,46,48],"ascension_level":3}}