{"host":"i627ldzjvyz252sa","time":1613758463,"event":{"mods":["BaseMod","Colored Map","Curses Come First","Hubris","Infinite Spire","Minty Spire (QoL Compilation)","Replay The Spire","StSLib","The Bug Knight","The Runesmith"],"gold_per_floor":[118,129,204,204,154,154,171,171,171,171,199,199,221,242,242,355,355,468,498,498,498,498],"floor_reached":21,"language":"ENG","playtime":1698,"items_purged":[],"score":179,"play_id":"cf8af6d5-41cb-456d-b4a2-0fd81376adda","local_time":"20210219101423","is_ascension_mode":false,"campfire_choices":[{"data":"Hidden Blade","floor":6.0,"key":"SMITH"},{"data":"hubris:Counter","floor":8.0,"key":"SMITH"},{"floor":12.0,"key":"REST"},{"floor":15.0,"key":"REST"}],"circlet_count":0,"master_deck":["Strike_G","Strike_G","Strike_G","Strike_G","Defend_G","Defend_G","Defend_G","Defend_G","Defend_G","Survivor","Neutralize","Hidden Blade+1","hubris:Counter+1","Poisoned Stab","Dagger Throw","After Image","Bouncing Flask","Toxin Wave+1"],"relics":["Ring of the Snake","hubris:SlimyHat","Ornamental Fan","hubris:Icosahedron","infinitespire:Midas Blood","Honey Jar","WristBlade"],"acts_visited":["Exordium","TheCity"],"potions_floor_usage":[],"damage_taken":[{"damage":0.0,"enemies":"Cultist","floor":1.0,"turns":4.0},{"damage":0.0,"enemies":"Jaw Worm","floor":2.0,"turns":5.0},{"damage":0.0,"enemies":"Small Slimes","floor":7.0,"turns":3.0},{"damage":34.0,"enemies":"3 Sentries","floor":11.0,"turns":12.0},{"damage":1.0,"enemies":"Blue Slaver","floor":13.0,"turns":4.0},{"damage":2.0,"enemies":"2 Fungi Beasts","floor":14.0,"turns":3.0},{"damage":71.0,"enemies":"Fading Forest","floor":16.0,"turns":11.0},{"damage":2.0,"enemies":"Shell Parasite","floor":18.0,"turns":7.0},{"damage":15.0,"enemies":"3 Byrds","floor":19.0,"turns":6.0},{"damage":0,"enemies":"Centurion and Healer","floor":21,"turns":1}],"seed_played":"6626922639296050756","potions_obtained":[{"floor":1.0,"key":"Strength Potion"},{"floor":11.0,"key":"SkillPotion"},{"floor":16.0,"key":"PowerPotion"},{"floor":18.0,"key":"Death Potion"}],"is_trial":false,"path_per_floor":["M","M","?","?","?","R","M","R","T","?","E","R","M","M","R","B",null,"M","M","AVR","M"],"character_chosen":"THE_SILENT","items_purchased":[],"campfire_rested":2,"item_purchase_floors":[],"current_hp_per_floor":[77,77,66,66,66,66,66,66,66,66,32,55,54,52,75,14,77,75,60,60,60,60],"gold":498,"neow_bonus":"TEN_PERCENT_HP_BONUS","is_daily":false,"chose_seed":false,"campfire_upgraded":2,"win_rate":0.0,"timestamp":1613758463,"path_taken":["M","M","?","?","?","R","M","R","T","?","E","R","?","M","R","BOSS","M","M","AVR","M"],"items_purchased_type":[],"build_version":"2020-12-22","purchased_purges":0,"victory":false,"max_hp_per_floor":[77,77,77,77,77,77,77,77,77,77,77,77,77,77,77,77,77,77,77,77,77,77],"card_choices":[{"not_picked":["Leg Sweep","Dash","Tactician"],"picked":"SKIP","floor":1.0},{"not_picked":["Outmaneuver","ReplayTheSpireMod:Exploit Weakness"],"picked":"Hidden Blade","floor":2.0},{"not_picked":["hubris:SlightOfHand","Deflect"],"picked":"hubris:Counter","floor":7.0},{"not_picked":["hubris:SlightOfHand","Backflip","Flying Knee"],"picked":"SKIP","floor":11.0},{"not_picked":["Sneak Up","Dagger Throw"],"picked":"Poisoned Stab","floor":13.0},{"not_picked":["hubris:SlightOfHand","Crippling Poison"],"picked":"Dagger Throw","floor":14.0},{"not_picked":["Tools of the Trade","Malaise"],"picked":"After Image","floor":16.0},{"not_picked":["Escape Plan+1","Flying Knee","Caltrops"],"picked":"Bouncing Flask","floor":18.0},{"not_picked":["Flying Knee","ReplayTheSpireMod:Scrap Shanks+1","Backflip"],"picked":"Toxin Wave+1","floor":19.0}],"player_experience":150216,"relics_obtained":[{"floor":4.0,"key":"hubris:SlimyHat"},{"floor":9.0,"key":"Ornamental Fan"},{"floor":11.0,"key":"infinitespire:Midas Blood"}],"event_choices":[{"damage_healed":0.0,"max_hp_gain":0.0,"max_hp_loss":0.0,"gold_gain":75.0,"event_name":"World of Goop","player_choice":"Gather Gold","floor":3.0,"gold_loss":0.0,"damage_taken":11.0},{"cards_removed":["Strike_G"],"damage_healed":0.0,"max_hp_gain":0.0,"max_hp_loss":0.0,"gold_gain":0.0,"event_name":"The Cleric","player_choice":"Card Removal","floor":5.0,"gold_loss":50.0,"damage_taken":0.0}],"is_beta":false,"boss_relics":[{"not_picked":["Pandora\u0027s Box","hubris:CrackedHourglass"],"picked":"Honey Jar"}],"items_purged_floors":[],"is_endless":false,"potions_floor_spawned":[1,11,16,18],"killed_by":"Centurion and Healer","ascension_level":0}}