{"host":"i0m6ffz3lpe3z1ky","time":1613743396,"event":{"mods":["Aspiration","BaseMod","Bestiary","BetterRewards","Colored Map","Conspire","Energized Spire","Highlight Path","Hubris","Ironclad Rager","Minty Spire (QoL Compilation)","Quick Restart","Reliquary","Shop Mod","Spicy Shops","StSLib","Thieving Mod"],"gold_per_floor":[112,128,128,148,9,9,40,50,50,76,76,105,122,139,139,243,243,257,257,53,67,83,111,127,158,231,262,272,272,272,324,324,428,428,448,463,363,172,201,227,239,265,291,305,305,155,181,181,181,181,181,181,25,59,59],"floor_reached":56,"language":"KOR","playtime":3050,"items_purged":["Strike_R","Defend_R","Defend_R","Strike_R"],"score":2173,"play_id":"8aff2985-a742-47eb-8ec3-1b0c0bdce3d7","local_time":"20210219230316","is_ascension_mode":true,"campfire_choices":[{"data":"Rampage","floor":6.0,"key":"SMITH"},{"data":"Havoc","floor":11.0,"key":"SMITH"},{"data":"Shrug It Off","floor":15.0,"key":"SMITH"},{"data":"Double Tap","floor":30.0,"key":"SMITH"},{"floor":32.0,"key":"RECALL"},{"data":"Shrug It Off","floor":45.0,"key":"SMITH"},{"data":"Good Instincts","floor":49.0,"key":"SMITH"},{"data":"Bash","floor":52.0,"key":"SMITH"}],"circlet_count":0,"master_deck":["Strike_R","Strike_R","Strike_R","Defend_R","Bash+1","Rampage+1","hubris:StunningStrike","Double Tap+1","Shrug It Off+1","Good Instincts+1","Shrug It Off+1","Pommel Strike+1"],"relics":["Burning Blood","TheAbacus","Membership Card","Sling","hubris:TenFootPole","hubris:PeanutButter","StoneCalendar","reliquary:Firecrackers","Pear","reliquary:Spinner","hubris:OldNail","Centennial Puzzle","hubris:Reverence","aspiration:AnachronicSnailShell","Blood Vial","Runic Pyramid","Medical Kit","reliquary:Stiletto","reliquary:WeakTea","reliquary:Knoch","Toy Ornithopter","hubris:Icosahedron","Red Skull","conspire:SpecialSausage","reliquary:BrokenClock","reliquary:FingerTrap","Happy Flower","conspire:TopHat","reliquary:GummyVitamins","aspiration:FrozenJewel","Omamori","Anchor","reliquary:PorcupineQuills","reliquary:CitrusReamer","reliquary:RoseTintedGlasses","Bag of Preparation","Lantern","hubris:MysteriousPyramids"],"acts_visited":["Exordium","TheCity","TheBeyond","TheEnding"],"potions_floor_usage":[],"damage_taken":[{"damage":0.0,"enemies":"2 Louse","floor":1.0,"turns":3.0},{"damage":0.0,"enemies":"Cultist","floor":2.0,"turns":3.0},{"damage":0.0,"enemies":"Small Slimes","floor":4.0,"turns":4.0},{"damage":26.0,"enemies":"3 Sentries","floor":7.0,"turns":7.0},{"damage":18.0,"enemies":"Exordium Thugs","floor":8.0,"turns":4.0},{"damage":0.0,"enemies":"Lagavulin","floor":10.0,"turns":7.0},{"damage":7.0,"enemies":"3 Sentries","floor":12.0,"turns":7.0},{"damage":0.0,"enemies":"Large Slime","floor":13.0,"turns":4.0},{"damage":0.0,"enemies":"Blue Slaver","floor":14.0,"turns":3.0},{"damage":0.0,"enemies":"The Guardian","floor":16.0,"turns":9.0},{"damage":0.0,"enemies":"Chosen","floor":18.0,"turns":3.0},{"damage":0.0,"enemies":"3 Byrds","floor":21.0,"turns":5.0},{"damage":0.0,"enemies":"Shelled Parasite and Fungi","floor":22.0,"turns":4.0},{"damage":0.0,"enemies":"conspire:SneckoGhost","floor":23.0,"turns":5.0},{"damage":0.0,"enemies":"Snake Plant","floor":24.0,"turns":4.0},{"damage":0.0,"enemies":"Book of Stabbing","floor":25.0,"turns":4.0},{"damage":4.0,"enemies":"Slavers","floor":27.0,"turns":4.0},{"damage":0.0,"enemies":"Sentry and Sphere","floor":28.0,"turns":4.0},{"damage":0.0,"enemies":"Automaton","floor":33.0,"turns":7.0},{"damage":0.0,"enemies":"3 Shapes","floor":35.0,"turns":4.0},{"damage":0.0,"enemies":"3 Darklings","floor":36.0,"turns":4.0},{"damage":0.0,"enemies":"conspire:MimicChest","floor":39.0,"turns":4.0},{"damage":0.0,"enemies":"Giant Head","floor":40.0,"turns":5.0},{"damage":0.0,"enemies":"Sphere and 2 Shapes","floor":41.0,"turns":3.0},{"damage":0.0,"enemies":"Reptomancer","floor":42.0,"turns":4.0},{"damage":0.0,"enemies":"4 Shapes","floor":44.0,"turns":3.0},{"damage":0.0,"enemies":"hubris:GrandSnecko","floor":50.0,"turns":4.0},{"damage":0.0,"enemies":"Shield and Spear","floor":54.0,"turns":2.0},{"damage":0,"enemies":"The Heart","floor":55,"turns":4}],"seed_played":"-7275403642665365804","potions_obtained":[{"floor":1.0,"key":"ColorlessPotion"},{"floor":2.0,"key":"GamblersBrew"},{"floor":13.0,"key":"GamblersBrew"},{"floor":21.0,"key":"ThievingMod:ThievingPotion"},{"floor":27.0,"key":"DuplicationPotion"}],"is_trial":false,"path_per_floor":["M","M","?","M","$","R","E","M","T","E","R","E","M","M","R","B",null,"M","?","$","M","M","E","M","E","T","E","M","?","R","T","R","B",null,"M","M","NS","$","?","E","M","E","T","M","R","$","T","?","R","B",null,"R","$","E","B",null],"character_chosen":"IRONCLAD","items_purchased":["TheAbacus","Membership Card","Sling","hubris:TenFootPole","hubris:PeanutButter","StoneCalendar","reliquary:Firecrackers","Fruit Juice","EssenceOfSteel","reliquary:Spinner","SteroidPotion","Medical Kit","reliquary:Stiletto","reliquary:GummyVitamins","reliquary:CitrusReamer","Bag of Preparation","Lantern"],"campfire_rested":0,"item_purchase_floors":[0,0,0,0,0,0,0,0,0,5,5,20,20,38,46,53,53],"current_hp_per_floor":[50,61,71,77,77,77,57,45,45,51,51,50,58,66,66,74,95,95,95,95,95,95,95,95,95,95,95,95,95,95,95,95,95,95,95,95,95,95,95,95,95,95,95,95,95,95,95,95,95,95,95,95,95,95,95],"gold":59,"neow_bonus":"","is_daily":false,"chose_seed":false,"campfire_upgraded":7,"win_rate":0.0,"timestamp":1613743396,"path_taken":["M","M","?","?","$","R","E","M","T","E","R","E","M","M","R","BOSS","M","?","?","M","M","E","M","E","T","E","M","?","R","?","R","BOSS","M","M","NS","$","?","E","?","E","T","M","R","$","?","?","R","BOSS","R","$","E","BOSS"],"items_purchased_type":["Relic","Relic","Relic","Relic","Relic","Relic","Relic","Potion","Potion","Relic","Potion","Relic","Relic","Relic","Relic","Relic","Relic"],"build_version":"2020-12-22","purchased_purges":4,"victory":true,"max_hp_per_floor":[80,85,95,95,95,95,95,95,95,95,95,95,95,95,95,95,95,95,95,95,95,95,95,95,95,95,95,95,95,95,95,95,95,95,95,95,95,95,95,95,95,95,95,95,95,95,95,95,95,95,95,95,95,95,95],"card_choices":[{"not_picked":["Clothesline","Wild Strike"],"picked":"Rampage","floor":1.0},{"not_picked":["Iron Wave","Seeing Red"],"picked":"Havoc","floor":2.0},{"not_picked":["Pummel","hubris:ReadiedAction","Entrench"],"picked":"SKIP","floor":4.0},{"not_picked":["Clash","Warcry","Entrench"],"picked":"SKIP","floor":7.0},{"not_picked":["Shockwave","Clothesline"],"picked":"Shrug It Off","floor":8.0},{"not_picked":["Searing Blow","Anger","Body Slam"],"picked":"SKIP","floor":10.0},{"not_picked":["Flex","Sever Soul"],"picked":"hubris:StunningStrike","floor":12.0},{"not_picked":["Pummel","Feel No Pain","Flex"],"picked":"SKIP","floor":13.0},{"not_picked":["Clothesline","Body Slam","Feel No Pain"],"picked":"SKIP","floor":14.0},{"not_picked":["Fiend Fire","conspire:HitWhereItHurts"],"picked":"Double Tap","floor":16.0},{"not_picked":["Clash","True Grit"],"picked":"Shrug It Off","floor":18.0},{"not_picked":["Searing Blow","Warcry","Pummel+1"],"picked":"SKIP","floor":21.0},{"not_picked":["Disarm","Thunderclap","True Grit"],"picked":"SKIP","floor":22.0},{"not_picked":["Armaments","Offering","Body Slam"],"picked":"SKIP","floor":23.0},{"not_picked":["hubris:ReadiedAction","Flex","Dark Embrace+1"],"picked":"SKIP","floor":24.0},{"not_picked":["Clothesline+1","Wild Strike","Power Through"],"picked":"SKIP","floor":25.0},{"not_picked":["Warcry","hubris:CleavingFinish","Intimidate"],"picked":"SKIP","floor":27.0},{"not_picked":["Body Slam","Havoc","True Grit"],"picked":"SKIP","floor":28.0},{"not_picked":["Perfected Strike+1","Inflame","Warcry"],"picked":"SKIP","floor":35.0},{"not_picked":["hubris:ReadiedAction","Hemokinesis+1","hubris:SharpeningStone"],"picked":"SKIP","floor":36.0},{"not_picked":["hubris:SharpeningStone+1","Sword Boomerang+1"],"picked":"Shrug It Off+1","floor":40.0},{"not_picked":["Disarm+1","Perfected Strike+1","Bloodletting"],"picked":"SKIP","floor":41.0},{"not_picked":["conspire:HitWhereItHurts","Headbutt","Iron Wave+1"],"picked":"SKIP","floor":42.0},{"not_picked":["Combust","Armaments"],"picked":"Pommel Strike+1","floor":44.0},{"not_picked":["Metallicize+1","Inflame","Clothesline+1"],"picked":"SKIP","floor":54.0}],"player_experience":416179,"relics_obtained":[{"floor":7.0,"key":"Centennial Puzzle"},{"floor":9.0,"key":"hubris:Reverence"},{"floor":10.0,"key":"aspiration:AnachronicSnailShell"},{"floor":12.0,"key":"Blood Vial"},{"floor":23.0,"key":"reliquary:WeakTea"},{"floor":25.0,"key":"reliquary:Knoch"},{"floor":27.0,"key":"Toy Ornithopter"},{"floor":31.0,"key":"Red Skull"},{"floor":39.0,"key":"aspiration:FrozenJewel"},{"floor":40.0,"key":"Omamori"},{"floor":42.0,"key":"Anchor"},{"floor":43.0,"key":"reliquary:PorcupineQuills"},{"floor":47.0,"key":"reliquary:RoseTintedGlasses"},{"floor":54.0,"key":"hubris:MysteriousPyramids"}],"event_choices":[{"damage_healed":0.0,"max_hp_gain":0.0,"max_hp_loss":0.0,"gold_gain":0.0,"event_name":"WeMeetAgain","player_choice":"Gave Potion","floor":3.0,"gold_loss":0.0,"damage_taken":0.0,"relics_obtained":["Pear"]},{"cards_removed":["Defend_R"],"damage_healed":0.0,"max_hp_gain":0.0,"max_hp_loss":0.0,"gold_gain":0.0,"event_name":"Wheel of Change","player_choice":"Card Removal","floor":19.0,"gold_loss":0.0,"damage_taken":0.0},{"damage_healed":0.0,"max_hp_gain":0.0,"max_hp_loss":0.0,"gold_gain":0.0,"event_name":"conspire:Investor","player_choice":"Leave","floor":48.0,"gold_loss":0.0,"damage_taken":0.0}],"is_beta":false,"boss_relics":[{"not_picked":["SlaversCollar","Snecko Eye"],"picked":"Runic Pyramid"},{"not_picked":["reliquary:KinkedSpring","Runic Dome"],"picked":"conspire:SpecialSausage"}],"items_purged_floors":[5,20,38,46],"is_endless":false,"potions_floor_spawned":[1,2,13,21,27,33,36,41,54],"ascension_level":3}}