{"host":"ve5hox67eka4rdnb","time":1613741005,"event":{"mods":["ATMod(∞¢Ë™Mod)","AchievementEnabler","Act Like it!","BaseMod","Downfall","Hermit","Lobotomy","LobotomyExtend","Marisa£®ÏF”Í°°ƒß¿Ì…≥£©","Minty Spire (QoL Compilation)","Quick Restart","Remilia£®¿Ÿ√◊¿Ú—«£©","Replay The Spire","Shop Mod","StSLib"],"gold_per_floor":[116,128,128,144,157,192,207,240,240,255,255,269,285,316,316,420,420,420,11,11,11,31,66,66,85,132,150,169,195,215,245,245,348,348,365,365,131,131,272,272,172,229,229,317,197,241,241,286,286,411,411,411,411,159,234,284],"floor_reached":57,"language":"ZHS","playtime":2502,"items_purged":["Strike_B","Strike_B","Strike_B","Strike_B","Defend_B"],"score":1747,"play_id":"2a0a4b63-b708-40ee-a198-de928a7f68f6","local_time":"20210219212325","is_ascension_mode":true,"campfire_choices":[{"data":"AT_MachinaRedman","floor":11.0,"key":"SMITH"},{"data":"Skim","floor":15.0,"key":"SMITH"},{"data":"Hologram","floor":24,"key":"SMITH"},{"data":"Reboot","floor":24,"key":"SMITH"},{"data":"Turbo","floor":32,"key":"SMITH"},{"data":"ReplayTheSpireMod:Omega Cannon","floor":32,"key":"SMITH"},{"data":"Hologram","floor":40,"key":"SMITH"},{"data":"ReplayTheSpireMod:System Scan","floor":40,"key":"SMITH"},{"data":"Scrape","floor":47,"key":"SMITH"},{"data":"Zap","floor":47,"key":"SMITH"},{"floor":49,"key":"RECALL"},{"data":"Panic Button","floor":53,"key":"SMITH"},{"data":"Dualcast","floor":53,"key":"SMITH"}],"circlet_count":0,"master_deck":["Defend_B","Defend_B","Defend_B","Zap+1","Dualcast+1","AT_MachinaRedman+1","Genetic Algorithm","Hologram+1","Panic Button+1","Turbo+1","Scrape+1","Reboot+1","Skim+1","ReplayTheSpireMod:Omega Cannon+1","Secret Weapon","ReplayTheSpireMod:System Scan+1","Hologram+1","Echo Form","Hologram+1","Coolheaded+1","Seek","Seek","Pot Of Greed","Pot Of Greed"],"relics":["Cracked Core","AT_ATBox","Anchor","LetterFromLob","FaceOfCleric","The Courier","AT_SeraphEmbrace","Gambling Chip","ReplayTheSpireMod:Ninjato","SacredBark","LaetitiaHeart","BargainBundle","White Beast Statue","Replay:Arrowhead","AT_GoldPhoenixTree","AT_BellDemon","Coffee Dripper","Replay:Wax Seal","AT_MibuBalloonWealth","Bronze Scales","Bag of Marbles","Membership Card","Grinning Jar"],"acts_visited":["Exordium","TheCity","TheBeyond","TheEnding"],"potions_floor_usage":[23,31,33,44,56,56,56,56,56],"damage_taken":[{"damage":0.0,"enemies":"Cultist","floor":1.0,"turns":2.0},{"damage":0.0,"enemies":"Small Slimes","floor":2.0,"turns":2.0},{"damage":1.0,"enemies":"Jaw Worm","floor":4.0,"turns":2.0},{"damage":1.0,"enemies":"Looter","floor":5.0,"turns":3.0},{"damage":9.0,"enemies":"3 Sentries","floor":6.0,"turns":3.0},{"damage":3.0,"enemies":"Large Slime","floor":7.0,"turns":3.0},{"damage":26.0,"enemies":"Lagavulin","floor":8.0,"turns":4.0},{"damage":8.0,"enemies":"Blue Slaver","floor":10.0,"turns":3.0},{"damage":0.0,"enemies":"Lots of Slimes","floor":12.0,"turns":3.0},{"damage":4.0,"enemies":"2 Fungi Beasts","floor":13.0,"turns":3.0},{"damage":0.0,"enemies":"Gremlin Nob","floor":14.0,"turns":2.0},{"damage":1.0,"enemies":"Hexaghost","floor":16.0,"turns":4.0},{"damage":0.0,"enemies":"Spheric Guardian","floor":18.0,"turns":1.0},{"damage":0,"enemies":"Spheric Guardian","floor":22,"turns":1},{"damage":0,"enemies":"Slavers","floor":23,"turns":3},{"damage":0,"enemies":"3 Byrds","floor":25,"turns":2},{"damage":0,"enemies":"Sentry and Sphere","floor":27,"turns":1},{"damage":0,"enemies":"Centurion and Healer","floor":28,"turns":3},{"damage":0,"enemies":"Gremlin Leader","floor":29,"turns":3},{"damage":0,"enemies":"3 Cultists","floor":30,"turns":2},{"damage":4,"enemies":"Book of Stabbing","floor":31,"turns":2},{"damage":15,"enemies":"Champ","floor":33,"turns":5},{"damage":59,"enemies":"3 Shapes","floor":35,"turns":1},{"damage":4,"enemies":"3 Darklings","floor":39,"turns":1},{"damage":0,"enemies":"Giant Head","floor":42,"turns":3},{"damage":9,"enemies":"Sphere and 2 Shapes","floor":44,"turns":2},{"damage":4,"enemies":"Maw","floor":46,"turns":2},{"damage":4,"enemies":"Awakened One","floor":50,"turns":4},{"damage":4,"enemies":"Shield and Spear","floor":55,"turns":2},{"damage":49,"enemies":"The Heart","floor":56,"turns":5}],"seed_played":"-1540805921015941618","potions_obtained":[{"floor":4.0,"key":"EntropicBrew"},{"floor":6.0,"key":"Energy Potion"},{"floor":8.0,"key":"SkillPotion"},{"floor":22,"key":"Block Potion"},{"floor":23,"key":"SkillPotion"},{"floor":25,"key":"Weak Potion"},{"floor":27,"key":"AttackPotion"},{"floor":29,"key":"Adrenaline Potion"},{"floor":31,"key":"PowerPotion"},{"floor":33,"key":"Block Potion"},{"floor":35,"key":"ColorlessPotion"},{"floor":44,"key":"Reflective Coating"},{"floor":55,"key":"Languid Potion"}],"is_trial":false,"path_per_floor":["M","M","?","M","M","E","M","E","T","M","R","M","M","E","R","B",null,"M","$","?","?","M","E","R","M","T","M","M","E","M","E","R","B",null,"M","?","$","?","M","R","$","E","T","M","$","M","R","T","R","B",null,null,"R","$","E","B",null],"character_chosen":"DEFECT","items_purchased":["BargainBundle","Secret Weapon","White Beast Statue","BlessingOfTheForge","Milkshake","Replay:Wax Seal","AT_MibuBalloonWealth","Membership Card","Seek"],"campfire_rested":0,"item_purchase_floors":[19,19,19,19,19,37,37,54,54],"current_hp_per_floor":[75,75,75,75,75,67,65,40,40,33,33,34,31,32,32,32,85,86,86,69,69,70,71,71,72,72,73,74,75,76,73,73,59,100,42,42,42,42,39,39,39,40,40,32,32,29,29,29,29,26,26,101,101,101,98,50],"gold":284,"neow_bonus":"RANDOM_COMMON_RELIC","is_daily":false,"chose_seed":false,"campfire_upgraded":12,"win_rate":0.0,"timestamp":1613741005,"path_taken":["M","?","?","?","M","E","M","E","T","M","R","M","M","E","R","BOSS","M","$","?","?","?","E","R","M","T","M","M","E","M","E","R","BOSS","M","?","$","?","M","R","$","E","T","M","$","M","R","?","R","BOSS","R","$","E","BOSS"],"items_purchased_type":["Relic","Card","Relic","Potion","Potion","Relic","Relic","Relic","Card"],"build_version":"2020-12-22","purchased_purges":5,"victory":true,"max_hp_per_floor":[75,75,75,76,77,78,79,80,80,81,81,82,83,84,84,85,85,86,86,91,91,92,93,93,94,94,95,96,97,98,99,99,100,100,101,101,101,96,97,97,97,98,98,99,99,100,100,100,100,101,101,101,101,101,102,103],"card_choices":[{"not_picked":["Static Discharge","Beam Cell","AT_WarpDrive"],"picked":"SKIP","floor":1.0},{"not_picked":["Leap","Barrage"],"picked":"Genetic Algorithm","floor":2.0},{"not_picked":["Force Field","Beam Cell"],"picked":"Hologram","floor":4.0},{"not_picked":["Darkness","Crystallizer"],"picked":"Panic Button","floor":5.0},{"not_picked":["FTL","ReplayTheSpireMod:GoodbyeWorld","FIFO Queue"],"picked":"SKIP","floor":6.0},{"not_picked":["Panic Button","Rip and Tear"],"picked":"Turbo","floor":7.0},{"not_picked":["Consume","Barrage"],"picked":"Scrape","floor":8.0},{"not_picked":["Leap","ReplayTheSpireMod:Repulse"],"picked":"Reboot","floor":10.0},{"not_picked":["Gash","AT_StudyProgram"],"picked":"Skim","floor":12.0},{"not_picked":["AT_ThreeBodyProblem","Panic Button","Ball Lightning"],"picked":"SKIP","floor":13.0},{"not_picked":["Buffer","Coolheaded","AT_ThreeBodyProblem"],"picked":"SKIP","floor":14.0},{"not_picked":["Core Surge","Meteor Strike"],"picked":"ReplayTheSpireMod:Omega Cannon","floor":16.0},{"not_picked":["Coolheaded+1","Stack","Panic Button"],"picked":"SKIP","floor":22},{"not_picked":["Leap+1","Undo"],"picked":"ReplayTheSpireMod:System Scan","floor":23},{"not_picked":["Force Field","Gash+1"],"picked":"Hologram","floor":25},{"not_picked":["Coolheaded","Tempest","Go for the Eyes"],"picked":"SKIP","floor":27},{"not_picked":["AT_RightCognition","Force Field","Storm"],"picked":"SKIP","floor":28},{"not_picked":["Turbo","Barrage","Chaos"],"picked":"SKIP","floor":29},{"not_picked":["AT_HeatAcrobatics","Compile Driver+1","White Noise"],"picked":"SKIP","floor":30},{"not_picked":["Turbo","Fusion","Lockon"],"picked":"SKIP","floor":31},{"not_picked":["Multi-Cast","Buffer"],"picked":"Echo Form","floor":33},{"not_picked":["Auto Shields","Steam+1","Aggregate"],"picked":"SKIP","floor":35},{"not_picked":["Hello World","Beam Cell","Loop"],"picked":"SKIP","floor":39},{"not_picked":["Go for the Eyes+1","Glacier"],"picked":"Hologram+1","floor":42},{"not_picked":["Leap+1","Steam"],"picked":"Coolheaded+1","floor":44},{"not_picked":["Hologram","Reinforced Body","Chaos+1"],"picked":"SKIP","floor":46},{"not_picked":["Stack","Time Bomb","Auto Shields"],"picked":"SKIP","floor":55}],"player_experience":237470,"relics_obtained":[{"floor":1.0,"key":"LetterFromLob"},{"floor":6.0,"key":"The Courier"},{"floor":8.0,"key":"AT_ArchangelStaff"},{"floor":9.0,"key":"Gambling Chip"},{"floor":14.0,"key":"ReplayTheSpireMod:Ninjato"},{"floor":23,"key":"Replay:Arrowhead"},{"floor":29,"key":"AT_GoldPhoenixTree"},{"floor":31,"key":"AT_BellDemon"},{"floor":42,"key":"Bronze Scales"},{"floor":48,"key":"Bag of Marbles"},{"floor":55,"key":"Grinning Jar"}],"event_choices":[{"damage_healed":0.0,"max_hp_gain":0.0,"max_hp_loss":0.0,"gold_gain":0.0,"event_name":"FaceTrader","player_choice":"Trade","floor":3.0,"gold_loss":0.0,"damage_taken":0.0,"relics_obtained":["FaceOfCleric"]},{"damage_healed":0.0,"max_hp_gain":5.0,"max_hp_loss":0.0,"gold_gain":0.0,"event_name":"Forgotten Altar","player_choice":"Shed Blood","floor":20.0,"gold_loss":0.0,"damage_taken":22.0},{"damage_healed":0,"gold_gain":0,"player_choice":"Ignored","damage_taken":0,"max_hp_gain":0,"max_hp_loss":0,"event_name":"Tomb of Lord Red Mask","floor":36,"gold_loss":0},{"damage_healed":0,"gold_gain":0,"player_choice":"Max HP","damage_taken":0,"max_hp_gain":0,"max_hp_loss":5,"event_name":"Winding Halls","floor":38,"gold_loss":0}],"is_beta":false,"boss_relics":[{"not_picked":["Runic Pyramid","Tiny House"],"picked":"SacredBark"},{"not_picked":["Abe\u0027s Treasure","Velvet Choker"],"picked":"Coffee Dripper"}],"items_purged_floors":[19,37,41,45,54],"is_endless":false,"potions_floor_spawned":[4,6,8,10,22,23,25,27,28,29,30,31,33,35,39,42,44,46,55],"ascension_level":4}}