{"host":"gs3xqnyj3rtm2rju","time":1613704012,"event":{"mods":["AchievementEnabler","Astrologer","BaseMod","BetterRewards","Gremlin Mod","Hubris","Koishi","Marisa????????","Minty Spire (QoL Compilation)","Prisma Mod","Replay The Spire","StSLib","SuperFastMode","The Animator","The Cursed","The Necromancer","The Servant 0.9.4"],"gold_per_floor":[99,99,110,40,53,81,81,81,81,81,94,114,114,145,145,240,240,259,278,289,249,266,266,292,2,26,46,6,106,121,133,133,133,133],"floor_reached":33,"language":"ENG","playtime":5183,"items_purged":[],"score":279,"play_id":"e56b4f21-0a61-4095-ada4-6fc77459ef5c","local_time":"20210218210652","is_ascension_mode":false,"campfire_choices":[{"floor":7,"key":"REST"},{"floor":10,"key":"REST"},{"data":"Spin","floor":13,"key":"SMITH"},{"floor":15,"key":"REST"},{"data":"FlawlessForm","floor":23,"key":"SMITH"},{"floor":32,"key":"REST"}],"circlet_count":0,"master_deck":["Strike_S","Strike_S","Strike_S","Strike_S+1","Defend_S","Defend_S+1","Defend_S","Defend_S","KidneyShot","Exchange+1","Deny","Potential","Spin+1","BottledTime","BottledTime","Sabotage","Sabotage","InstantArmor","Starlight","Unruled","FlawlessForm+1","Revamp+1","Advance","BestPractice","Rewind+1","GearUp","DoubleEdge","Ricochet+1","Ricochet","RealityMarble","Moonlight+1","Desolation"],"relics":["Uniform","Blood Vial","Meat on the Bone","Bronze Scales","hubris:ScarierMask","Strawberry","ClockworkSouvenir","Vajra","Dream Catcher","Counterbalance","Matryoshka"],"acts_visited":["Exordium","TheCity"],"potions_floor_usage":[6,14,14,16,24,33,33],"damage_taken":[{"damage":13,"enemies":"Jaw Worm","floor":1,"turns":6},{"damage":0,"enemies":"Small Slimes","floor":3,"turns":3},{"damage":0,"enemies":"hubris:Merchant","floor":4,"turns":1},{"damage":0,"enemies":"Cultist","floor":5,"turns":4},{"damage":50,"enemies":"3 Sentries","floor":6,"turns":8},{"damage":0,"enemies":"Lots of Slimes","floor":11,"turns":1},{"damage":0,"enemies":"Large Slime","floor":12,"turns":5},{"damage":13,"enemies":"Lagavulin","floor":14,"turns":7},{"damage":48,"enemies":"Fading Forest","floor":16,"turns":11},{"damage":4,"enemies":"2 Thieves","floor":18,"turns":3},{"damage":1,"enemies":"Chosen","floor":19,"turns":4},{"damage":3,"enemies":"Centurion and Healer","floor":20,"turns":4},{"damage":6,"enemies":"3 Cultists","floor":22,"turns":4},{"damage":18,"enemies":"Replay:Snechameleon","floor":24,"turns":8},{"damage":5,"enemies":"Shelled Parasite and Fungi","floor":27,"turns":5},{"damage":0,"enemies":"Colosseum Slavers","floor":29,"turns":1},{"damage":0,"enemies":"Colosseum Nobs","floor":29,"turns":3},{"damage":0,"enemies":"Cultist and Chosen","floor":30,"turns":3},{"damage":0,"enemies":"Sentry and Sphere","floor":31,"turns":2},{"damage":74,"enemies":"Pondfish","floor":33,"turns":10}],"seed_played":"-4299323873802429697","potions_obtained":[{"floor":5,"key":"Swift Potion"},{"floor":11,"key":"BlessingOfTheForge"},{"floor":12,"key":"EssenceOfSteel"},{"floor":14,"key":"SpeedPotion"},{"floor":18,"key":"FearPotion"},{"floor":27,"key":"SmokeBomb"},{"floor":29,"key":"Adrenaline Potion"},{"floor":31,"key":"Fire Potion"}],"is_trial":false,"path_per_floor":["M","?","M","$","M","E","R","?","T","R","M","M","R","E","R","B",null,"M","M","M","?","M","R","E","$","T","M","$","?","M","M","R","B"],"character_chosen":"THE_SERVANT","items_purchased":["Spin","BottledTime","ClockworkSouvenir","Vajra","Ricochet+1"],"campfire_rested":4,"item_purchase_floors":[4,4,25,25,28],"current_hp_per_floor":[52,52,52,52,52,2,21,21,21,40,42,44,44,33,52,40,65,61,62,61,61,57,57,48,48,48,45,45,49,51,53,72,0,0],"gold":133,"neow_bonus":"ONE_RANDOM_RARE_CARD","is_daily":false,"chose_seed":false,"campfire_upgraded":2,"win_rate":0.0,"timestamp":1613704012,"path_taken":["M","?","M","$","M","E","R","?","T","R","M","M","R","E","R","BOSS","M","M","M","?","?","R","E","$","T","M","$","?","M","M","R","BOSS"],"items_purchased_type":["Card","Card","Relic","Relic","Card"],"build_version":"2020-12-22","purchased_purges":0,"victory":false,"max_hp_per_floor":[65,65,65,65,65,65,65,65,65,65,65,65,65,65,65,65,65,65,65,65,65,65,65,72,72,72,72,72,72,72,72,72,72,72],"card_choices":[{"not_picked":["FanOfKnives","Revamp"],"picked":"Potential","floor":1},{"not_picked":["Gouge","Rewind"],"picked":"Hightail","floor":3},{"not_picked":["Defy","Revamp"],"picked":"BottledTime","floor":5},{"not_picked":["Replace","Potential"],"picked":"Sabotage","floor":6},{"not_picked":["Revamp","Gouge"],"picked":"InstantArmor","floor":11},{"not_picked":["Alleviate","Revamp"],"picked":"Starlight","floor":12},{"not_picked":["TheWorld","FastForward"],"picked":"Unruled","floor":14},{"not_picked":["TheWorld","FloweringNight"],"picked":"FlawlessForm","floor":16},{"not_picked":["Potential","RealityMarble+1"],"picked":"Revamp+1","floor":18},{"not_picked":["DoubleEdge","TimeWarp"],"picked":"Advance","floor":19},{"not_picked":["RealityMarble","Ricochet"],"picked":"BestPractice","floor":20},{"not_picked":["Unruled","Alleviate"],"picked":"Rewind+1","floor":22},{"not_picked":["MoonPhase","Spin+1"],"picked":"GearUp","floor":24},{"not_picked":["Deny","Potential"],"picked":"DoubleEdge","floor":27},{"not_picked":["Misdirection","Potential+1"],"picked":"Ricochet","floor":29},{"not_picked":["Replace","Reset"],"picked":"RealityMarble","floor":30},{"not_picked":["Starlight+1","Defy"],"picked":"Moonlight+1","floor":31},{"not_picked":["Sabotage","Alleviate"],"picked":"Desolation","floor":32}],"player_experience":114437,"relics_obtained":[{"floor":6,"key":"Blood Vial"},{"floor":9,"key":"Meat on the Bone"},{"floor":14,"key":"Bronze Scales"},{"floor":24,"key":"Strawberry"},{"floor":26,"key":"Dream Catcher"},{"floor":29,"key":"Counterbalance"},{"floor":29,"key":"Matryoshka"}],"event_choices":[{"damage_healed":0,"gold_gain":0,"cards_transformed":["Hightail"],"player_choice":"Transformed","damage_taken":0,"max_hp_gain":0,"max_hp_loss":0,"event_name":"Transmorgrifier","floor":8,"gold_loss":0,"cards_obtained":["Sabotage"]},{"damage_healed":0,"gold_gain":0,"player_choice":"Upgraded Two","damage_taken":0,"max_hp_gain":0,"max_hp_loss":0,"event_name":"Designer","floor":21,"gold_loss":40,"cards_upgraded":["Strike_S","Defend_S"]},{"damage_healed":0,"gold_gain":0,"player_choice":"Fight","damage_taken":0,"max_hp_gain":0,"max_hp_loss":0,"event_name":"Colosseum","floor":29,"gold_loss":0},{"damage_healed":0,"gold_gain":0,"player_choice":"Fought Nobs","damage_taken":0,"max_hp_gain":0,"max_hp_loss":0,"event_name":"Colosseum","floor":29,"gold_loss":0}],"is_beta":false,"boss_relics":[{"not_picked":["hubris:HollowSoul","hubris:CrackedHourglass"],"picked":"hubris:ScarierMask"}],"items_purged_floors":[],"is_endless":false,"potions_floor_spawned":[1,5,11,12,14,18,27,29,29,31],"killed_by":"Pondfish","ascension_level":0}}