{"host":"ttx8tv95o5vka1nm","time":1613709507,"event":{"mods":["AchievementEnabler","BaseMod","Better Altar","Better Sensory Stone","Better Skull","Better Vampires","BetterRewards","Colored Map","Defuse TimeMaze Blight","Energized Spire","Evolution","Hubris","Infinite Spire","Minty Spire (QoL Compilation)","Relic Filter Mod","Relic Sorter","Reliquary","Replay The Spire","Shop Mod","Spicy Shops","StSLib","The Blue Laboratory","TheVacant","Wandering Minibosses"],"gold_per_floor":[119,130,130,205,217,252,263,263,263,60,79,113,128,55,55,159,159,177,31,31,50,66,98,118,118,166,66,78,108,108,128,128,223,223,238,238,238,256,274,303,314,314,314],"floor_reached":42,"language":"ENG","playtime":3657,"items_purged":["theVacant:VacantStarterStrike","theVacant:VacantStarterStrike","theVacant:VacantStarterDefend"],"score":657,"play_id":"7428094b-b2a3-4d3f-a865-0ba5ce23886b","local_time":"20210219143827","is_ascension_mode":false,"campfire_choices":[{"data":"theVacant:Husk","floor":8,"key":"SMITH"},{"data":"theVacant:Release","floor":15,"key":"SMITH"},{"data":"theVacant:Voidstone","floor":25,"key":"SMITH"},{"data":"theVacant:PitOfDespair","floor":30,"key":"SMITH"},{"data":"theVacant:Gloom","floor":32,"key":"SMITH"}],"circlet_count":0,"master_deck":["theVacant:VacantStarterDefend","theVacant:Release+1","theVacant:Crunch","theVacant:Barrage","theVacant:Yeet","theVacant:Threat","theVacant:BellToll","theVacant:Husk+1","theVacant:ReaperStrike","theVacant:EyePoke","theVacant:PitOfDespair+1","theVacant:Voidstone+1","theVacant:Acceptance+1","theVacant:GraveWave","theVacant:Fling","ReplayTheSpireMod:Chaos Vortex","theVacant:Dig+1","theVacant:Gloom+1","theVacant:Rejection","theVacant:Spinshield+1","infinitespire:TheBestDefense","theVacant:EmbraceDarkness+1","theVacant:Hex+1","theVacant:ShutAway","theVacant:Carve"],"relics":["theVacant:BrassGoblet","EVO:Axolotl","Blood Vial","Iron Hammer","reliquary:Sod","Bag of Preparation","Painkiller Herb","Strange Spoon","infinitespire:PuzzleCube","Tiny Chest","reliquary:Aerogel","Empty Cage","reliquary:RedCape","Kunai","ReplayTheSpireMod:TigerMarble"],"acts_visited":["Exordium","TheCity","TheBeyond"],"potions_floor_usage":[18,28],"damage_taken":[{"damage":1,"enemies":"Jaw Worm","floor":1,"turns":4},{"damage":2,"enemies":"Small Slimes","floor":2,"turns":3},{"damage":0,"enemies":"Cultist","floor":5,"turns":3},{"damage":0,"enemies":"Gremlin Nob","floor":6,"turns":2},{"damage":5,"enemies":"Lots of Slimes","floor":7,"turns":4},{"damage":0,"enemies":"3 Louse","floor":11,"turns":2},{"damage":0,"enemies":"Replay:BlueRogue","floor":12,"turns":5},{"damage":2,"enemies":"Exordium Thugs","floor":13,"turns":3},{"damage":0,"enemies":"Fading Forest","floor":16,"turns":11},{"damage":0,"enemies":"Chosen","floor":18,"turns":2},{"damage":0,"enemies":"2 Thieves","floor":21,"turns":1},{"damage":1,"enemies":"Snecko","floor":22,"turns":3},{"damage":3,"enemies":"Nightmare","floor":23,"turns":3},{"damage":0,"enemies":"Cultist and Chosen","floor":24,"turns":1},{"damage":3,"enemies":"Snake Plant","floor":28,"turns":3},{"damage":0,"enemies":"Gremlin Leader","floor":29,"turns":4},{"damage":0,"enemies":"Chosen and Byrds","floor":31,"turns":3},{"damage":7,"enemies":"hubris:MusketHawk","floor":33,"turns":5},{"damage":13,"enemies":"Orb Walker","floor":35,"turns":3},{"damage":0,"enemies":"3 Shapes","floor":38,"turns":1},{"damage":32,"enemies":"Writhing Mass","floor":39,"turns":3},{"damage":18,"enemies":"R_Hoarder","floor":40,"turns":5},{"damage":0,"enemies":"Spire Growth","floor":41,"turns":4}],"seed_played":"709863709670791889","potions_obtained":[{"floor":1,"key":"blueLaboratory:RememoryPotion"},{"floor":7,"key":"BlessingOfTheForge"},{"floor":12,"key":"Block Potion"},{"floor":16,"key":"Energy Potion"},{"floor":18,"key":"FearPotion"},{"floor":29,"key":"Death Potion"}],"is_trial":false,"path_per_floor":["M","M","?","?","M","E","M","R","T","$","M","E","M","$","R","B",null,"?","T","?","?","?","NM","?","T","T","T","?","E","T","?","T","B",null,"?","?","AVR","?","?","E","?","?"],"character_chosen":"THE_VACANT","items_purchased":["theVacant:ReaperStrike","theVacant:EyePoke","Bag of Preparation","Strange Spoon"],"campfire_rested":0,"item_purchase_floors":[10,10,14,19],"current_hp_per_floor":[87,85,78,67,67,67,64,64,64,64,66,68,68,68,68,70,88,88,88,88,88,87,85,87,87,87,87,85,87,87,88,88,81,88,75,75,75,77,47,31,33,0,0],"gold":314,"neow_bonus":"TEN_PERCENT_HP_BONUS","is_daily":false,"chose_seed":false,"campfire_upgraded":5,"win_rate":0.0,"timestamp":1613709507,"path_taken":["M","M","?","?","M","E","M","R","T","?","M","E","M","$","R","BOSS","?","?","?","?","?","NM","?","T","T","T","?","E","T","?","T","BOSS","?","?","AVR","?","?","E","?","?"],"items_purchased_type":["Card","Card","Relic","Relic"],"build_version":"2020-12-22","purchased_purges":3,"victory":false,"max_hp_per_floor":[88,88,88,88,88,88,88,88,88,88,88,88,88,88,88,88,88,88,88,88,88,88,88,88,88,88,88,88,88,88,88,88,88,88,88,88,88,88,88,88,88,88,88],"card_choices":[{"not_picked":["theVacant:HolyWater","theVacant:GraveWave"],"picked":"theVacant:Barrage","floor":1},{"not_picked":["theVacant:LashOut","theVacant:Hex"],"picked":"theVacant:Yeet","floor":2},{"not_picked":["theVacant:OnSecondThought","theVacant:Hex"],"picked":"theVacant:Threat","floor":5},{"not_picked":["theVacant:LashOut","theVacant:GraveDigger"],"picked":"theVacant:BellToll","floor":6},{"not_picked":["theVacant:VoidForm","theVacant:Recover"],"picked":"theVacant:Husk","floor":7},{"not_picked":["theVacant:Fortify","theVacant:FranticBlow","theVacant:Enrage"],"picked":"SKIP","floor":11},{"not_picked":["theVacant:Thoughtseize","theVacant:Yeet","theVacant:ReaperStrike"],"picked":"SKIP","floor":12},{"not_picked":["theVacant:Dig","theVacant:ShutAway"],"picked":"theVacant:PitOfDespair","floor":13},{"not_picked":["theVacant:FromNothing","theVacant:Prevent"],"picked":"theVacant:Voidstone","floor":16},{"not_picked":["theVacant:GraveWave","theVacant:FranticBlow+1"],"picked":"theVacant:Acceptance+1","floor":18},{"not_picked":["theVacant:BattleScars","theVacant:Cower"],"picked":"theVacant:GraveWave","floor":21},{"not_picked":["theVacant:Threat","theVacant:LashOut"],"picked":"theVacant:Fling","floor":22},{"not_picked":["infinitespire:FinalStrike","hubris:Rewind"],"picked":"ReplayTheSpireMod:Chaos Vortex","floor":23},{"not_picked":["theVacant:DarkStrike","theVacant:Recover","theVacant:Soothe"],"picked":"SKIP","floor":23},{"not_picked":["theVacant:EyePoke","theVacant:GraveDigger+1"],"picked":"theVacant:Dig+1","floor":24},{"not_picked":["theVacant:GraveWave","theVacant:EyePoke+1","theVacant:Fling"],"picked":"SKIP","floor":28},{"not_picked":["theVacant:FranticBlow+1","theVacant:ShriekingBlast","theVacant:Prevent"],"picked":"SKIP","floor":29},{"not_picked":["theVacant:HolyWater+1","theVacant:LashOut"],"picked":"theVacant:Gloom","floor":31},{"not_picked":["theVacant:MindBreak","theVacant:TheAnvil"],"picked":"theVacant:Rejection","floor":33},{"not_picked":["theVacant:OnSecondThought","theVacant:Fling"],"picked":"theVacant:Spinshield+1","floor":35},{"not_picked":["theVacant:Barrage","theVacant:TwistFate"],"picked":"theVacant:EmbraceDarkness+1","floor":38},{"not_picked":["theVacant:LichStrike+1","theVacant:ShutAway+1"],"picked":"theVacant:Hex+1","floor":39},{"not_picked":["theVacant:LashOut","theVacant:Acceptance"],"picked":"theVacant:ShutAway","floor":40},{"not_picked":["theVacant:EyePoke","theVacant:GraveWave"],"picked":"theVacant:Carve","floor":41}],"player_experience":801155,"relics_obtained":[{"floor":6,"key":"Blood Vial"},{"floor":9,"key":"Iron Hammer"},{"floor":12,"key":"reliquary:Sod"},{"floor":23,"key":"infinitespire:PuzzleCube"},{"floor":26,"key":"Tiny Chest"},{"floor":29,"key":"reliquary:Aerogel"},{"floor":40,"key":"ReplayTheSpireMod:TigerMarble"}],"event_choices":[{"cards_removed":["theVacant:VacantStarterStrike"],"damage_healed":0,"gold_gain":0,"player_choice":"Card Removal","damage_taken":7,"max_hp_gain":0,"max_hp_loss":0,"event_name":"Golden Wing","floor":3,"gold_loss":0},{"damage_healed":0,"gold_gain":75,"player_choice":"Gather Gold","damage_taken":11,"max_hp_gain":0,"max_hp_loss":0,"event_name":"World of Goop","floor":4,"gold_loss":0},{"cards_removed":["theVacant:VacantStarterStrike"],"damage_healed":0,"gold_gain":0,"player_choice":"Offered Basic","damage_taken":0,"max_hp_gain":0,"max_hp_loss":0,"event_name":"Bonfire Elementals","floor":20,"gold_loss":0},{"damage_healed":0,"gold_gain":0,"player_choice":"Ignored","damage_taken":0,"max_hp_gain":0,"max_hp_loss":0,"event_name":"Tomb of Lord Red Mask","floor":36,"gold_loss":0}],"is_beta":false,"boss_relics":[{"not_picked":["energizedSpire:SpiderWeb","reliquary:KinkedSpring"],"picked":"Painkiller Herb"},{"not_picked":["energizedSpire:DeadBattery","Astrolabe"],"picked":"Empty Cage"}],"items_purged_floors":[10,27,37],"is_endless":true,"potions_floor_spawned":[1,7,12,16,18,23,24,29,40,41],"killed_by":"4 Shapes","ascension_level":0}}