{"host":"kta213tp32cz47du","time":1613747582,"event":{"mods":["BaseMod","Better Altar","Better Match","Better Note","Better Sensory Stone","Better Skull","Better Third Choice","Better Vampires","ChefMod","Colored Map","Colored Powertips","Conspire","Curses Come First","Displayed Cursed Tome","Downfall","Force Act Four","Hermit","Hubris","Infinite Spire","JesterMod","Magitek Elite","Marisa????????","Minty Spire (QoL Compilation)","Permanent Neow","Potion Indicator Mod","QueenMod","Quick Restart","Rare Cards Sparkle","Reliquary","Replay The Spire","Retaliation","Robot Space Explorer","Shade Mod","Shop Mod","Spicy Shops","Spikes Relics","StSLib","The Alterego","The Animator","The Blue Laboratory","The Bug Knight","The Cursed","The Marked","The Servant 0.9.4","TheSwordswoman","TheVelvet","TheWitcher","Virulent Crown"],"gold_per_floor":[116,130,130,130,140,168,185,203,203,231,284,284,297,297,297,398,398,417,417,430,430,446,475,475],"floor_reached":23,"language":"ENG","playtime":1741,"items_purged":["Strike_R"],"score":223,"play_id":"e4ba8109-2096-41a6-be92-577b7939665b","local_time":"20210219151302","is_ascension_mode":false,"campfire_choices":[{"data":"Rampage","floor":12,"key":"SMITH"},{"floor":15,"key":"DIG"}],"circlet_count":0,"master_deck":["Strike_R","Strike_R","Strike_R","Defend_R","Defend_R","Defend_R","Defend_R","Bash","Shockwave","Inflame","Feel No Pain+1","Rampage+1","Metallicize","Heavy Blade","ReplayTheSpireMod:Stacked","Disarm","Demon Form","Pummel","Sword Boomerang","Heavy Blade","Dropkick"],"relics":["Burning Blood","reliquary:Stiletto","Pet Ghost","Ancient Tea Set","reliquary:Spinner","Vajra","hubris:Towel","Smiling Mask","bronze:MakeshiftBattery","ReplayTheSpireMod:Ninjato","infinitespire:Beetle Shell"],"acts_visited":["Exordium","TheCity"],"potions_floor_usage":[8,10,16,16,18,23],"damage_taken":[{"damage":6,"enemies":"Small Slimes","floor":1,"turns":4},{"damage":3,"enemies":"Jaw Worm","floor":2,"turns":5},{"damage":1,"enemies":"Cultist","floor":5,"turns":4},{"damage":26,"enemies":"Lagavulin","floor":6,"turns":8},{"damage":6,"enemies":"Exordium Thugs","floor":7,"turns":6},{"damage":5,"enemies":"Looter","floor":8,"turns":4},{"damage":14,"enemies":"Gremlin Nob","floor":10,"turns":5},{"damage":1,"enemies":"3 Louse","floor":13,"turns":4},{"damage":4,"enemies":"Hexaghost","floor":16,"turns":9},{"damage":0,"enemies":"Spheric Guardian","floor":18,"turns":3},{"damage":15,"enemies":"Chosen","floor":20,"turns":5},{"damage":3,"enemies":"Snake Plant","floor":22,"turns":5},{"damage":39,"enemies":"Slavers","floor":23,"turns":8}],"seed_played":"-7823498183936230167","potions_obtained":[{"floor":1,"key":"SpeedPotion"},{"floor":5,"key":"Languid Potion"},{"floor":7,"key":"SteroidPotion"},{"floor":10,"key":"hexamod:SoulburnPotion"},{"floor":13,"key":"blueLaboratory:CorrosionFlask"},{"floor":16,"key":"FearPotion"},{"floor":20,"key":"DDmod:CleansePotion"}],"is_trial":false,"path_per_floor":["M","M","?","?","M","E","M","M","T","E","T","R","M","?","R_BF","B",null,"M","AVR","M","?","M","E"],"character_chosen":"IRONCLAD","items_purchased":[],"campfire_rested":0,"item_purchase_floors":[],"current_hp_per_floor":[80,80,80,80,80,60,60,61,61,53,53,53,58,58,58,60,80,80,80,71,71,74,41,41],"gold":475,"neow_bonus":"RANDOM_COMMON_RELIC","is_daily":false,"chose_seed":false,"campfire_upgraded":1,"win_rate":0.0,"timestamp":1613747582,"path_taken":["M","M","?","?","M","E","M","M","T","E","?","R","M","?","R_BF","BOSS","M","AVR","M","?","M","E"],"items_purchased_type":[],"build_version":"2020-12-22","purchased_purges":1,"victory":false,"max_hp_per_floor":[80,80,80,80,80,80,80,80,80,80,80,80,80,80,80,80,80,80,80,80,80,80,80,80],"card_choices":[{"not_picked":["Warcry","Infernal Blade"],"picked":"Shockwave","floor":1},{"not_picked":["Body Slam","Replay:Undeath\u0027s Touch"],"picked":"Inflame","floor":2},{"not_picked":["Entrench","Shockwave"],"picked":"Rampage","floor":5},{"not_picked":["conspire:Charge","Thunderclap"],"picked":"Metallicize","floor":6},{"not_picked":["Shockwave","Burning Pact"],"picked":"Heavy Blade","floor":7},{"not_picked":["Flame Barrier","Warcry"],"picked":"ReplayTheSpireMod:Stacked","floor":8},{"not_picked":["Flex","Invigoration","ReplayTheSpireMod:Strike From Hell"],"picked":"SKIP","floor":10},{"not_picked":["Twin Strike","Body Slam"],"picked":"Disarm","floor":13},{"not_picked":["Berserk","conspire:Purge"],"picked":"Demon Form","floor":16},{"not_picked":["infinitespire:OneForAll","DDmod:PokeAttack"],"picked":"Pummel","floor":18},{"not_picked":["Second Wind","Perfected Strike"],"picked":"Sword Boomerang","floor":20},{"not_picked":["Clash+1","Replay:Undeath\u0027s Touch+1"],"picked":"Heavy Blade","floor":22},{"not_picked":["Twin Strike","Sword Boomerang"],"picked":"Dropkick","floor":23}],"player_experience":347726,"relics_obtained":[{"floor":6,"key":"Pet Ghost"},{"floor":9,"key":"Ancient Tea Set"},{"floor":10,"key":"reliquary:Spinner"},{"floor":11,"key":"Vajra"},{"floor":15,"key":"Smiling Mask"},{"floor":23,"key":"infinitespire:Beetle Shell"}],"event_choices":[{"damage_healed":0,"gold_gain":0,"player_choice":"Leave","damage_taken":0,"max_hp_gain":0,"max_hp_loss":0,"event_name":"conspire:Investor","floor":3,"gold_loss":0},{"cards_removed":["Defend_R"],"damage_healed":0,"gold_gain":0,"player_choice":"Give","damage_taken":0,"max_hp_gain":0,"max_hp_loss":0,"event_name":"betterNote:BetterNote","floor":21,"gold_loss":0,"cards_obtained":["RobotSpaceExplorer:Defend"]}],"is_beta":false,"boss_relics":[{"not_picked":["hubris:HollowSoul","Painkiller Herb"],"picked":"bronze:MakeshiftBattery"}],"items_purged_floors":[19],"is_endless":false,"potions_floor_spawned":[1,5,7,10,13,16,20],"killed_by":"Slavers","ascension_level":0}}