{"host":"blhqr6uo32maonpv","time":1613713773,"event":{"mods":["BaseMod","Conspire","Downfall","Minty Spire (QoL Compilation)","StSLib","The Bug Knight","The Marked"],"gold_per_floor":[116,116,116,129,129,161,172,39,108,108,118,128,145,145,145,242,242,255,24,24,41,59,85,85,103,128,140,154,169,204,215,215,320,320,339,339,147,157,175,175,175],"floor_reached":40,"language":"ENG","playtime":2264,"items_purged":["Pain"],"score":534,"play_id":"06272433-0bf5-4fb0-b997-13c35bbafeee","local_time":"20210219014933","is_ascension_mode":false,"campfire_choices":[{"data":"Defragment","floor":10,"key":"SMITH"},{"floor":15,"key":"REST"},{"data":"Discovery","floor":24,"key":"SMITH"},{"data":"Machine Learning","floor":32,"key":"SMITH"}],"circlet_count":0,"master_deck":["conspire:GhostlyStrike","conspire:GhostlyStrike","conspire:GhostlyStrike","conspire:GhostlyDefend+1","conspire:GhostlyDefend+1","conspire:GhostlyDefend+1","conspire:GhostlyDefend","Zap+1","Dualcast","conspire:Rain+1","Rip and Tear","Doom and Gloom","Cold Snap","Defragment+1","Coolheaded","Leap","Defragment","Glacier","Electrodynamics","Self Repair","Capacitor","Discovery+1","Swift Strike","Leap","Coolheaded+1","Leap+1","Redo+1","Compile Driver","Machine Learning+1","Heatsinks","Self Repair+1","Machine Learning+1","Reinforced Body","Defragment+1","Violence+1","Compile Driver+1","conspire:SharedLibrary","Turbo+1"],"relics":["Cracked Core","NeowsBlessing","WarpedTongs","War Paint","Kunai","conspire:RoyalGoblet","Membership Card","Eternal Feather","Lantern","HollowMod:StagPassRelic","conspire:RunicOctahedron"],"acts_visited":["Exordium","TheCity","TheBeyond"],"potions_floor_usage":[16,16,18,23,29,30,33,35,38,40],"damage_taken":[{"damage":0,"enemies":"Jaw Worm","floor":1,"turns":1},{"damage":0,"enemies":"2 Louse","floor":4,"turns":1},{"damage":0,"enemies":"Lagavulin","floor":6,"turns":1},{"damage":0,"enemies":"Small Slimes","floor":7,"turns":2},{"damage":40,"enemies":"Gremlin Gang","floor":11,"turns":4},{"damage":4,"enemies":"2 Fungi Beasts","floor":12,"turns":2},{"damage":2,"enemies":"Blue Slaver","floor":13,"turns":5},{"damage":14,"enemies":"Slime Boss","floor":16,"turns":9},{"damage":2,"enemies":"3 Byrds","floor":18,"turns":2},{"damage":22,"enemies":"2 Thieves","floor":21,"turns":3},{"damage":16,"enemies":"Snake Plant","floor":22,"turns":5},{"damage":3,"enemies":"conspire:Head Lice","floor":23,"turns":6},{"damage":3,"enemies":"Snecko","floor":25,"turns":5},{"damage":8,"enemies":"conspire:HollyBat","floor":27,"turns":9},{"damage":9,"enemies":"Sentry and Sphere","floor":28,"turns":6},{"damage":18,"enemies":"Snecko","floor":29,"turns":6},{"damage":15,"enemies":"Gremlin Leader","floor":30,"turns":8},{"damage":13,"enemies":"Snake Plant","floor":31,"turns":5},{"damage":24,"enemies":"conspire:MysteriousRune","floor":33,"turns":10},{"damage":24,"enemies":"3 Shapes","floor":35,"turns":3},{"damage":36,"enemies":"3 Darklings","floor":38,"turns":7},{"damage":9,"enemies":"Transient","floor":39,"turns":5},{"damage":53,"enemies":"Nemesis","floor":40,"turns":4}],"seed_played":"5643490911522795288","potions_obtained":[{"floor":1,"key":"ColorlessPotion"},{"floor":7,"key":"Dexterity Potion"},{"floor":12,"key":"Dexterity Potion"},{"floor":21,"key":"Fire Potion"},{"floor":25,"key":"Weak Potion"},{"floor":28,"key":"Ancient Potion"},{"floor":31,"key":"Fire Potion"},{"floor":33,"key":"DuplicationPotion"},{"floor":35,"key":"GamblersBrew"},{"floor":39,"key":"Swift Potion"}],"is_trial":false,"path_per_floor":["M","?","?","M","?","E","M","$","T","R","M","M","M","?","R","B",null,"M","$","?","M","M","E","R","M","T","M","M","M","E","M","R","B",null,"M","?","$","M","M","E"],"character_chosen":"DEFECT","items_purchased":["Defragment","Coolheaded","Membership Card","Capacitor","Discovery","Defragment","Violence","Compile Driver"],"campfire_rested":1,"item_purchase_floors":[8,8,19,19,19,37,37,37],"current_hp_per_floor":[75,60,60,60,60,60,60,60,60,60,20,16,14,14,36,22,75,73,73,73,51,45,49,64,68,68,67,58,50,42,36,54,37,75,68,68,68,49,47,0,0],"gold":175,"neow_bonus":"THREE_ENEMY_KILL","is_daily":false,"chose_seed":false,"campfire_upgraded":3,"win_rate":0.0,"timestamp":1613713773,"path_taken":["M","?","?","M","?","E","M","$","T","R","M","?","M","?","R","BOSS","M","$","?","?","M","E","R","M","T","M","M","M","E","M","R","BOSS","M","?","$","M","?","E"],"items_purchased_type":["Card","Card","Relic","Card","Card","Card","Card","Card"],"build_version":"2020-12-22","purchased_purges":1,"victory":false,"max_hp_per_floor":[75,75,75,75,75,75,75,75,75,75,75,75,75,75,75,75,75,75,75,75,75,75,75,75,75,75,75,75,75,75,75,75,75,75,75,75,75,75,75,75,75],"card_choices":[{"not_picked":["Chaos","Hologram"],"picked":"conspire:Rain","floor":1},{"not_picked":["Genetic Algorithm","Streamline"],"picked":"Rip and Tear","floor":4},{"not_picked":["Steam","Amplify"],"picked":"Doom and Gloom","floor":6},{"not_picked":["Hologram","Go for the Eyes"],"picked":"Cold Snap","floor":7},{"not_picked":["Sweeping Beam","All For One"],"picked":"Leap","floor":11},{"not_picked":["Coolheaded","Auto Shields"],"picked":"Defragment","floor":12},{"not_picked":["Heatsinks","Go for the Eyes"],"picked":"Glacier","floor":13},{"not_picked":["Creative AI","All For One"],"picked":"Electrodynamics","floor":16},{"not_picked":["Conserve Battery","FTL"],"picked":"Self Repair","floor":18},{"not_picked":["Gash","Darkness"],"picked":"Leap","floor":21},{"not_picked":["Undo","Turbo"],"picked":"Coolheaded+1","floor":22},{"not_picked":["Melter","Hello World"],"picked":"Leap+1","floor":23},{"not_picked":["FTL","Genetic Algorithm"],"picked":"Redo+1","floor":25},{"not_picked":["Double Energy","Cold Snap"],"picked":"Compile Driver","floor":27},{"not_picked":["Conserve Battery","Redo","Rebound"],"picked":"SKIP","floor":28},{"not_picked":["Rebound+1","Streamline"],"picked":"Machine Learning","floor":29},{"not_picked":["Defragment+1","Coolheaded"],"picked":"Heatsinks","floor":30},{"not_picked":["Compile Driver","Coolheaded+1"],"picked":"Self Repair+1","floor":31},{"not_picked":["Creative AI","Reboot"],"picked":"Machine Learning","floor":33},{"not_picked":["Conserve Battery","Reprogram+1"],"picked":"Reinforced Body","floor":35},{"not_picked":["Sunder","Fusion+1"],"picked":"conspire:SharedLibrary","floor":38},{"not_picked":["Defragment","Hello World+1"],"picked":"Turbo+1","floor":39}],"player_experience":30941,"relics_obtained":[{"floor":6,"key":"War Paint"},{"floor":9,"key":"Kunai"},{"floor":23,"key":"Eternal Feather"},{"floor":26,"key":"Lantern"},{"floor":30,"key":"HollowMod:StagPassRelic"}],"event_choices":[{"damage_healed":0,"gold_gain":0,"player_choice":"Entered Light","damage_taken":15,"max_hp_gain":0,"max_hp_loss":0,"event_name":"Shining Light","floor":2,"gold_loss":0,"cards_upgraded":["Defend_B","Defend_B"]},{"damage_healed":0,"gold_gain":0,"player_choice":"Grow","damage_taken":0,"max_hp_gain":0,"max_hp_loss":0,"event_name":"Living Wall","floor":3,"gold_loss":0,"cards_upgraded":["conspire:Rain"]},{"damage_healed":0,"gold_gain":0,"player_choice":"Rummage","damage_taken":0,"relics_obtained":["WarpedTongs"],"max_hp_gain":0,"max_hp_loss":0,"event_name":"Accursed Blacksmith","floor":5,"gold_loss":0,"cards_obtained":["Pain"]},{"damage_healed":0,"gold_gain":0,"player_choice":"Agree","damage_taken":0,"max_hp_gain":0,"max_hp_loss":0,"event_name":"conspire:LoneGhost","floor":14,"gold_loss":0},{"damage_healed":0,"gold_gain":0,"cards_transformed":["conspire:GhostlyStrike"],"player_choice":"Transformed","damage_taken":0,"max_hp_gain":0,"max_hp_loss":0,"event_name":"Transmorgrifier","floor":20,"gold_loss":0,"cards_obtained":["Swift Strike"]},{"damage_healed":0,"gold_gain":0,"player_choice":"Upgraded","damage_taken":0,"max_hp_gain":0,"max_hp_loss":0,"event_name":"Upgrade Shrine","floor":36,"gold_loss":0,"cards_upgraded":["Machine Learning"]}],"is_beta":false,"boss_relics":[{"not_picked":["conspire:SeveredTorchhead","Runic Pyramid"],"picked":"conspire:RoyalGoblet"},{"not_picked":["Snecko Eye","Velvet Choker"],"picked":"conspire:RunicOctahedron"}],"items_purged_floors":[37],"is_endless":false,"potions_floor_spawned":[1,7,12,21,25,28,31,33,35,39],"killed_by":"Nemesis","ascension_level":0}}