{"host":"dy418aaq5dl16weq","time":1613712852,"event":{"mods":["AchievementEnabler","BaseMod","Googly Eyes","Minty Spire (QoL Compilation)","StSLib"],"gold_per_floor":[109,124,142,8,21,21,50,50,77,101,116,116,128,161,161,257,257,271,271,287,287,287],"floor_reached":21,"language":"ENG","playtime":1673,"items_purged":[],"score":238,"play_id":"24bcc9af-fc66-41aa-a793-94cef936bd89","local_time":"20210218213412","is_ascension_mode":true,"campfire_choices":[{"data":"Poisoned Stab","floor":6,"key":"SMITH"},{"data":"Deadly Poison","floor":8,"key":"SMITH"},{"floor":15,"key":"REST"}],"circlet_count":0,"master_deck":["Strike_G","Strike_G","Strike_G","Strike_G","Defend_G","Defend_G","Defend_G","Defend_G","Defend_G","Survivor","Neutralize","After Image","Poisoned Stab+1","Caltrops","Flying Knee","Catalyst","Deadly Poison+1","Venomology","Crippling Poison","Caltrops","Tools of the Trade"],"relics":["Ring of the Snake","Tiny Chest","Bag of Preparation","Odd Mushroom","Oddly Smooth Stone","Black Star"],"acts_visited":["Exordium","TheCity"],"potions_floor_usage":[16,20],"damage_taken":[{"damage":3,"enemies":"Small Slimes","floor":1,"turns":6},{"damage":1,"enemies":"Jaw Worm","floor":2,"turns":4},{"damage":2,"enemies":"Cultist","floor":3,"turns":4},{"damage":2,"enemies":"Blue Slaver","floor":5,"turns":4},{"damage":1,"enemies":"Gremlin Nob","floor":7,"turns":3},{"damage":14,"enemies":"The Mushroom Lair","floor":10,"turns":4},{"damage":0,"enemies":"2 Fungi Beasts","floor":11,"turns":2},{"damage":8,"enemies":"Looter","floor":13,"turns":2},{"damage":0,"enemies":"Lagavulin","floor":14,"turns":6},{"damage":9,"enemies":"Hexaghost","floor":16,"turns":7},{"damage":13,"enemies":"Shell Parasite","floor":18,"turns":5},{"damage":0,"enemies":"Chosen","floor":20,"turns":4},{"damage":47,"enemies":"3 Cultists","floor":21,"turns":5}],"seed_played":"-2956392045987283231","potions_obtained":[{"floor":2,"key":"Block Potion"},{"floor":11,"key":"DuplicationPotion"},{"floor":13,"key":"EssenceOfSteel"},{"floor":14,"key":"Weak Potion"}],"is_trial":false,"path_per_floor":["M","M","M","$","M","R","E","R","T","?","M","?","M","E","R","B",null,"M","?","M","M"],"character_chosen":"THE_SILENT","items_purchased":["Catalyst","Deadly Poison"],"campfire_rested":1,"item_purchase_floors":[4,4],"current_hp_per_floor":[60,59,57,57,55,55,54,54,54,40,40,40,32,32,50,41,63,50,39,39,0,0],"gold":287,"neow_bonus":"THREE_RARE_CARDS","is_daily":false,"chose_seed":false,"campfire_upgraded":2,"win_rate":0.0,"timestamp":1613712852,"path_taken":["M","M","M","$","M","R","E","R","T","?","M","?","M","E","R","BOSS","M","?","M","M"],"items_purchased_type":["Card","Card"],"build_version":"2020-12-22","purchased_purges":0,"victory":false,"max_hp_per_floor":[63,63,63,63,63,63,63,63,63,63,63,63,63,63,63,63,63,63,68,68,68,68],"card_choices":[{"not_picked":["Tools of the Trade","Storm of Steel"],"picked":"After Image","floor":0},{"not_picked":["Flying Knee","Cloak And Dagger"],"picked":"Poisoned Stab","floor":1},{"not_picked":["Dagger Spray","Bane"],"picked":"Caltrops","floor":2},{"not_picked":["Bane","Eviscerate"],"picked":"Flying Knee","floor":3},{"not_picked":["Dodge and Roll","Quick Slash"],"picked":"Venomology","floor":5},{"not_picked":["Setup","Sucker Punch"],"picked":"Crippling Poison","floor":7},{"not_picked":["Dagger Spray","Flying Knee","Prepared"],"picked":"SKIP","floor":11},{"not_picked":["Heel Hook","Dodge and Roll","Masterful Stab"],"picked":"SKIP","floor":13},{"not_picked":["Dagger Throw","Outmaneuver"],"picked":"Caltrops","floor":14},{"not_picked":["Envenom","Malaise"],"picked":"Tools of the Trade","floor":16},{"not_picked":["Flying Knee","Escape Plan","Backflip"],"picked":"SKIP","floor":18},{"not_picked":["Dagger Spray","Sucker Punch","Flying Knee"],"picked":"SKIP","floor":20}],"player_experience":587527,"relics_obtained":[{"floor":7,"key":"Tiny Chest"},{"floor":9,"key":"Bag of Preparation"},{"floor":10,"key":"Odd Mushroom"},{"floor":14,"key":"Oddly Smooth Stone"}],"event_choices":[{"damage_healed":0,"gold_gain":0,"player_choice":"Fought Mushrooms","damage_taken":0,"max_hp_gain":0,"max_hp_loss":0,"event_name":"Mushrooms","floor":10,"gold_loss":0},{"cards_removed":["Strike_G"],"damage_healed":0,"gold_gain":0,"player_choice":"Forget","damage_taken":0,"max_hp_gain":0,"max_hp_loss":0,"event_name":"Living Wall","floor":12,"gold_loss":0},{"damage_healed":0,"gold_gain":0,"player_choice":"Shed Blood","damage_taken":16,"max_hp_gain":5,"max_hp_loss":0,"event_name":"Forgotten Altar","floor":19,"gold_loss":0}],"is_beta":false,"boss_relics":[{"not_picked":["Calling Bell","Philosopher\u0027s Stone"],"picked":"Black Star"}],"items_purged_floors":[],"is_endless":false,"potions_floor_spawned":[2,11,13,14,18],"killed_by":"3 Cultists","ascension_level":2}}