{"host":"yassvrowvc2yfwp2","time":1613701004,"event":{"mods":["2.2 Compatiblity","Act Like it!","BaseMod","Better Note","Curses Come First","Dota2Spire","Downfall","HololiveMod","Jorbs\u0027s Wanderer Trilogy","Minty Spire (QoL Compilation)","Prisma Mod","Rare Cards Sparkle","Reimu£®≤©¿ˆ¡È√Œ£©","Replay The Spire","Say the Spire","Spicy Shops","StSLib","The Bug Knight","The Cursed","The Servant 0.9.4"],"gold_per_floor":[113,126,126,145,145,172,187,187,211,237,292,310,327,347,347,450,450,461,472,472,487,498,498,527,527,553,582,136,168,168,188,188,293,293,305,355,365,112,112,140,154,181,181,211,231,231,0,11,11,11],"floor_reached":51,"language":"ZHS","playtime":1864,"items_purged":[],"score":1551,"play_id":"14342b73-7a18-44da-a769-46cb29674a1d","local_time":"20210219101644","daily_mods":["SealedDeck","Time Dilation","Lethality"],"is_ascension_mode":true,"campfire_choices":[{"floor":8,"key":"REST"},{"data":"TheCursedMod:LuckyCharm","floor":15,"key":"SMITH"},{"floor":23,"key":"REST"},{"data":"1","floor":25,"key":"LIFT"},{"floor":30,"key":"REST"},{"data":"2","floor":32,"key":"LIFT"},{"data":"3","floor":46,"key":"LIFT"},{"floor":49,"key":"DIG"}],"circlet_count":0,"master_deck":["AscendersBane","TheCursedMod:SurpriseAttack","TheCursedMod:WearCloak","TheCursedMod:BlessingInDisguise","TheCursedMod:CursedShiv+1","TheCursedMod:FleshFromBone","TheCursedMod:CursedArmor","TheCursedMod:HellfireBreathing","TheCursedMod:FleshFromBone+1","TheCursedMod:CursedBoomerang","TheCursedMod:DoubleShield","TheCursedMod:CursedShiv","TheCursedMod:SaltUponWound","TheCursedMod:CursedMace","TheCursedMod:Torture","TheCursedMod:ForbiddenAlchemy","TheCursedMod:SaltUponWound","TheCursedMod:LuckyCharm+1","TheCursedMod:ManaCirculation+1","TheCursedMod:SpitefulPlan+1","TheCursedMod:CursedBoomerang","TheCursedMod:Hemoplague+1","TheCursedMod:AntiAging","TheCursedMod:SpitefulStrike+1","TheCursedMod:DemonSword","TheCursedMod:AbyssShockwave","TheCursedMod:OutForBlood+1","TheCursedMod:ShockAndAwe","TheCursedMod:CursedMace+1","TheCursedMod:Neurasthenia","TheCursedMod:CircleOfBlood+1"],"relics":["TheCursedMod:BlackMagic101","Replay:Baseball","Dota2Spire:ArcaneBoots","Art of War","Girya","champ:DuelingGlove","Snecko Heart","Chameleon Ring","sneckomod:BlankCard","Replay:Kaleidoscope","ClockworkSouvenir","Strawberry","Dota2Spire:EchoSabre","Blue Doll","Hololive_Finger","Shovel","Guardian:BottledAnomaly","Dota2Spire:MonkeyKingBar","ReplayFunnel","Replay:Ringing Soul","Happy Flower","Red Mask","Quantum Egg"],"acts_visited":["Exordium","TheCity","TheBeyond"],"potions_floor_usage":[14,14,14,16,16,18,19,19,19,19,19,21,21,21,22,22,24,24,24,24,24,24,24,27,27,27,29,29,29,29,33,33,33,33,33,36,40,40,42,42,44,45,50,50,50,50,50,50,50,50],"damage_taken":[{"damage":0,"enemies":"Small Slimes","floor":1,"turns":2},{"damage":0,"enemies":"2 Louse","floor":2,"turns":1},{"damage":0,"enemies":"Jaw Worm","floor":4,"turns":2},{"damage":0,"enemies":"Lagavulin","floor":6,"turns":5},{"damage":0,"enemies":"Looter","floor":7,"turns":1},{"damage":14,"enemies":"3 Sentries","floor":10,"turns":6},{"damage":19,"enemies":"Gremlin Nob","floor":11,"turns":5},{"damage":2,"enemies":"Blue Slaver","floor":12,"turns":3},{"damage":1,"enemies":"Gremlin Gang","floor":13,"turns":2},{"damage":9,"enemies":"Exordium Wildlife","floor":14,"turns":2},{"damage":14,"enemies":"Hexaghost","floor":16,"turns":7},{"damage":0,"enemies":"Chosen","floor":18,"turns":1},{"damage":0,"enemies":"3 Byrds","floor":19,"turns":2},{"damage":0,"enemies":"Snake Plant","floor":21,"turns":1},{"damage":15,"enemies":"Snecko","floor":22,"turns":5},{"damage":1,"enemies":"Slavers","floor":24,"turns":3},{"damage":0,"enemies":"Gremlin Leader","floor":27,"turns":3},{"damage":21,"enemies":"Slavers","floor":29,"turns":3},{"damage":13,"enemies":"Chosen and Byrds","floor":31,"turns":3},{"damage":0,"enemies":"Automaton","floor":33,"turns":3},{"damage":0,"enemies":"3 Shapes","floor":35,"turns":3},{"damage":0,"enemies":"Mind Bloom Boss Battle","floor":36,"turns":2},{"damage":4,"enemies":"Orb Walker","floor":37,"turns":2},{"damage":8,"enemies":"Giant Head","floor":40,"turns":5},{"damage":8,"enemies":"Sphere and 2 Shapes","floor":41,"turns":2},{"damage":0,"enemies":"Nemesis","floor":42,"turns":3},{"damage":0,"enemies":"Reptomancer","floor":44,"turns":2},{"damage":0,"enemies":"Transient","floor":45,"turns":5},{"damage":0,"enemies":"Writhing Mass","floor":48,"turns":2},{"damage":0,"enemies":"Time Eater","floor":50,"turns":6}],"seed_played":"-5443450579375262714","potions_obtained":[{"floor":2,"key":"Energy Potion"},{"floor":10,"key":"Ancient Potion"},{"floor":11,"key":"Explosive Potion"},{"floor":12,"key":"Strength Potion"},{"floor":16,"key":"Slimebound:ThreeZeroPotion"},{"floor":21,"key":"BlessingOfTheForge"},{"floor":22,"key":"Energy Potion"},{"floor":33,"key":"LiquidMemories"},{"floor":42,"key":"SkillPotion"},{"floor":44,"key":"Block Potion"}],"is_trial":true,"path_per_floor":["M","M","?","M","?","E","M","R","T","E","?","M","M","M","R","B",null,"M","M","?","M","M","R","E","R","T","E","$","E","R","M","R","B",null,"M","?","M","$","?","E","M","E","T","E","M","R","?","M","R","B",null],"character_chosen":"THE_CURSED","items_purchased":["ClockworkSouvenir","Strawberry","Dota2Spire:EchoSabre","TheCursedMod:OutForBlood+1","Guardian:BottledAnomaly"],"campfire_rested":3,"item_purchase_floors":[28,28,28,38,38],"current_hp_per_floor":[68,68,53,53,53,53,53,75,75,61,42,40,39,30,30,16,60,60,60,60,60,45,67,66,66,66,75,82,63,84,73,73,76,86,86,88,84,84,84,78,70,70,70,73,83,83,83,91,91,100],"gold":11,"neow_bonus":"","is_daily":false,"chose_seed":false,"campfire_upgraded":1,"win_rate":0.0,"timestamp":1613701004,"path_taken":["M","M","?","M","?","E","?","R","T","E","?","M","M","M","R","BOSS","M","M","?","M","M","R","E","R","T","E","$","E","R","M","R","BOSS","M","?","M","$","?","E","M","E","T","E","M","R","?","M","R","BOSS"],"items_purchased_type":["Relic","Relic","Relic","Card","Relic"],"build_version":"2020-12-22","purchased_purges":0,"victory":true,"max_hp_per_floor":[75,75,75,75,75,75,75,75,75,75,75,75,75,75,75,75,75,75,75,75,75,75,75,75,75,75,75,82,84,84,86,86,89,89,89,91,91,91,91,93,93,93,93,96,98,98,98,98,98,100],"card_choices":[{"not_picked":["TheCursedMod:Obscuration","TheCursedMod:PrepareRite"],"picked":"TheCursedMod:DoubleShield","floor":1},{"not_picked":["TheCursedMod:CircleOfCorruption","TheCursedMod:RapidMovement"],"picked":"TheCursedMod:CursedShiv","floor":2},{"not_picked":["TheCursedMod:DoubleShield","TheCursedMod:TacticalStrike"],"picked":"TheCursedMod:SaltUponWound","floor":4},{"not_picked":["TheCursedMod:ReleasedKnowledge","TheCursedMod:FuryStrike"],"picked":"TheCursedMod:CursedMace","floor":6},{"not_picked":["TheCursedMod:SpitefulPray","TheCursedMod:WearCloak"],"picked":"TheCursedMod:Torture","floor":7},{"not_picked":["TheCursedMod:DoubleShield","TheCursedMod:Obscuration","TheCursedMod:CursedBlade"],"picked":"SKIP","floor":10},{"not_picked":["TheCursedMod:CircleOfFlame","TheCursedMod:Wield"],"picked":"TheCursedMod:ForbiddenAlchemy","floor":11},{"not_picked":["TheCursedMod:Stretching","TheCursedMod:WearCloak"],"picked":"TheCursedMod:SaltUponWound","floor":12},{"not_picked":["TheCursedMod:SmokeScreen","TheCursedMod:FuryStrike","TheCursedMod:CursedMace"],"picked":"SKIP","floor":13},{"not_picked":["TheCursedMod:Wield","TheCursedMod:Obscuration"],"picked":"TheCursedMod:LuckyCharm","floor":14},{"not_picked":["TheCursedMod:NeowsMight","TheCursedMod:ForbiddenAlchemy"],"picked":"TheCursedMod:ManaCirculation","floor":16},{"not_picked":["TheCursedMod:Obscuration+1","TheCursedMod:CircleOfWindfury"],"picked":"TheCursedMod:Mangle+1","floor":18},{"not_picked":["TheCursedMod:Stretching+1","TheCursedMod:TroublousMinions","TheCursedMod:CircleOfWindfury"],"picked":"SKIP","floor":19},{"not_picked":["TheCursedMod:StingEye","TheCursedMod:CircleOfFlame"],"picked":"TheCursedMod:SpitefulPlan+1","floor":21},{"not_picked":["TheCursedMod:CursedShiv","TheCursedMod:VitalStrike"],"picked":"TheCursedMod:CursedBoomerang","floor":22},{"not_picked":["TheCursedMod:CircleOfWindfury","TheCursedMod:SurpriseAttack"],"picked":"TheCursedMod:Hemoplague+1","floor":24},{"not_picked":["TheCursedMod:HellsGateOpen","TheCursedMod:Stretching"],"picked":"TheCursedMod:AntiAging","floor":27},{"not_picked":["TheCursedMod:Stigma","TheCursedMod:TroublousMinions+1"],"picked":"TheCursedMod:SpitefulStrike+1","floor":29},{"not_picked":["TheCursedMod:CircleOfFlame+1","TheCursedMod:RavingStaff","TheCursedMod:FuryStrike"],"picked":"SKIP","floor":31},{"not_picked":["TheCursedMod:CircleOfAbyss","TheCursedMod:NeowsMight"],"picked":"TheCursedMod:DemonSword","floor":33},{"not_picked":["TheCursedMod:VitalStrike","TheCursedMod:RapidMovement"],"picked":"TheCursedMod:AbyssShockwave","floor":35},{"not_picked":["TheCursedMod:EmpowerCircles","TheCursedMod:SurpriseAttack","TheCursedMod:CircleOfCorruption"],"picked":"SKIP","floor":37},{"not_picked":["TheCursedMod:CursedMace+1","TheCursedMod:TacticalStrike"],"picked":"TheCursedMod:ShockAndAwe","floor":40},{"not_picked":["TheCursedMod:TacticalStrike+1","TheCursedMod:VitalStrike"],"picked":"TheCursedMod:CursedMace+1","floor":41},{"not_picked":["TheCursedMod:UltimatePain","TheCursedMod:CursedShiv+1"],"picked":"TheCursedMod:Neurasthenia","floor":42},{"not_picked":["TheCursedMod:Stigma+1","TheCursedMod:SurpriseAttack"],"picked":"TheCursedMod:CircleOfBlood+1","floor":44},{"not_picked":["TheCursedMod:CircleOfFlame+1","TheCursedMod:SmokeScreen","TheCursedMod:Obscuration"],"picked":"SKIP","floor":45},{"not_picked":["TheCursedMod:RapidMovement","TheCursedMod:Stretching","TheCursedMod:CursedShiv"],"picked":"SKIP","floor":48}],"player_experience":2171968,"relics_obtained":[{"floor":6,"key":"Dota2Spire:ArcaneBoots"},{"floor":9,"key":"Art of War"},{"floor":10,"key":"Girya"},{"floor":11,"key":"champ:DuelingGlove"},{"floor":24,"key":"Chameleon Ring"},{"floor":26,"key":"sneckomod:BlankCard"},{"floor":27,"key":"Replay:Kaleidoscope"},{"floor":29,"key":"Blue Doll"},{"floor":36,"key":"Shovel"},{"floor":40,"key":"Dota2Spire:MonkeyKingBar"},{"floor":42,"key":"ReplayFunnel"},{"floor":43,"key":"Replay:Ringing Soul"},{"floor":44,"key":"Happy Flower"},{"floor":49,"key":"Quantum Egg"}],"event_choices":[{"damage_healed":0,"gold_gain":0,"player_choice":"Entered Light","damage_taken":15,"max_hp_gain":0,"max_hp_loss":0,"event_name":"Shining Light","floor":3,"gold_loss":0,"cards_upgraded":["TheCursedMod:CursedShiv","TheCursedMod:FleshFromBone"]},{"damage_healed":0,"gold_gain":0,"player_choice":"Gave Potion","damage_taken":0,"relics_obtained":["Replay:Baseball"],"max_hp_gain":0,"max_hp_loss":0,"event_name":"WeMeetAgain","floor":5,"gold_loss":0},{"damage_healed":0,"gold_gain":30,"player_choice":"Searched \u00272\u0027 times","damage_taken":0,"max_hp_gain":0,"max_hp_loss":0,"event_name":"Dead Adventurer","floor":11,"gold_loss":0},{"cards_removed":["TheCursedMod:Obscuration"],"damage_healed":0,"gold_gain":0,"player_choice":"Elegance","damage_taken":0,"max_hp_gain":0,"max_hp_loss":0,"event_name":"Back to Basics","floor":20,"gold_loss":0},{"damage_healed":0,"gold_gain":0,"player_choice":"Fight","damage_taken":0,"max_hp_gain":0,"max_hp_loss":0,"event_name":"MindBloom","floor":36,"gold_loss":0},{"cards_removed":["TheCursedMod:Mangle"],"damage_healed":0,"gold_gain":0,"player_choice":"Removed Attack","damage_taken":0,"max_hp_gain":0,"max_hp_loss":0,"event_name":"Falling","floor":39,"gold_loss":0},{"damage_healed":0,"gold_gain":0,"player_choice":"Paid","damage_taken":0,"relics_obtained":["Red Mask"],"max_hp_gain":0,"max_hp_loss":0,"event_name":"Tomb of Lord Red Mask","floor":47,"gold_loss":231}],"is_beta":false,"boss_relics":[{"not_picked":["Replay:Bronze Core","Fusion Hammer"],"picked":"Snecko Heart"},{"not_picked":["Busted Crown","Black Star"],"picked":"Hololive_Finger"}],"items_purged_floors":[],"is_endless":false,"potions_floor_spawned":[2,10,11,12,13,16,21,22,27,33,41,42,44,48],"ascension_level":10}}