{"host":"yv7ijgyl7mqt7c0r","time":1613776694,"event":{"mods":["100% Spire Juice","2.2 Compatiblity","Act Like it!","Aspiration","BaseMod","Bestiary","Better Note","Better Skull","CapriCore","Conspire","DeckTracker","Elementarium","Energized Spire","Friendly Minions","Gensokyo","GifTheSpireLib","Hallownest","KinomotoSakuraMod(????)","Mari Mod (Legacy)","Mari\u0027s V1 Patch","Marisa????????","Menagerie","Minty Spire (QoL Compilation)","Prisma Mod","Random Character Button","Reimu??????","Remilia_Scarlet Moed?????·?????3.3.5","StSLib","Stuff the Spire","The Alterego","The Bug Knight","The Jungle","The Senshi","The Servant 0.9.4","TheVelvet","Wandering Minibosses","Yakumo Yukari mod","Yuyuko"],"gold_per_floor":[110,121,28,28,203,237,295,307,330,330,357,357,65,105,105,203,203,222,31,31,43,43,57,57,57],"floor_reached":24,"language":"ENG","playtime":1980,"items_purged":["Doubt"],"score":202,"play_id":"3b41adc5-9496-4221-9b17-b16971115d1f","local_time":"20210219171814","is_ascension_mode":false,"campfire_choices":[{"floor":10,"key":"REST"},{"data":"LikeWater","floor":12,"key":"SMITH"},{"floor":15,"key":"REST"}],"circlet_count":0,"master_deck":["Strike_P","Strike_P","Strike_P","Strike_P+1","Defend_P","Defend_P","Defend_P+1","Defend_P","Eruption","Vigilance","MasterReality","Prostrate","ReachHeaven","LikeWater+1","Prostrate","CutThroughFate","Evaluate","CutThroughFate","Devotion","LessonLearned","Vengeance","Brilliance+1","SashWhip+1","Wireheading","BattleHymn+1","WheelKick+1"],"relics":["PureWater","aspiration:ChemicalBlood","Bronze Scales","Anchor","Lantern","aspiration:SecretTechniqueScroll","Sling","Tiny Chest","StuffTheSpire:Experiment12"],"acts_visited":["Exordium","TheCity"],"potions_floor_usage":[16,24,24],"damage_taken":[{"damage":1,"enemies":"Jaw Worm","floor":1,"turns":3},{"damage":0,"enemies":"conspire:RoseBush","floor":2,"turns":2},{"damage":55,"enemies":"Gremlin Nob","floor":6,"turns":6},{"damage":5,"enemies":"Small Slimes","floor":8,"turns":5},{"damage":1,"enemies":"HollowMod:MossKnight","floor":11,"turns":10},{"damage":9,"enemies":"conspire:MimicChest","floor":14,"turns":12},{"damage":19,"enemies":"The Guardian","floor":16,"turns":10},{"damage":3,"enemies":"3 Byrds","floor":18,"turns":3},{"damage":0,"enemies":"Shell Parasite","floor":21,"turns":5},{"damage":23,"enemies":"3 Cultists","floor":23,"turns":4},{"damage":19,"enemies":"HollowMod:Nosk","floor":24,"turns":2}],"seed_played":"-5213580013295077267","potions_obtained":[{"floor":1,"key":"PowerPotion"},{"floor":14,"key":"Fruit Juice"},{"floor":16,"key":"Weak Potion"},{"floor":18,"key":"BottledMiracle"},{"floor":21,"key":"Dexterity Potion"}],"is_trial":false,"path_per_floor":["M","M","$","?","?","E","?","M","T","R","E","R","$","?","R","B",null,"M","$","?","M","?","M","E"],"character_chosen":"WATCHER","items_purchased":["LikeWater","Prostrate","Devotion","LessonLearned","Wireheading","Sling"],"campfire_rested":2,"item_purchase_floors":[3,3,13,13,19,19],"current_hp_per_floor":[71,71,71,71,71,16,16,11,11,32,31,31,31,22,43,29,77,74,74,74,74,37,14,0,0],"gold":57,"neow_bonus":"ONE_RANDOM_RARE_CARD","is_daily":false,"chose_seed":false,"campfire_upgraded":1,"win_rate":0.0,"timestamp":1613776694,"path_taken":["M","M","$","?","?","E","?","M","T","R","E","R","$","?","R","BOSS","M","$","?","M","?","M","E"],"items_purchased_type":["Card","Card","Card","Card","Card","Relic"],"build_version":"2020-12-22","purchased_purges":1,"victory":false,"max_hp_per_floor":[72,72,72,72,72,72,72,72,72,72,72,72,72,72,72,77,77,77,77,77,77,77,77,77,77],"card_choices":[{"not_picked":["Perseverance","Sanctity"],"picked":"Prostrate","floor":1},{"not_picked":["Perseverance","WaveOfTheHand"],"picked":"ReachHeaven","floor":2},{"not_picked":["Crescendo","Weave"],"picked":"CutThroughFate","floor":6},{"not_picked":["BowlingBash","CutThroughFate"],"picked":"Evaluate","floor":8},{"not_picked":["InnerPeace","ThirdEye"],"picked":"CutThroughFate","floor":11},{"not_picked":["Weave","Halt"],"picked":"Vengeance","floor":14},{"not_picked":["Blasphemy","Omniscience"],"picked":"Brilliance","floor":16},{"not_picked":["FollowUp","JustLucky"],"picked":"SashWhip+1","floor":18},{"not_picked":["TalkToTheHand+1","ThirdEye"],"picked":"BattleHymn+1","floor":21},{"not_picked":["ClearTheMind","BowlingBash"],"picked":"WheelKick+1","floor":23}],"player_experience":599966,"relics_obtained":[{"floor":6,"key":"aspiration:ChemicalBlood"},{"floor":9,"key":"Bronze Scales"},{"floor":11,"key":"Anchor"},{"floor":14,"key":"Lantern"}],"event_choices":[{"damage_healed":0,"gold_gain":0,"player_choice":"Leave","damage_taken":0,"max_hp_gain":0,"max_hp_loss":0,"event_name":"conspire:Investor","floor":4,"gold_loss":0},{"damage_healed":0,"gold_gain":175,"player_choice":"AGREE","damage_taken":0,"max_hp_gain":0,"max_hp_loss":0,"event_name":"Liars Game","floor":5,"gold_loss":0,"cards_obtained":["Doubt"]},{"damage_healed":0,"gold_gain":58,"player_choice":"Gained Gold","damage_taken":0,"max_hp_gain":0,"max_hp_loss":0,"event_name":"Golden Wing","floor":7,"gold_loss":0},{"cards_removed":["SashWhip"],"damage_healed":0,"gold_gain":0,"player_choice":"Give","damage_taken":0,"max_hp_gain":0,"max_hp_loss":0,"event_name":"betterNote:BetterNote","floor":20,"gold_loss":0,"cards_obtained":["MariMod:Mari_Cash_Back"]},{"damage_healed":0,"gold_gain":0,"player_choice":"RE RE ","damage_taken":41,"relics_obtained":["Tiny Chest","StuffTheSpire:Experiment12"],"max_hp_gain":0,"max_hp_loss":0,"event_name":"betterSkull:BetterSkull","floor":22,"gold_loss":0,"cards_upgraded":[]}],"is_beta":false,"boss_relics":[{"not_picked":["theSenshi:MoonKaleidoScopeRelic","energizedSpire:SpiderWeb"],"picked":"aspiration:SecretTechniqueScroll"}],"items_purged_floors":[13],"is_endless":false,"potions_floor_spawned":[1,14,16,18],"killed_by":"HollowMod:Nosk","ascension_level":0}}