{"host":"snczp9esof91ppiq","time":1613775732,"event":{"mods":["AchievementEnabler","BaseMod","Better Match","Better Note","Better Sensory Stone","Better Skull","Colored Map","Colored Powertips","Hermit","Minty Spire (QoL Compilation)","Relic Stats","StSLib"],"gold_per_floor":[118,118,132,132,151,151,185,15,87,87,119,129,29,45,45,45,45],"floor_reached":16,"language":"ENG","playtime":656,"items_purged":["Defend_R","Strike_R"],"score":187,"play_id":"a154f124-4299-4487-9905-8bddc3d20d89","local_time":"20210219170212","is_ascension_mode":true,"campfire_choices":[{"data":"Thunderclap","floor":6.0,"key":"SMITH"},{"floor":10.0,"key":"REST"},{"floor":15.0,"key":"REST"}],"circlet_count":0,"master_deck":["AscendersBane","Strike_R","Strike_R","Strike_R","Strike_R","Defend_R","Defend_R","Defend_R","Bash","Bloodletting","Pommel Strike","Flash of Steel","Shrug It Off","Thunderclap+1","Pummel","Panacea","Double Tap","Rage","Combust"],"relics":["Burning Blood","Bronze Scales","Lantern","Bottled Flame","Oddly Smooth Stone"],"acts_visited":["Exordium"],"potions_floor_usage":[16],"damage_taken":[{"damage":3.0,"enemies":"2 Louse","floor":1.0,"turns":4.0},{"damage":3.0,"enemies":"Cultist","floor":3.0,"turns":2.0},{"damage":9.0,"enemies":"Jaw Worm","floor":5.0,"turns":3.0},{"damage":32.0,"enemies":"Gremlin Nob","floor":7.0,"turns":4.0},{"damage":28.0,"enemies":"Lagavulin","floor":11.0,"turns":5.0},{"damage":11.0,"enemies":"Exordium Thugs","floor":12.0,"turns":4.0},{"damage":10.0,"enemies":"3 Louse","floor":14.0,"turns":2.0},{"damage":42,"enemies":"The Guardian","floor":16,"turns":7}],"seed_played":"3628896876661069284","potions_obtained":[{"floor":11.0,"key":"SteroidPotion"},{"floor":12.0,"key":"LiquidMemories"}],"is_trial":false,"path_per_floor":["M","?","M","?","M","R","E","$","T","R","E","M","$","M","R","B"],"character_chosen":"IRONCLAD","items_purchased":["Panacea"],"campfire_rested":2,"item_purchase_floors":[8],"current_hp_per_floor":[71,71,74,56,53,53,27,27,27,49,27,22,22,18,40,0,0],"gold":45,"neow_bonus":"THREE_CARDS","is_daily":false,"chose_seed":false,"campfire_upgraded":1,"win_rate":0.0,"timestamp":1613775732,"path_taken":["M","?","?","?","M","R","E","$","T","R","E","M","$","M","R","BOSS"],"items_purchased_type":["Card"],"build_version":"2020-12-22","purchased_purges":2,"victory":false,"max_hp_per_floor":[75,75,75,75,75,75,75,75,75,75,75,75,75,75,75,75,75],"relic_stats":{"counters":[8,31],"Bronze Scales":[48],"obtain_stats":[{"Lantern":7,"Bottled Flame":9,"Bronze Scales":4,"Oddly Smooth Stone":11,"Burning Blood":0},{"Lantern":4,"Bottled Flame":4,"Bronze Scales":2,"Oddly Smooth Stone":5,"Burning Blood":0},{"Lantern":13,"Bottled Flame":13,"Bronze Scales":6,"Oddly Smooth Stone":18,"Burning Blood":0}],"Burning Blood":42},"card_choices":[{"not_picked":["Wild Strike","Body Slam"],"picked":"Bloodletting","floor":0.0},{"not_picked":["Clash","Twin Strike"],"picked":"Pommel Strike","floor":1.0},{"not_picked":["Jack Of All Trades","PanicButton"],"picked":"Flash of Steel","floor":2.0},{"not_picked":["Reckless Charge","Combust"],"picked":"Shrug It Off","floor":3.0},{"not_picked":["Perfected Strike","Twin Strike"],"picked":"Thunderclap","floor":5.0},{"not_picked":["Sword Boomerang","Headbutt"],"picked":"Pummel","floor":7.0},{"not_picked":["Battle Trance","Body Slam"],"picked":"Double Tap","floor":11.0},{"not_picked":["Power Through","Heavy Blade"],"picked":"Rage","floor":12.0},{"not_picked":["Clothesline","Heavy Blade"],"picked":"Combust","floor":14.0}],"player_experience":927860,"relics_obtained":[{"floor":7.0,"key":"Lantern"},{"floor":9.0,"key":"Bottled Flame"},{"floor":11.0,"key":"Oddly Smooth Stone"}],"event_choices":[{"damage_healed":0.0,"max_hp_gain":0.0,"max_hp_loss":0.0,"gold_gain":1.0,"event_name":"betterStone:BetterStone","player_choice":"1","floor":2.0,"gold_loss":0.0,"damage_taken":0.0},{"damage_healed":0.0,"max_hp_gain":0.0,"max_hp_loss":0.0,"gold_gain":0.0,"event_name":"Scrap Ooze","player_choice":"Success","floor":4.0,"gold_loss":0.0,"damage_taken":18.0,"relics_obtained":["Bronze Scales"]}],"is_beta":false,"boss_relics":[],"items_purged_floors":[8,13],"is_endless":false,"potions_floor_spawned":[11,12],"killed_by":"The Guardian","ascension_level":14}}