{"host":"ydujlihd8f5px9gp","time":1613694709,"event":{"mods":["AchievementEnabler","BaseMod","Block Reminder","Colored Map","Minty Spire (QoL Compilation)","StSLib","ojb\u0027s Info Mod"],"gold_per_floor":[109,124,134,134,144,144,170,189,216,231,331,347,366,65,65,162,162,162,162,162,162,162,162,162,77,77,77,77,2,2,2,2,2,2],"floor_reached":33,"language":"ENG","playtime":1010,"items_purged":[],"score":388,"play_id":"d53dc829-aecb-43e5-a193-406dd2eb5c3e","local_time":"20210218223149","is_ascension_mode":true,"campfire_choices":[{"data":"Ball Lightning","floor":6,"key":"SMITH"},{"floor":15,"key":"REST"},{"data":"Core Surge","floor":24,"key":"SMITH"},{"data":"Tempest","floor":27,"key":"SMITH"},{"floor":32,"key":"REST"}],"circlet_count":0,"master_deck":["Strike_B","Strike_B","Strike_B","Defend_B","Defend_B","Defend_B","Defend_B+1","Zap","Dualcast","Double Energy","Sunder+1","Auto Shields","Ball Lightning+1","Tempest+1","Stack","FTL","Reboot+1","FTL","Hologram+1","Gash","Core Surge+1","White Noise"],"relics":["Cracked Core","Anchor","Vajra","CaptainsWheel","Ectoplasm","War Paint","Boot","Mercury Hourglass","Bag of Preparation"],"acts_visited":["Exordium","TheCity"],"potions_floor_usage":[12,23,33,33,33],"damage_taken":[{"damage":2,"enemies":"Jaw Worm","floor":1,"turns":3},{"damage":0,"enemies":"Cultist","floor":2,"turns":3},{"damage":3,"enemies":"2 Louse","floor":3,"turns":2},{"damage":7,"enemies":"Exordium Wildlife","floor":5,"turns":4},{"damage":47,"enemies":"Gremlin Nob","floor":7,"turns":5},{"damage":0,"enemies":"Blue Slaver","floor":8,"turns":2},{"damage":0,"enemies":"2 Fungi Beasts","floor":10,"turns":3},{"damage":0,"enemies":"Lots of Slimes","floor":12,"turns":2},{"damage":0,"enemies":"Looter","floor":13,"turns":2},{"damage":0,"enemies":"Slime Boss","floor":16,"turns":7},{"damage":2,"enemies":"Chosen","floor":18,"turns":3},{"damage":0,"enemies":"3 Byrds","floor":19,"turns":3},{"damage":0,"enemies":"Cultist and Chosen","floor":20,"turns":4},{"damage":7,"enemies":"3 Cultists","floor":21,"turns":3},{"damage":22,"enemies":"Shelled Parasite and Fungi","floor":22,"turns":5},{"damage":10,"enemies":"Slavers","floor":23,"turns":3},{"damage":0,"enemies":"Sentry and Sphere","floor":30,"turns":3},{"damage":68,"enemies":"Automaton","floor":33,"turns":6}],"seed_played":"2036289676843058846","potions_obtained":[{"floor":5,"key":"Ancient Potion"},{"floor":7,"key":"Explosive Potion"},{"floor":8,"key":"LiquidBronze"},{"floor":18,"key":"FearPotion"},{"floor":19,"key":"SkillPotion"},{"floor":21,"key":"DistilledChaos"},{"floor":30,"key":"Weak Potion"}],"is_trial":false,"path_per_floor":["M","M","M","?","M","R","E","M","T","M","?","M","M","$","R","B",null,"M","M","M","M","M","E","R","?","T","R","T","?","M","$","R","B"],"character_chosen":"DEFECT","items_purchased":["CaptainsWheel"],"campfire_rested":2,"item_purchase_floors":[14],"current_hp_per_floor":[80,80,77,77,70,70,23,23,23,23,23,23,23,23,47,47,82,80,80,80,73,51,41,41,41,41,41,41,41,41,41,65,0,0],"gold":2,"neow_bonus":"TEN_PERCENT_HP_BONUS","is_daily":false,"chose_seed":false,"campfire_upgraded":3,"win_rate":0.0,"timestamp":1613694709,"path_taken":["M","M","M","?","?","R","E","M","T","M","?","M","?","$","R","BOSS","M","M","M","M","M","E","R","?","T","R","?","?","M","?","R","BOSS"],"items_purchased_type":["Relic"],"build_version":"2020-12-22","purchased_purges":0,"victory":false,"max_hp_per_floor":[82,82,82,82,82,82,82,82,82,82,82,82,82,82,82,82,82,82,82,82,82,82,82,82,82,82,82,82,82,82,82,82,82,82],"card_choices":[{"not_picked":["Cold Snap","Go for the Eyes"],"picked":"Double Energy","floor":1},{"not_picked":["Conserve Battery","Leap"],"picked":"Sunder","floor":2},{"not_picked":["Steam","Hello World"],"picked":"Auto Shields","floor":3},{"not_picked":["All For One","Coolheaded"],"picked":"Ball Lightning","floor":5},{"not_picked":["Steam","Go for the Eyes"],"picked":"Tempest","floor":7},{"not_picked":["Consume","Steam","Rebound"],"picked":"SKIP","floor":8},{"not_picked":["Chaos","Glacier","Buffer"],"picked":"SKIP","floor":10},{"not_picked":["Go for the Eyes","Beam Cell"],"picked":"Stack","floor":12},{"not_picked":["Hello World","Coolheaded"],"picked":"FTL","floor":13},{"not_picked":["Creative AI","Seek"],"picked":"Reboot","floor":16},{"not_picked":["Glacier","Conserve Battery"],"picked":"FTL","floor":18},{"not_picked":["Go for the Eyes","Auto Shields","Storm"],"picked":"SKIP","floor":19},{"not_picked":["Cold Snap","Go for the Eyes"],"picked":"Hologram+1","floor":20},{"not_picked":["Cold Snap","Streamline+1"],"picked":"Gash","floor":21},{"not_picked":["Turbo","Go for the Eyes","Chaos"],"picked":"SKIP","floor":22},{"not_picked":["Melter","Sweeping Beam"],"picked":"Core Surge","floor":23},{"not_picked":["Auto Shields","Turbo"],"picked":"White Noise","floor":30}],"player_experience":161836,"relics_obtained":[{"floor":7,"key":"Anchor"},{"floor":9,"key":"Vajra"},{"floor":23,"key":"War Paint"},{"floor":26,"key":"Mercury Hourglass"},{"floor":28,"key":"Bag of Preparation"}],"event_choices":[{"damage_healed":0,"gold_gain":0,"player_choice":"Upgraded","damage_taken":0,"max_hp_gain":0,"max_hp_loss":0,"event_name":"Upgrade Shrine","floor":4,"gold_loss":0,"cards_upgraded":["Sunder"]},{"damage_healed":0,"gold_gain":100,"player_choice":"Pray","damage_taken":0,"max_hp_gain":0,"max_hp_loss":0,"event_name":"Golden Shrine","floor":11,"gold_loss":0},{"damage_healed":0,"gold_gain":0,"player_choice":"Obtained Relic","damage_taken":0,"relics_obtained":["Boot"],"max_hp_gain":0,"max_hp_loss":0,"event_name":"Addict","floor":25,"gold_loss":85},{"cards_removed":["Strike_B"],"damage_healed":0,"gold_gain":0,"player_choice":"Gave Gold","damage_taken":0,"max_hp_gain":0,"max_hp_loss":0,"event_name":"Beggar","floor":29,"gold_loss":75}],"is_beta":false,"boss_relics":[{"not_picked":["Sozu","Astrolabe"],"picked":"Ectoplasm"}],"items_purged_floors":[],"is_endless":false,"potions_floor_spawned":[5,7,8,18,19,21,30],"killed_by":"Automaton","ascension_level":4}}