{"host":"gm50ke85n5jz306u","time":1613743831,"event":{"mods":["AchievementEnabler","AlwaysNeverKeys","Aspiration","BaseMod","Bestiary","Better Altar","Better Match","Better Note","Better Sensory Stone","Better Skull","Better Third Choice","Better Vampires","Better-Laid Plans","BetterRewards","Colored Powertips","Curses Come First","DNKmod","Decade(???)","Defuse TimeMaze Blight","Disable Question Mark Monsters","Displayed Cursed Tome","Downfall","Emptier Cage","Extra Virgin Snecko Oil","Filter the Spire","Friendly Minions","Gremlin Skip","Hermit","Hubris","Hyrulean Relics","Ironclad Rager","Jorbs\u0027s Wanderer Trilogy","KinomotoSakuraMod(????)","Koishi","Lobotomy","Marisa????????","Marked Mod","Minty Spire (QoL Compilation)","Permanent Neow","Poor People Problems","Quick Restart","Reimu??????","Relic Filter Mod","Relic Sorter","Remilia??????","Remove Card Discount Mod","Reorder Act Four","Replay The Spire","Shop Mod","StSLib","Synergy Search","Td1madao Mod","The Administrix","The Animator","The Blue Laboratory","The Bug Knight","The Construct","The Cursed","The Disciple","The Hierophant","The Necromancer","The Poker Player","The Runesmith","The Senshi","The Servant 0.9.4","Thieving Mod","Transform Curses","WarShipGirlsR/????R mod","Youmu??????"],"gold_per_floor":[1000,1019,918,934,952,952,976,998,998,1018,1035,1035,716,734,746,841,841,841,859,877,1077,814,814,863,863,788,804,804,837,837,854,868,964,964,964,656,668,668,687,920,920,920,920,920,940,940,973,973,989,1007,1024,1024],"floor_reached":53,"language":"ENG","playtime":4078,"items_purged":["Slimebound:Split","Regret","Slimebound:CorrosiveSpit","Slimebound:Tackle","Slimebound:Defend_Slimebound","Slimebound:Defend_Slimebound","Slimebound:Defend_Slimebound","Slimebound:Defend_Slimebound","Slimebound:Strike_Slimebound","Slimebound:Strike_Slimebound","Slimebound:Strike_Slimebound","Slimebound:Nibble"],"score":851,"play_id":"fe3df2c0-4e0a-4952-9941-0d16a3b30ab4","local_time":"20210219151031","is_ascension_mode":false,"campfire_choices":[{"data":"Mayhem","floor":1.0,"key":"SMITH"},{"data":"Slimebound:Grow","floor":6.0,"key":"SMITH"},{"data":"Slimebound:RejuvenatingLick","floor":12.0,"key":"SMITH"},{"data":"Slimebound:RejuvenatingLick","floor":18.0,"key":"SMITH"},{"data":"Slimebound:SamplingLick","floor":25.0,"key":"SMITH"},{"data":"Slimebound:HauntingLick","floor":28.0,"key":"SMITH"},{"data":"Slimebound:GoopSpray","floor":30.0,"key":"SMITH"},{"data":"Slimebound:Schlurp","floor":35.0,"key":"SMITH"},{"data":"Slimebound:RejuvenatingLick","floor":42,"key":"SMITH"},{"data":"Slimebound:RejuvenatingLick","floor":46,"key":"SMITH"},{"data":"Slimebound:Schlurp","floor":48,"key":"SMITH"}],"circlet_count":0,"master_deck":["Mayhem+1","Slimebound:GoopSpray+1","Slimebound:Grow+1","Slimebound:Grow+1","Slimebound:Schlurp+1","Slimebound:HauntingLick+1","Slimebound:RejuvenatingLick+1","Slimebound:RejuvenatingLick+1","Slimebound:Schlurp+1","Slimebound:SamplingLick+1","Slimebound:LeechingTouch","Slimebound:Gluttony","Slimebound:RejuvenatingLick+1","Slimebound:HauntingLick+1","Slimebound:LeechingTouch","Slimebound:RejuvenatingLick+1","Slimebound:Grow+1"],"relics":["Slimebound:AbsorbEndCombat","Pen Nib","aspiration:IroncladSkillbook","Philosopher\u0027s Stone","MerchantsRug","Replay:Rubber Ducky","Odd Mushroom","Potion Belt","Toy Ornithopter","Smiling Mask","Membership Card","Calipers","Bag of Preparation","Pantograph","Pear"],"acts_visited":["Exordium","TheCity","TheBeyond"],"potions_floor_usage":[52],"damage_taken":[{"damage":0.0,"enemies":"Small Slimes","floor":2.0,"turns":3.0},{"damage":5.0,"enemies":"downfall:FleeingMerchant","floor":3.0,"turns":4.0},{"damage":3.0,"enemies":"2 Louse","floor":4.0,"turns":2.0},{"damage":0.0,"enemies":"Jaw Worm","floor":5.0,"turns":3.0},{"damage":4.0,"enemies":"The Mushroom Lair","floor":8.0,"turns":4.0},{"damage":0.0,"enemies":"3 Louse","floor":10.0,"turns":4.0},{"damage":8.0,"enemies":"Lots of Slimes","floor":11.0,"turns":4.0},{"damage":0.0,"enemies":"downfall:FleeingMerchant","floor":13.0,"turns":4.0},{"damage":2.0,"enemies":"Blue Slaver","floor":14.0,"turns":3.0},{"damage":8.0,"enemies":"Large Slime","floor":15.0,"turns":5.0},{"damage":48.0,"enemies":"DF_ARCHETYPE_STREAMLINE","floor":16.0,"turns":17.0},{"damage":17.0,"enemies":"3 Byrds","floor":19.0,"turns":6.0},{"damage":11.0,"enemies":"downfall:LooterAlt2","floor":20.0,"turns":3.0},{"damage":5.0,"enemies":"downfall:FleeingMerchant","floor":22.0,"turns":4.0},{"damage":0.0,"enemies":"Snecko","floor":27.0,"turns":5.0},{"damage":8.0,"enemies":"Slavers","floor":29.0,"turns":5.0},{"damage":0.0,"enemies":"Snake Plant","floor":31.0,"turns":3.0},{"damage":0.0,"enemies":"Centurion and Healer","floor":32.0,"turns":5.0},{"damage":0.0,"enemies":"IC_MUSHROOM_ARCHETYPE","floor":33.0,"turns":14.0},{"damage":0.0,"enemies":"downfall:FleeingMerchant","floor":36.0,"turns":4.0},{"damage":0,"enemies":"3 Darklings","floor":37,"turns":6},{"damage":0,"enemies":"Orb Walker","floor":39,"turns":3},{"damage":0,"enemies":"downfall:FleeingMerchant","floor":40,"turns":3},{"damage":0,"enemies":"Transient","floor":45,"turns":5},{"damage":0,"enemies":"Giant Head","floor":47,"turns":10},{"damage":0,"enemies":"Jaw Worm Horde","floor":49,"turns":4},{"damage":0,"enemies":"3 Darklings","floor":50,"turns":4},{"damage":0,"enemies":"Writhing Mass","floor":51,"turns":4},{"damage":24,"enemies":"SI_POISON_ARCHETYPE","floor":52,"turns":15}],"seed_played":"-8648655800059743210","potions_obtained":[{"floor":2.0,"key":"CultistPotion"},{"floor":10.0,"key":"Explosive Potion"},{"floor":14.0,"key":"SpeedPotion"},{"floor":16.0,"key":"champ:CounterPotion"},{"floor":27.0,"key":"CultistPotion"},{"floor":29.0,"key":"blueLaboratory:LouseDecoction"},{"floor":38,"key":"Milkshake"},{"floor":38,"key":"ZuzhouPotion:ReiMu"},{"floor":38,"key":"Venom Potion"},{"floor":39,"key":"Ancient Potion"},{"floor":47,"key":"blueLaboratory:EmptyBottle"},{"floor":50,"key":"Venom Potion"}],"is_trial":false,"path_per_floor":["R","M","$","M","M","R","T","?","?","M","M","R","$","M","M","B",null,"R","M","M","?","$","?","T","R","?","M","R","E","R","M","M","B",null,"R","$","M","?","M","$","T","R","PTL","PTL","M","R","E","R","M","M","M","B",null],"character_chosen":"SLIMEBOUND","items_purchased":["Slimebound:Grow","MerchantsRug","Potion Belt","Toy Ornithopter","Slimebound:SamplingLick","Slimebound:LeechingTouch","Membership Card","Calipers","Bag of Preparation","Slimebound:RejuvenatingLick","Pantograph","Slimebound:LeechingTouch","Slimebound:RejuvenatingLick"],"campfire_rested":0,"item_purchase_floors":[3,13,13,22,22,22,36,36,36,36,40,40,40],"current_hp_per_floor":[65,65,62,63,65,65,65,65,65,65,65,65,65,65,59,17,65,65,52,47,47,50,50,50,50,50,56,56,56,56,60,65,65,65,65,65,65,65,65,65,75,75,75,75,75,75,75,75,75,75,75,65],"gold":1024,"neow_bonus":"RANDOM_COLORLESS_2","is_daily":false,"chose_seed":false,"campfire_upgraded":11,"win_rate":0.0,"timestamp":1613743831,"path_taken":["R","M","$","M","M","R","T","?","?","M","M","R","$","M","M","BOSS","R","M","M","?","$","?","T","R","?","M","R","E","R","?","M","BOSS","R","$","M","?","M","$","T","R","PTL","PTL","M","R","E","R","?","M","M","BOSS"],"items_purchased_type":["Card","Relic","Relic","Relic","Card","Card","Relic","Relic","Relic","Card","Relic","Card","Card"],"build_version":"2020-12-22","purchased_purges":12,"victory":true,"max_hp_per_floor":[65,65,65,65,65,65,65,65,65,65,65,65,65,65,65,65,65,65,65,65,65,65,65,65,65,65,65,65,65,65,65,65,65,65,65,65,65,65,65,65,75,75,75,75,75,75,75,75,75,75,75,75],"card_choices":[{"not_picked":["Violence","Midas Touch"],"picked":"Mayhem","floor":0.0},{"not_picked":["Slimebound:RainOfGoop","Slimebound:FormOfPuddle"],"picked":"Slimebound:GoopSpray","floor":2.0},{"not_picked":["Slimebound:SamplingLick","Slimebound:LeadByExample"],"picked":"Slimebound:Grow","floor":3.0},{"not_picked":["Slimebound:SplitLeeching","Slimebound:SlimeBrawl"],"picked":"Slimebound:Schlurp","floor":4.0},{"not_picked":["Slimebound:SelfFormingGoo","Slimebound:PressTheAttack","Slimebound:FinishingTackle"],"picked":"SKIP","floor":5.0},{"not_picked":["Slimebound:SlimeTap","Slimebound:LeadByExample"],"picked":"Slimebound:HauntingLick","floor":8.0},{"not_picked":["Slimebound:LevelUp","Slimebound:Nibble"],"picked":"Slimebound:RejuvenatingLick","floor":10.0},{"not_picked":["Slimebound:RainOfGoop","Slimebound:SlimeSpikes","Slimebound:RollThrough"],"picked":"SKIP","floor":11.0},{"not_picked":["Slimebound:Repurpose","Slimebound:GoopTackle","Slimebound:Darklings"],"picked":"SKIP","floor":13.0},{"not_picked":["Slimebound:SplitSpecialist","Slimebound:ItLooksTasty","Slimebound:GoopTackle"],"picked":"SKIP","floor":14.0},{"not_picked":["Slimebound:DivideAndConquer","Slimebound:LeadByExample"],"picked":"Slimebound:RejuvenatingLick","floor":15.0},{"not_picked":["Slimebound:SplitMire","Slimebound:Replication+1"],"picked":"Slimebound:Schlurp","floor":19.0},{"not_picked":["Slimebound:ItLooksTasty","Slimebound:DisruptingSlam+1","Slimebound:Prepare"],"picked":"SKIP","floor":20.0},{"not_picked":["Slimebound:AcidTongue+1","Slimebound:MassFeed","Slimebound:FormOfPuddle"],"picked":"SKIP","floor":22.0},{"not_picked":["Slimebound:ItLooksTasty+1","Slimebound:SplitLeeching","Slimebound:CheckThePlaybook"],"picked":"SKIP","floor":27.0},{"not_picked":["Slimebound:SlimeBarrage+1","Slimebound:ItLooksTasty","Slimebound:GoopTackle"],"picked":"SKIP","floor":29.0},{"not_picked":["Slimebound:SplitLeeching","Slimebound:DivideAndConquer+1","Slimebound:FinishingTackle+1"],"picked":"SKIP","floor":31.0},{"not_picked":["Slimebound:SplitAcid+1","Slimebound:FinishingTackle","Slimebound:LeechingTouch"],"picked":"SKIP","floor":32.0},{"not_picked":["Slimebound:SplitMire+1","Slimebound:LeechEnergy+1","Slimebound:RollThrough+1"],"picked":"Slimebound:Gluttony","floor":36.0},{"not_picked":["Slimebound:LivingWall","Slimebound:PressTheAttack+1","Slimebound:Chomp+1"],"picked":"Slimebound:HauntingLick+1","floor":37},{"not_picked":["Slimebound:ComboTackle","Slimebound:PressTheAttack","Slimebound:DisruptingSlam+1"],"picked":"Slimebound:Nibble","floor":39},{"not_picked":["Slimebound:LivingWall+1","Slimebound:FirmFortitude","Slimebound:FinishingTackle+1","Slimebound:SplitMire+1"],"picked":"SKIP","floor":40},{"not_picked":["Slimebound:FormOfPuddle","Slimebound:PressTheAttack","Slimebound:GoopSpray+1","Slimebound:SplitSpecialist"],"picked":"SKIP","floor":45},{"not_picked":["Slimebound:SlimeSpikes","Slimebound:SplitBruiser+1","Slimebound:GoopSpray+1","Slimebound:FormOfPuddle+1"],"picked":"SKIP","floor":47},{"not_picked":["Slimebound:Equalize+1","Slimebound:GoopTackle+1","Slimebound:SplitMire","Slimebound:PressTheAttack+1"],"picked":"SKIP","floor":49},{"not_picked":["Slimebound:DuplicatedForm","Slimebound:SplitMire+1","Slimebound:Schlurp"],"picked":"Slimebound:Grow+1","floor":50},{"not_picked":["Slimebound:FinishingTackle+1","Slimebound:DivideAndConquer+1","Slimebound:AcidTongue","Slimebound:GoopSpray"],"picked":"SKIP","floor":51}],"player_experience":295518,"relics_obtained":[{"floor":8.0,"key":"Odd Mushroom"},{"floor":24.0,"key":"Replay:Rubber Ducky"},{"floor":29.0,"key":"Smiling Mask"},{"floor":41,"key":"Pear"},{"floor":47,"key":"Pen Nib"}],"event_choices":[{"damage_healed":0.0,"max_hp_gain":0.0,"max_hp_loss":0.0,"gold_gain":0.0,"event_name":"Mushrooms","player_choice":"Fought Mushrooms","floor":8.0,"gold_loss":0.0,"damage_taken":0.0},{"damage_healed":0.0,"max_hp_gain":0.0,"max_hp_loss":0.0,"gold_gain":0.0,"event_name":"betterMatch:BetterMatch","player_choice":"1","floor":26.0,"gold_loss":0.0,"damage_taken":0.0,"cards_obtained":["betterMatch:UncommonCard","betterMatch:ColorlessUncommonCard"]},{"damage_healed":0,"gold_gain":0,"player_choice":"Got Potions","damage_taken":0,"max_hp_gain":0,"max_hp_loss":0,"event_name":"Lab","floor":38,"gold_loss":0}],"is_beta":false,"boss_relics":[{"not_picked":["Snecko Eye","Sozu"],"picked":"Philosopher\u0027s Stone"},{"not_picked":["Honey Jar","Replay:Wanted Poster"],"picked":"aspiration:IroncladSkillbook"}],"items_purged_floors":[3,3,3,3,3,3,13,13,13,22,22,40],"is_endless":false,"potions_floor_spawned":[2,10,14,16,27,29,31,33,39,47,50],"ascension_level":0}}