{"host":"i2s4iw62z1dejrqn","time":1613746913,"event":{"mods":["AchievementEnabler","BaseMod","Minty Spire (QoL Compilation)","Random Character Button","SuperFastMode"],"gold_per_floor":[113,113,131,144,219,239,253,287,314,26,26,39,39,55,55,160,160,175,25,25,45,45,45,61,78,78,89,89,89],"floor_reached":28,"language":"KOR","playtime":2094,"items_purged":["Defend_G","Strike_G"],"score":325,"play_id":"0102b6fa-9501-46f4-b29c-4fd53c10f7c4","local_time":"20210220000153","is_ascension_mode":true,"campfire_choices":[{"data":"Crippling Poison","floor":13.0,"key":"SMITH"},{"floor":15.0,"key":"REST"},{"data":"Outmaneuver","floor":23.0,"key":"SMITH"}],"circlet_count":0,"master_deck":["Defend_G","Defend_G","Defend_G","Defend_G","Survivor","Neutralize","Outmaneuver+1","Footwork","Tools of the Trade","Well Laid Plans","PiercingWail","Crippling Poison+1","Accuracy","Blade Dance","Bane","Malaise","Dagger Spray+1","Slice+1","Caltrops+1","Acrobatics","Backflip+1","Skewer","Riddle With Holes","Calculated Gamble+1","Calculated Gamble+1","Noxious Fumes"],"relics":["Ring of the Snake","FossilizedHelix","White Beast Statue","Dream Catcher","Potion Belt","Astrolabe","Bottled Flame"],"acts_visited":["Exordium","TheCity"],"potions_floor_usage":[28],"damage_taken":[{"damage":0.0,"enemies":"Jaw Worm","floor":1.0,"turns":4.0},{"damage":0.0,"enemies":"Cultist","floor":3.0,"turns":5.0},{"damage":0.0,"enemies":"Small Slimes","floor":4.0,"turns":5.0},{"damage":1.0,"enemies":"3 Louse","floor":6.0,"turns":7.0},{"damage":22.0,"enemies":"Lots of Slimes","floor":7.0,"turns":9.0},{"damage":13.0,"enemies":"Lagavulin","floor":8.0,"turns":11.0},{"damage":3.0,"enemies":"2 Fungi Beasts","floor":12.0,"turns":5.0},{"damage":0.0,"enemies":"Exordium Wildlife","floor":14.0,"turns":5.0},{"damage":18.0,"enemies":"Slime Boss","floor":16.0,"turns":13.0},{"damage":31.0,"enemies":"Shell Parasite","floor":18.0,"turns":6.0},{"damage":0.0,"enemies":"Chosen","floor":21.0,"turns":5.0},{"damage":18.0,"enemies":"Sentry and Sphere","floor":24.0,"turns":6.0},{"damage":11.0,"enemies":"Chosen and Byrds","floor":25.0,"turns":6.0},{"damage":0.0,"enemies":"Centurion and Healer","floor":27.0,"turns":9.0},{"damage":20,"enemies":"Snecko","floor":28,"turns":6}],"seed_played":"6155977659805906802","potions_obtained":[{"floor":3.0,"key":"Swift Potion"},{"floor":6.0,"key":"PowerPotion"},{"floor":7.0,"key":"EntropicBrew"},{"floor":12.0,"key":"Fruit Juice"},{"floor":14.0,"key":"Block Potion"},{"floor":16.0,"key":"SpeedPotion"},{"floor":18.0,"key":"GhostInAJar"},{"floor":21.0,"key":"Dexterity Potion"},{"floor":24.0,"key":"AttackPotion"},{"floor":25.0,"key":"Poison Potion"},{"floor":27.0,"key":"CunningPotion"}],"is_trial":false,"path_per_floor":["M","?","M","M","?","M","M","E","T","$","$","M","R","M","R","B",null,"M","$","$","M","?","R","M","M","T","M","M"],"character_chosen":"THE_SILENT","items_purchased":["Potion Belt","Crippling Poison","Acrobatics"],"campfire_rested":1,"item_purchase_floors":[10,10,19],"current_hp_per_floor":[45,45,45,45,34,33,11,21,21,21,21,37,37,37,59,41,67,36,36,36,36,36,36,18,7,7,7,0,0],"gold":89,"neow_bonus":"ONE_RARE_RELIC","is_daily":false,"chose_seed":false,"campfire_upgraded":2,"win_rate":0.0,"timestamp":1613746913,"path_taken":["M","?","M","M","?","M","M","E","T","?","$","?","R","M","R","BOSS","M","?","$","M","?","R","M","M","T","M","M"],"items_purchased_type":["Relic","Card","Card"],"build_version":"2020-12-22","purchased_purges":2,"victory":false,"max_hp_per_floor":[70,70,70,70,70,70,70,70,70,70,70,75,75,75,75,75,75,75,75,75,75,75,75,75,75,75,75,75,75],"card_choices":[{"not_picked":["Underhanded Strike","Endless Agony"],"picked":"Outmaneuver","floor":1.0},{"not_picked":["Heel Hook","Slice"],"picked":"Footwork","floor":3.0},{"not_picked":["Bane","Slice"],"picked":"Tools of the Trade","floor":4.0},{"not_picked":["Sucker Punch","Prepared"],"picked":"Well Laid Plans","floor":6.0},{"not_picked":["Well Laid Plans","Distraction"],"picked":"PiercingWail","floor":7.0},{"not_picked":["Poisoned Stab","Finisher","Choke"],"picked":"SKIP","floor":8.0},{"not_picked":["Tactician","Blade Dance"],"picked":"Accuracy","floor":12.0},{"not_picked":["Slice","Dash"],"picked":"Blade Dance","floor":14.0},{"not_picked":["Poisoned Stab","PiercingWail"],"picked":"Bane","floor":15.0},{"not_picked":["Tools of the Trade","Wraith Form v2"],"picked":"Malaise","floor":16.0},{"not_picked":["Outmaneuver+1","Underhanded Strike"],"picked":"Caltrops+1","floor":18.0},{"not_picked":["Slice","Deflect"],"picked":"Backflip+1","floor":21.0},{"not_picked":["Cloak And Dagger","Underhanded Strike"],"picked":"Calculated Gamble+1","floor":24.0},{"not_picked":["Escape Plan","Underhanded Strike+1"],"picked":"Calculated Gamble+1","floor":25.0},{"not_picked":["Masterful Stab+1","Blade Dance+1"],"picked":"Noxious Fumes","floor":27.0}],"player_experience":474482,"relics_obtained":[{"floor":8.0,"key":"White Beast Statue"},{"floor":9.0,"key":"Dream Catcher"},{"floor":26.0,"key":"Bottled Flame"}],"event_choices":[{"damage_healed":0.0,"max_hp_gain":0.0,"max_hp_loss":0.0,"gold_gain":0.0,"event_name":"Liars Game","player_choice":"Ignored","floor":2.0,"gold_loss":0.0,"damage_taken":0.0},{"damage_healed":0.0,"max_hp_gain":0.0,"max_hp_loss":0.0,"gold_gain":75.0,"event_name":"World of Goop","player_choice":"Gather Gold","floor":5.0,"gold_loss":0.0,"damage_taken":11.0},{"damage_healed":0.0,"max_hp_gain":0.0,"max_hp_loss":0.0,"gold_gain":0.0,"cards_transformed":["Strike_G","Eviscerate"],"event_name":"Drug Dealer","player_choice":"Became Test Subject","floor":22.0,"gold_loss":0.0,"damage_taken":0.0,"cards_obtained":["Skewer","Riddle With Holes"]}],"is_beta":false,"boss_relics":[{"not_picked":["Ectoplasm","Tiny House"],"picked":"Astrolabe"}],"items_purged_floors":[10,19],"is_endless":false,"potions_floor_spawned":[3,6,7,12,14,16,18,21,24,25,27],"killed_by":"Snecko","ascension_level":9}}