{"host":"z37g2hkgkh2zjyzk","time":1613743633,"event":{"mods":["2.2 Compatiblity","AchievementEnabler","BaseMod","Bestiary","Colored Map","Colored Powertips","Curses Come First","Keyboard Shortcuts","Minty Spire (QoL Compilation)","Relic Stats","StSLib","SuperFastMode"],"gold_per_floor":[139,139,182,250,313,389,28,85,85,151,221,221,246,265,265,265,265],"floor_reached":16,"language":"ENG","playtime":1438,"items_purged":[],"score":155,"play_id":"0182ecaf-56cf-473a-a628-c3ecdfd05b0e","local_time":"20210219150713","is_ascension_mode":true,"campfire_choices":[{"floor":12,"key":"REST"},{"floor":15,"key":"REST"}],"circlet_count":0,"master_deck":["Strike_G","Strike_G","Strike_G","Strike_G","Strike_G","Defend_G","Defend_G","Defend_G","Defend_G","Defend_G","Survivor","Neutralize","HandOfGreed+1","Flying Knee","PiercingWail","Unload+1","Outmaneuver","Quick Slash+1"],"relics":["Ring of the Snake","Molten Egg 2","White Beast Statue","Bottled Flame","Bottled Lightning","Gremlin Horn"],"acts_visited":["Exordium"],"potions_floor_usage":[8,10,13,13,13,16,16],"damage_taken":[{"damage":8.0,"enemies":"Jaw Worm","floor":1.0,"turns":7.0},{"damage":0.0,"enemies":"Cultist","floor":3.0,"turns":4.0},{"damage":0.0,"enemies":"Small Slimes","floor":4.0,"turns":3.0},{"damage":30.0,"enemies":"Exordium Thugs","floor":5.0,"turns":9.0},{"damage":9.0,"enemies":"3 Sentries","floor":6.0,"turns":8.0},{"damage":8,"enemies":"Gremlin Nob","floor":8,"turns":5},{"damage":0,"enemies":"Large Slime","floor":10,"turns":4},{"damage":0,"enemies":"3 Louse","floor":11,"turns":4},{"damage":10,"enemies":"Lagavulin","floor":13,"turns":6},{"damage":4,"enemies":"Blue Slaver","floor":14,"turns":3},{"damage":31,"enemies":"Slime Boss","floor":16,"turns":9}],"seed_played":"6433508806028141930","potions_obtained":[{"floor":4.0,"key":"GamblersBrew"},{"floor":5.0,"key":"DistilledChaos"},{"floor":6.0,"key":"LiquidMemories"},{"floor":8,"key":"LiquidMemories"},{"floor":10,"key":"Dexterity Potion"},{"floor":11,"key":"Dexterity Potion"},{"floor":13,"key":"GamblersBrew"},{"floor":14,"key":"SpeedPotion"}],"is_trial":false,"path_per_floor":["M","?","M","M","M","E","$","E","T","M","M","R","E","M","R","B"],"character_chosen":"THE_SILENT","items_purchased":["White Beast Statue","GhostInAJar"],"campfire_rested":2,"item_purchase_floors":[7,7],"current_hp_per_floor":[55,55,55,55,25,16,16,8,8,8,8,26,16,12,30,0,0],"gold":265,"neow_bonus":"RANDOM_COLORLESS_2","is_daily":false,"chose_seed":false,"campfire_upgraded":0,"win_rate":0.0,"timestamp":1613743633,"path_taken":["M","?","M","?","M","E","$","E","T","M","M","R","E","M","R","BOSS"],"items_purchased_type":["Relic","Potion"],"build_version":"2020-12-22","purchased_purges":0,"victory":false,"max_hp_per_floor":[63,63,63,63,63,63,63,63,63,63,63,63,63,63,63,63,63],"relic_stats":{"Gremlin Horn":[2,2],"counters":[11,62],"obtain_stats":[{"Bottled Flame":8,"Gremlin Horn":13,"Molten Egg 2":6,"Bottled Lightning":9,"White Beast Statue":7,"Ring of the Snake":0},{"Bottled Flame":6,"Gremlin Horn":9,"Molten Egg 2":5,"Bottled Lightning":6,"White Beast Statue":5,"Ring of the Snake":0},{"Bottled Flame":36,"Gremlin Horn":50,"Molten Egg 2":31,"Bottled Lightning":36,"White Beast Statue":31,"Ring of the Snake":0}],"Ring of the Snake":[22]},"card_choices":[{"not_picked":["Mayhem","Chrysalis"],"picked":"HandOfGreed","floor":0.0},{"not_picked":["Deflect","Deadly Poison"],"picked":"Flying Knee","floor":1.0},{"not_picked":["Flying Knee","Acrobatics"],"picked":"PiercingWail","floor":3.0},{"not_picked":["Bane","Deadly Poison","Cloak And Dagger"],"picked":"SKIP","floor":4.0},{"not_picked":["PiercingWail","Dodge and Roll","Crippling Poison"],"picked":"SKIP","floor":5.0},{"not_picked":["Bouncing Flask","Crippling Poison"],"picked":"Unload+1","floor":6.0},{"not_picked":["Cloak And Dagger","Finisher+1"],"picked":"Outmaneuver","floor":8},{"not_picked":["Cloak And Dagger","Slice+1","Blade Dance"],"picked":"SKIP","floor":10},{"not_picked":["Cloak And Dagger","Bane+1","Deadly Poison"],"picked":"SKIP","floor":11},{"not_picked":["Outmaneuver","Distraction","Cloak And Dagger"],"picked":"SKIP","floor":13},{"not_picked":["Outmaneuver","Deflect"],"picked":"Quick Slash+1","floor":14}],"player_experience":119218,"relics_obtained":[{"floor":6.0,"key":"Molten Egg 2"},{"floor":8,"key":"Bottled Flame"},{"floor":9,"key":"Bottled Lightning"},{"floor":13,"key":"Gremlin Horn"}],"event_choices":[{"damage_healed":0.0,"max_hp_gain":0.0,"max_hp_loss":0.0,"gold_gain":0.0,"event_name":"Upgrade Shrine","player_choice":"Upgraded","floor":2.0,"gold_loss":0.0,"damage_taken":0.0,"cards_upgraded":["HandOfGreed"]}],"is_beta":false,"boss_relics":[],"items_purged_floors":[],"is_endless":false,"potions_floor_spawned":[4,5,6,8,10,11,13,14],"killed_by":"Slime Boss","ascension_level":5}}