{"host":"swphzoo6hmc78epl","time":1613705487,"event":{"mods":["BaseMod","Highlight Path","Minty Spire (QoL Compilation)","Quick Restart"],"gold_per_floor":[118,118,138,313,313,348,378,403,470,516,135,135,151,168,168,268,268,282,282,13,0,0,30,30,61,107,123,158,158,257,292,292,392,392,412,429,429,429,441,441,441],"floor_reached":40,"language":"ENG","playtime":2134,"items_purged":["Doubt","Strike_B"],"score":704,"play_id":"93bdab78-45b9-4c52-aad0-147118f68443","local_time":"20210218223127","is_ascension_mode":true,"campfire_choices":[{"data":"Metamorphosis","floor":12,"key":"SMITH"},{"data":"Melter","floor":15,"key":"SMITH"},{"data":"Ghostly","floor":29,"key":"SMITH"},{"data":"Ghostly","floor":32,"key":"SMITH"}],"circlet_count":0,"master_deck":["Strike_B","Strike_B","Strike_B","Defend_B","Defend_B","Defend_B","Defend_B","Zap","Dualcast","Barrage","Cold Snap","Compile Driver","FTL","Lockon","Melter+1","Metamorphosis+1","Ball Lightning","Conserve Battery","Machine Learning+1","Conserve Battery","Ghostly+1","Ghostly+1","Ghostly","Ghostly","Ghostly","Mayhem+1","Writhe","Loop+1","Self Repair+1","Creative AI+1","Reinforced Body+1","Darkness+1","Electrodynamics+1","Recycle+1","Dark Shackles"],"relics":["Cracked Core","NeowsBlessing","Frozen Egg 2","MawBank","Juzu Bracelet","Dead Branch","Oddly Smooth Stone","Inserter","MealTicket","Symbiotic Virus","Dream Catcher","Strawberry","Ice Cream","Bag of Marbles","Sozu"],"acts_visited":["Exordium","TheCity","TheBeyond"],"potions_floor_usage":[8,10,10,10,14,23,27,27,28,40],"damage_taken":[{"damage":0,"enemies":"Small Slimes","floor":1,"turns":1},{"damage":0,"enemies":"Cultist","floor":3,"turns":1},{"damage":0,"enemies":"3 Sentries","floor":6,"turns":1},{"damage":2,"enemies":"2 Louse","floor":7,"turns":2},{"damage":8,"enemies":"Gremlin Gang","floor":8,"turns":3},{"damage":20,"enemies":"Gremlin Nob","floor":10,"turns":4},{"damage":10,"enemies":"Looter","floor":13,"turns":3},{"damage":8,"enemies":"Exordium Wildlife","floor":14,"turns":3},{"damage":10,"enemies":"Hexaghost","floor":16,"turns":9},{"damage":20,"enemies":"Shell Parasite","floor":18,"turns":4},{"damage":12,"enemies":"Book of Stabbing","floor":23,"turns":5},{"damage":24,"enemies":"Slavers","floor":25,"turns":6},{"damage":14,"enemies":"2 Thieves","floor":27,"turns":5},{"damage":4,"enemies":"Gremlin Leader","floor":28,"turns":9},{"damage":9,"enemies":"Book of Stabbing","floor":31,"turns":6},{"damage":25,"enemies":"Champ","floor":33,"turns":8},{"damage":14,"enemies":"3 Shapes","floor":35,"turns":6},{"damage":1,"enemies":"Orb Walker","floor":36,"turns":3},{"damage":1,"enemies":"Transient","floor":39,"turns":5},{"damage":50,"enemies":"Nemesis","floor":40,"turns":3}],"seed_played":"-6111582307910215533","potions_obtained":[{"floor":2,"key":"EntropicBrew"},{"floor":2,"key":"LiquidBronze"},{"floor":2,"key":"Strength Potion"},{"floor":3,"key":"LiquidMemories"},{"floor":7,"key":"LiquidBronze"},{"floor":13,"key":"EssenceOfSteel"},{"floor":16,"key":"EntropicBrew"},{"floor":28,"key":"Ancient Potion"}],"is_trial":false,"path_per_floor":["M","?","M","?","?","E","M","M","T","E","$","R","M","M","R","B",null,"M","?","$","?","?","E","?","E","T","M","E","R","?","E","R","B",null,"M","M","?","?","M","E"],"character_chosen":"DEFECT","items_purchased":["Metamorphosis","Oddly Smooth Stone","Mayhem+1"],"campfire_rested":0,"item_purchase_floors":[11,11,20],"current_hp_per_floor":[75,75,75,75,75,75,73,65,65,45,45,45,35,27,27,17,75,55,37,37,37,37,25,25,1,8,23,29,29,29,30,30,15,44,40,39,39,39,44,0,0],"gold":441,"neow_bonus":"THREE_ENEMY_KILL","is_daily":false,"chose_seed":false,"campfire_upgraded":4,"win_rate":0.0,"timestamp":1613705487,"path_taken":["M","?","?","?","?","E","M","?","T","E","$","R","M","M","R","BOSS","M","?","$","?","?","E","?","E","T","M","E","R","?","E","R","BOSS","M","M","?","?","M","E"],"items_purchased_type":["Card","Relic","Card"],"build_version":"2020-12-22","purchased_purges":2,"victory":false,"max_hp_per_floor":[75,75,75,75,75,75,75,75,75,75,75,75,75,75,75,75,75,75,37,37,37,37,37,37,37,44,44,44,44,44,44,44,44,44,44,44,44,44,44,44,44],"card_choices":[{"not_picked":["Beam Cell","Rip and Tear"],"picked":"Barrage","floor":1},{"not_picked":["Streamline","Compile Driver"],"picked":"Cold Snap","floor":3},{"not_picked":["Hologram","Steam"],"picked":"Compile Driver","floor":6},{"not_picked":["Go for the Eyes","Chill"],"picked":"FTL","floor":7},{"not_picked":["Meteor Strike","Cold Snap"],"picked":"Lockon","floor":8},{"not_picked":["Steam","Go for the Eyes"],"picked":"Melter","floor":10},{"not_picked":["Leap","Barrage"],"picked":"Ball Lightning","floor":13},{"not_picked":["Coolheaded","Stack"],"picked":"Conserve Battery","floor":14},{"not_picked":["Biased Cognition+1","Buffer+1"],"picked":"Machine Learning+1","floor":16},{"not_picked":["Steam","Turbo+1"],"picked":"Conserve Battery","floor":18},{"not_picked":["Gash+1","Streamline"],"picked":"Loop+1","floor":23},{"not_picked":["Redo","Lockon+1"],"picked":"Creative AI+1","floor":25},{"not_picked":["Rebound","Redo","Doom and Gloom"],"picked":"SKIP","floor":27},{"not_picked":["Turbo","Sunder"],"picked":"Reinforced Body+1","floor":28},{"not_picked":["Conserve Battery","Genetic Algorithm"],"picked":"Darkness+1","floor":31},{"not_picked":["Amplify","Thunder Strike"],"picked":"Electrodynamics+1","floor":33},{"not_picked":["Conserve Battery","Doom and Gloom","Leap"],"picked":"SKIP","floor":35},{"not_picked":["Conserve Battery+1","Beam Cell"],"picked":"Recycle+1","floor":36},{"not_picked":["Enlightenment","Jack Of All Trades"],"picked":"Dark Shackles","floor":38},{"not_picked":["Rebound","Beam Cell+1","Barrage+1"],"picked":"SKIP","floor":39}],"player_experience":882088,"relics_obtained":[{"floor":6,"key":"MawBank"},{"floor":9,"key":"Juzu Bracelet"},{"floor":10,"key":"Dead Branch"},{"floor":23,"key":"Symbiotic Virus"},{"floor":25,"key":"Dream Catcher"},{"floor":26,"key":"Strawberry"},{"floor":28,"key":"Ice Cream"},{"floor":31,"key":"Bag of Marbles"}],"event_choices":[{"damage_healed":0,"gold_gain":0,"player_choice":"Got Potions","damage_taken":0,"max_hp_gain":0,"max_hp_loss":0,"event_name":"Lab","floor":2,"gold_loss":0},{"damage_healed":0,"gold_gain":175,"player_choice":"AGREE","damage_taken":0,"max_hp_gain":0,"max_hp_loss":0,"event_name":"Liars Game","floor":4,"gold_loss":0,"cards_obtained":["Doubt"]},{"damage_healed":0,"gold_gain":0,"player_choice":"Gave Potion","damage_taken":0,"relics_obtained":["Frozen Egg 2"],"max_hp_gain":0,"max_hp_loss":0,"event_name":"WeMeetAgain","floor":5,"gold_loss":0},{"damage_healed":0,"gold_gain":0,"player_choice":"Became a Ghost","damage_taken":0,"max_hp_gain":0,"max_hp_loss":38,"event_name":"Ghosts","floor":19,"gold_loss":0,"cards_obtained":["Ghostly","Ghostly","Ghostly","Ghostly","Ghostly"]},{"damage_healed":0,"gold_gain":0,"player_choice":"Paid Fearfully","damage_taken":0,"max_hp_gain":0,"max_hp_loss":0,"event_name":"Masked Bandits","floor":21,"gold_loss":13},{"damage_healed":0,"gold_gain":0,"player_choice":"Opened","damage_taken":0,"relics_obtained":["MealTicket"],"max_hp_gain":0,"max_hp_loss":0,"event_name":"The Mausoleum","floor":22,"gold_loss":0,"cards_obtained":["Writhe"]},{"damage_healed":0,"gold_gain":0,"player_choice":"Read","damage_taken":0,"max_hp_gain":0,"max_hp_loss":0,"event_name":"The Library","floor":24,"gold_loss":0,"cards_obtained":["Self Repair"]},{"damage_healed":0,"gold_gain":99,"player_choice":"Stole From Cult","damage_taken":0,"max_hp_gain":0,"max_hp_loss":0,"event_name":"Nest","floor":30,"gold_loss":0},{"damage_healed":0,"gold_gain":0,"player_choice":"Ignored","damage_taken":0,"max_hp_gain":0,"max_hp_loss":0,"event_name":"Tomb of Lord Red Mask","floor":37,"gold_loss":0},{"damage_healed":0,"gold_gain":0,"player_choice":"Memory 1","damage_taken":0,"max_hp_gain":0,"max_hp_loss":0,"event_name":"SensoryStone","floor":38,"gold_loss":0}],"is_beta":false,"boss_relics":[{"not_picked":["Tiny House","Philosopher\u0027s Stone"],"picked":"Inserter"},{"not_picked":["Busted Crown","Calling Bell"],"picked":"Sozu"}],"items_purged_floors":[11,20],"is_endless":false,"potions_floor_spawned":[3,7,13,16,18,28,36],"killed_by":"Nemesis","ascension_level":3}}