{"host":"f5gffvlv6a66yqkd","time":1613731510,"event":{"mods":["2.2 Compatiblity","BaseMod","Colored Map","Custom Start","DeckTracker","Keyboard Shortcuts","Minty Spire (QoL Compilation)","Permanent Neow","Quick Restart","Relic Stats","StSLib","SuperFastMode"],"gold_per_floor":[111,125,125,138,148,148,181,200,200,264,264,292,292,320,320,402,402,414,430,430,430,480,480,405,419,443,29,29,29,29,54,54,54,54],"floor_reached":33,"language":"KOR","playtime":490,"items_purged":[],"score":482,"play_id":"86c1cdc3-bb74-4046-9ccd-0edbc5a6c78c","local_time":"20210219194510","is_ascension_mode":true,"campfire_choices":[{"data":"Tantrum","floor":6.0,"key":"SMITH"},{"data":"EmptyFist","floor":11.0,"key":"SMITH"},{"data":"Vigilance","floor":13.0,"key":"SMITH"},{"data":"TalkToTheHand","floor":15.0,"key":"SMITH"},{"data":"Scrawl","floor":23.0,"key":"SMITH"},{"data":"Ragnarok","floor":28.0,"key":"SMITH"},{"data":"Flash of Steel","floor":30.0,"key":"SMITH"},{"data":"Halt","floor":32.0,"key":"SMITH"}],"circlet_count":0,"master_deck":["AscendersBane","Strike_P","Strike_P","Strike_P","Defend_P","Defend_P","Defend_P","Defend_P","Eruption+1","Vigilance+1","EmptyFist+1","Tantrum+1","CarveReality","InnerPeace","TalkToTheHand+1","Scrawl+1","Flash of Steel+1","Ragnarok+1","Halt+1"],"relics":["PureWater","Potion Belt","CeramicFish","Happy Flower","Bronze Scales","SlaversCollar","Strawberry","Vajra","Bag of Marbles"],"acts_visited":["Exordium","TheCity"],"potions_floor_usage":[33,33],"damage_taken":[{"damage":0.0,"enemies":"2 Louse","floor":1.0,"turns":4.0},{"damage":0.0,"enemies":"Jaw Worm","floor":2.0,"turns":2.0},{"damage":0.0,"enemies":"Small Slimes","floor":4.0,"turns":2.0},{"damage":0.0,"enemies":"2 Fungi Beasts","floor":5.0,"turns":2.0},{"damage":3.0,"enemies":"Gremlin Nob","floor":7.0,"turns":3.0},{"damage":6.0,"enemies":"3 Louse","floor":8.0,"turns":2.0},{"damage":8.0,"enemies":"Gremlin Nob","floor":10.0,"turns":3.0},{"damage":0.0,"enemies":"Looter","floor":12.0,"turns":2.0},{"damage":0.0,"enemies":"Large Slime","floor":14.0,"turns":3.0},{"damage":11.0,"enemies":"The Guardian","floor":16.0,"turns":7.0},{"damage":18.0,"enemies":"2 Thieves","floor":18.0,"turns":3.0},{"damage":0.0,"enemies":"Chosen","floor":19.0,"turns":2.0},{"damage":0.0,"enemies":"Snake Plant","floor":25.0,"turns":4.0},{"damage":15.0,"enemies":"Snecko","floor":31.0,"turns":3.0},{"damage":33,"enemies":"Collector","floor":33,"turns":2}],"seed_played":"6328237802944028212","potions_obtained":[{"floor":1.0,"key":"Block Potion"},{"floor":2.0,"key":"Ancient Potion"},{"floor":4.0,"key":"Ancient Potion"},{"floor":8.0,"key":"SteroidPotion"},{"floor":18.0,"key":"Explosive Potion"},{"floor":25.0,"key":"AttackPotion"}],"is_trial":false,"path_per_floor":["M","M","?","M","M","R","E","M","T","?","R","M","R","M","R","B",null,"M","M","?","?","?","R","?","M","T","$","R","T","R","M","R","B"],"character_chosen":"WATCHER","items_purchased":["Flash of Steel","Ragnarok","Vajra"],"campfire_rested":0,"item_purchase_floors":[27,27,27],"current_hp_per_floor":[61,61,61,61,61,61,58,52,52,44,44,44,44,44,44,33,59,41,41,41,41,41,41,41,41,48,48,48,48,48,33,33,0,0],"gold":54,"neow_bonus":"RANDOM_COMMON_RELIC","is_daily":false,"chose_seed":false,"campfire_upgraded":8,"win_rate":0.0,"timestamp":1613731510,"path_taken":["M","M","?","M","M","R","E","M","T","?","R","M","R","M","R","BOSS","M","M","?","?","?","R","?","M","T","?","R","?","R","?","R","BOSS"],"items_purchased_type":["Card","Card","Relic"],"build_version":"2020-12-22","purchased_purges":0,"victory":false,"max_hp_per_floor":[68,68,68,68,68,68,68,68,68,68,68,68,68,68,68,68,68,68,68,68,68,68,68,68,68,75,75,75,75,75,75,75,75,75],"relic_stats":{"Happy Flower":[9],"counters":[15,44],"CeramicFish":54,"Bronze Scales":[51],"obtain_stats":[{"Potion Belt":0,"SlaversCollar":17,"Happy Flower":9,"CeramicFish":7,"Bronze Scales":10,"Strawberry":26,"Vajra":27,"Bag of Marbles":29,"PureWater":0},{"Potion Belt":0,"SlaversCollar":10,"Happy Flower":6,"CeramicFish":5,"Bronze Scales":7,"Strawberry":13,"Vajra":13,"Bag of Marbles":13,"PureWater":0},{"Potion Belt":0,"SlaversCollar":30,"Happy Flower":15,"CeramicFish":13,"Bronze Scales":18,"Strawberry":39,"Vajra":39,"Bag of Marbles":39,"PureWater":0}]},"card_choices":[{"not_picked":["EmptyMind","ThirdEye"],"picked":"EmptyFist","floor":1.0},{"not_picked":["Collect","ThirdEye"],"picked":"Tantrum","floor":2.0},{"not_picked":["SignatureMove","PathToVictory"],"picked":"CarveReality","floor":4.0},{"not_picked":["SashWhip","Collect","Weave"],"picked":"SKIP","floor":5.0},{"not_picked":["EmptyFist","EmptyMind","FollowUp"],"picked":"SKIP","floor":7.0},{"not_picked":["Wish","Fasting2","Weave"],"picked":"SKIP","floor":8.0},{"not_picked":["Halt","WaveOfTheHand"],"picked":"InnerPeace","floor":12.0},{"not_picked":["Crescendo","EmptyMind"],"picked":"TalkToTheHand","floor":14.0},{"not_picked":["Devotion","Establishment"],"picked":"Scrawl","floor":16.0},{"not_picked":["FollowUp+1","EmptyBody","BattleHymn"],"picked":"SKIP","floor":18.0},{"not_picked":["Evaluate","ClearTheMind","ThirdEye"],"picked":"SKIP","floor":19.0},{"not_picked":["JustLucky","Worship","PathToVictory"],"picked":"SKIP","floor":25.0},{"not_picked":["EmptyFist","ThirdEye"],"picked":"Halt","floor":31.0}],"player_experience":1516351,"relics_obtained":[{"floor":7.0,"key":"CeramicFish"},{"floor":9.0,"key":"Happy Flower"},{"floor":10.0,"key":"Bronze Scales"},{"floor":26.0,"key":"Strawberry"},{"floor":29.0,"key":"Bag of Marbles"}],"event_choices":[{"damage_healed":0.0,"max_hp_gain":0.0,"max_hp_loss":0.0,"gold_gain":0.0,"event_name":"Living Wall","player_choice":"Grow","floor":3.0,"gold_loss":0.0,"damage_taken":0.0,"cards_upgraded":["Eruption"]},{"damage_healed":0.0,"max_hp_gain":0.0,"max_hp_loss":0.0,"gold_gain":30.0,"event_name":"Dead Adventurer","player_choice":"Searched \u00272\u0027 times","floor":10.0,"gold_loss":0.0,"damage_taken":0.0},{"damage_healed":0.0,"max_hp_gain":0.0,"max_hp_loss":0.0,"gold_gain":0.0,"event_name":"Ghosts","player_choice":"Ignored","floor":20.0,"gold_loss":0.0,"damage_taken":0.0},{"damage_healed":0.0,"max_hp_gain":0.0,"max_hp_loss":0.0,"gold_gain":0.0,"event_name":"The Mausoleum","player_choice":"Ignored","floor":21.0,"gold_loss":0.0,"damage_taken":0.0},{"damage_healed":0.0,"max_hp_gain":0.0,"max_hp_loss":0.0,"gold_gain":50.0,"event_name":"Nest","player_choice":"Stole From Cult","floor":22.0,"gold_loss":0.0,"damage_taken":0.0},{"cards_removed":["Strike_P"],"damage_healed":0.0,"max_hp_gain":0.0,"max_hp_loss":0.0,"gold_gain":0.0,"event_name":"Beggar","player_choice":"Gave Gold","floor":24.0,"gold_loss":75.0,"damage_taken":0.0}],"is_beta":false,"boss_relics":[{"not_picked":["Tiny House","Fusion Hammer"],"picked":"SlaversCollar"}],"items_purged_floors":[],"is_endless":false,"potions_floor_spawned":[1,2,4,8,14,18,25],"killed_by":"Collector","ascension_level":19}}