{"host":"bwv3g1hezaeonepb","time":1613727078,"event":{"mods":["Aspiration","BaseMod","Colored Powertips","Conspire","KomeijiMod","Minty Spire (QoL Compilation)","Replay The Spire","Shop Mod","StSLib","The Construct","The Cursed","The Runesmith"],"gold_per_floor":[116,116,116,133,133,148,100000,100000,100000,99156,99171,99171,99182,99192,99192,99289,99289,99304,99316,99316,98252,98264,98293,98293,98293],"floor_reached":24,"language":"ZHS","playtime":1390,"items_purged":["Injury","Regret"],"score":210,"play_id":"d92993f4-3022-47bc-b5c0-b40f2f8308db","local_time":"20210219173118","is_ascension_mode":false,"campfire_choices":[{"floor":12,"key":"REST"},{"floor":15,"key":"REST"}],"circlet_count":0,"master_deck":["Strike_B+1","Strike_B+1","Strike_B+1","Strike_B+1","Defend_B+1","Defend_B+1","Defend_B+1","Defend_B+1","Zap","Dualcast","Gash","Barrage","Leap","Conserve Battery","Thunder Strike+1","Leap","Sweeping Beam+1","Storm","Beam Cell+1","Amplify","Compile Driver+1","Sweeping Beam+1","Self Repair","Self Repair","Seek","aspiration:Polymerization","Melter+1"],"relics":["Cracked Core","aspiration:Nostalgia","Ring of the Snake","Bag of Preparation","Molten Egg 2","conspire:Flyswatter","Pocketwatch","Sling","MerchantsRug","conspire:RunicOctahedron","Letter Opener","conspire:Dentures","DollysMirror","conspire:DeflatedDodgeball"],"acts_visited":["Exordium","TheCity"],"potions_floor_usage":[16,23,23,23],"damage_taken":[{"damage":0,"enemies":"Cultist","floor":1,"turns":3},{"damage":8,"enemies":"2 Louse","floor":4,"turns":3},{"damage":7,"enemies":"Jaw Worm","floor":6,"turns":4},{"damage":10,"enemies":"Exordium Wildlife","floor":7,"turns":4},{"damage":6,"enemies":"Looter","floor":11,"turns":3},{"damage":19,"enemies":"Exordium Thugs","floor":13,"turns":4},{"damage":7,"enemies":"Exordium Wildlife","floor":14,"turns":3},{"damage":39,"enemies":"Hexaghost","floor":16,"turns":9},{"damage":7,"enemies":"Chosen","floor":18,"turns":4},{"damage":37,"enemies":"Spheric Guardian","floor":19,"turns":6},{"damage":30,"enemies":"Snake Plant","floor":22,"turns":6},{"damage":11,"enemies":"Slavers","floor":23,"turns":3},{"damage":6,"enemies":"Snecko","floor":24,"turns":2}],"seed_played":"6829246251998520760","potions_obtained":[{"floor":14,"key":"Venom Potion"},{"floor":16,"key":"Toxic Potion"}],"is_trial":false,"path_per_floor":["M","$","?","M","?","M","M","?","T","$","M","R","M","M","R","B",null,"M","M","?","$","M","E","M"],"character_chosen":"DEFECT","items_purchased":["Pocketwatch","Sling","MerchantsRug","Thunder Strike+1","Leap","Self Repair","Letter Opener","conspire:Dentures","DollysMirror","Seek","SteroidPotion","Energy Potion"],"campfire_rested":2,"item_purchase_floors":[10,10,10,10,10,21,21,21,21,21,21,21],"current_hp_per_floor":[75,75,75,67,52,45,35,35,35,35,29,51,32,25,47,8,75,68,31,31,31,15,4,0,0],"gold":98293,"neow_bonus":"NOSTALGIA","is_daily":false,"chose_seed":false,"campfire_upgraded":0,"win_rate":0.0,"timestamp":1613727078,"path_taken":["M","?","?","?","?","M","M","?","T","?","?","R","M","M","R","BOSS","M","M","?","$","M","E","M"],"items_purchased_type":["Relic","Relic","Relic","Card","Card","Card","Relic","Relic","Relic","Card","Potion","Potion"],"build_version":"2020-12-22","purchased_purges":2,"victory":false,"max_hp_per_floor":[75,75,75,75,75,75,75,75,75,75,75,75,75,75,75,75,75,75,75,75,75,75,75,75,75],"card_choices":[{"not_picked":["Hello World","Beam Cell"],"picked":"Gash","floor":1},{"not_picked":["Cold Snap","BasicCrystalCard"],"picked":"Barrage","floor":4},{"not_picked":["ReplayTheSpireMod:Reroute Power","Stack"],"picked":"Leap","floor":6},{"not_picked":["Stack","Cold Snap"],"picked":"Conserve Battery","floor":7},{"not_picked":["Ball Lightning+1","Hologram"],"picked":"Sweeping Beam+1","floor":11},{"not_picked":["ReplayRNGCard","Cold Snap+1"],"picked":"Storm","floor":13},{"not_picked":["ReplaySort","Coolheaded"],"picked":"Beam Cell+1","floor":14},{"not_picked":["Biased Cognition","Buffer"],"picked":"Amplify","floor":16},{"not_picked":["Force Field+1","Tempest+1"],"picked":"Compile Driver+1","floor":18},{"not_picked":["Go for the Eyes+1","Cold Snap+1"],"picked":"Sweeping Beam+1","floor":19},{"not_picked":["Barrage+1","Compile Driver+1"],"picked":"aspiration:Polymerization","floor":22},{"not_picked":["Steam","ReplaySolidLightProjector"],"picked":"Melter+1","floor":23}],"player_experience":18101,"relics_obtained":[{"floor":9,"key":"conspire:Flyswatter"},{"floor":23,"key":"conspire:DeflatedDodgeball"}],"event_choices":[{"damage_healed":0,"gold_gain":0,"player_choice":"Box","damage_taken":0,"relics_obtained":["Bag of Preparation"],"max_hp_gain":0,"max_hp_loss":0,"event_name":"Big Fish","floor":3,"gold_loss":0,"cards_obtained":["Regret"]},{"damage_healed":0,"gold_gain":0,"player_choice":"Entered Light","damage_taken":15,"max_hp_gain":0,"max_hp_loss":0,"event_name":"Shining Light","floor":5,"gold_loss":0,"cards_upgraded":["Defend_B","Defend_B"]},{"damage_healed":0,"gold_gain":0,"player_choice":"Simplicity","damage_taken":0,"max_hp_gain":0,"max_hp_loss":0,"event_name":"Back to Basics","floor":20,"gold_loss":0,"cards_upgraded":["Strike_B","Strike_B","Strike_B","Strike_B","Defend_B","Defend_B"]}],"is_beta":false,"boss_relics":[{"not_picked":["aspiration:WatcherSkillbook","Replay:Grab Bag"],"picked":"conspire:RunicOctahedron"}],"items_purged_floors":[10,21],"is_endless":false,"potions_floor_spawned":[14,16,23],"killed_by":"Snecko","ascension_level":0}}