{"host":"agl6880ykeaxaurv","time":1613723137,"event":{"mods":["AchievementEnabler","BaseMod","Colored Map","Colored Powertips","Downfall","Hermit","Highlight Path","Infinite Spire","Minty Spire (QoL Compilation)","Robot Space Explorer","Shop Mod","StSLib","The Cursed","The Disciple","The Runesmith","The Servant 0.9.4"],"gold_per_floor":[119,133,144,154,166,194,194,369,423,433,33,49,66,96,96,197,197,210,210,227,227,227],"floor_reached":21,"language":"ENG","playtime":1806,"items_purged":[],"score":220,"play_id":"26381bf8-1378-44fb-be69-a6c6ef363ca1","local_time":"20210219082537","is_ascension_mode":false,"campfire_choices":[{"floor":7,"key":"REST"},{"floor":15,"key":"REST"}],"circlet_count":0,"master_deck":["Runesmith:Strike_RS","Runesmith:Strike_RS","Runesmith:Strike_RS","Runesmith:Strike_RS","Runesmith:Defend_RS","Runesmith:Defend_RS","Runesmith:Defend_RS","Runesmith:Defend_RS","Runesmith:CraftFirestone","Runesmith:Fortify","Runesmith:Attraction","Runesmith:PoweredAnvil","Runesmith:RuneHurl","Runesmith:Grindstone","Runesmith:ChargedHammer","Runesmith:Electrocute","Doubt","Runesmith:CraftMedicinae","Runesmith:HammerTime","Runesmith:LithiumIon","Runesmith:DoubleUp","Runesmith:ChiselStab","Runesmith:HammerThrow","Runesmith:DuctTape+1","Runesmith:StaticCage+1","Runesmith:Permafrost+1","Runesmith:ChiselStab+1"],"relics":["Runesmith:BrokenRuby","Tiny Chest","Mango","Frozen Egg 2","Philosopher\u0027s Stone"],"acts_visited":["Exordium","TheCity"],"potions_floor_usage":[6,6,13,18],"damage_taken":[{"damage":1,"enemies":"Cultist","floor":1,"turns":4},{"damage":4,"enemies":"Jaw Worm","floor":2,"turns":5},{"damage":16,"enemies":"infinitespire:Voidling","floor":3,"turns":5},{"damage":9,"enemies":"Exordium Thugs","floor":4,"turns":4},{"damage":14,"enemies":"Exordium Wildlife","floor":5,"turns":5},{"damage":20,"enemies":"3 Sentries","floor":6,"turns":6},{"damage":2,"enemies":"3 Louse","floor":10,"turns":4},{"damage":15,"enemies":"Blue Slaver","floor":12,"turns":5},{"damage":1,"enemies":"Looter","floor":13,"turns":4},{"damage":29,"enemies":"Lagavulin","floor":14,"turns":8},{"damage":46,"enemies":"Slime Boss","floor":16,"turns":11},{"damage":18,"enemies":"3 Byrds","floor":18,"turns":5},{"damage":29,"enemies":"Spheric Guardian","floor":20,"turns":5},{"damage":46,"enemies":"3 Cultists","floor":21,"turns":4}],"seed_played":"6666290320179792561","potions_obtained":[{"floor":1,"key":"Swift Potion"},{"floor":2,"key":"SkillPotion"},{"floor":5,"key":"Block Potion"},{"floor":12,"key":"Regen Potion"},{"floor":14,"key":"SneckoOil"}],"is_trial":false,"path_per_floor":["M","M","M","M","M","E","R","?","T","M","$","M","M","E","R","B",null,"M","?","M","M"],"character_chosen":"RUNESMITH_CLASS","items_purchased":["Mango","Runesmith:HammerTime","Runesmith:LithiumIon"],"campfire_rested":2,"item_purchase_floors":[11,11,11],"current_hp_per_floor":[76,72,63,54,40,20,43,43,43,41,55,40,51,22,49,3,91,73,73,44,0,0],"gold":227,"neow_bonus":"TEN_PERCENT_HP_BONUS","is_daily":false,"chose_seed":false,"campfire_upgraded":0,"win_rate":0.0,"timestamp":1613723137,"path_taken":["M","M","M","?","M","E","R","?","T","M","$","M","M","E","R","BOSS","M","?","M","M"],"items_purchased_type":["Relic","Card","Card"],"build_version":"2020-12-22","purchased_purges":0,"victory":false,"max_hp_per_floor":[77,77,77,77,77,77,77,77,77,77,91,91,91,91,91,91,91,91,91,91,91,91],"card_choices":[{"not_picked":["Runesmith:MakeshiftArmor","Runesmith:ChiselStab"],"picked":"Runesmith:Attraction","floor":1},{"not_picked":["Runesmith:ChaoticBlast","Runesmith:RuneHurl"],"picked":"Runesmith:PoweredAnvil","floor":2},{"not_picked":["Runesmith:NanitesCloud","Runesmith:ChiselStab"],"picked":"Runesmith:RuneHurl","floor":3},{"not_picked":["Runesmith:MakeshiftArmor","Runesmith:EarthShield"],"picked":"Runesmith:Grindstone","floor":4},{"not_picked":["Runesmith:FrozenChisel","Runesmith:MakeshiftArmor"],"picked":"Runesmith:ChargedHammer","floor":5},{"not_picked":["Runesmith:Grindstone","Runesmith:ChaoticBlast"],"picked":"Runesmith:Electrocute","floor":6},{"not_picked":["Runesmith:DoubleUp","Runesmith:RuneHurl"],"picked":"Runesmith:CraftMedicinae","floor":10},{"not_picked":["Runesmith:HeatedChisel","Runesmith:Repurpose"],"picked":"Runesmith:DoubleUp","floor":12},{"not_picked":["Runesmith:WhiteBalance","Runesmith:Repurpose"],"picked":"Runesmith:ChiselStab","floor":13},{"not_picked":["Runesmith:HammerTime","Runesmith:Repurpose"],"picked":"Runesmith:HammerThrow","floor":14},{"not_picked":["Runesmith:ReplicatingBarrier+1","Runesmith:GenerateForcefield"],"picked":"Runesmith:DuctTape+1","floor":16},{"not_picked":["Runesmith:EnergizedChisel","Runesmith:WhiteBalance"],"picked":"Runesmith:StaticCage+1","floor":18},{"not_picked":["Runesmith:Grindstone","Runesmith:CraftVitae+1"],"picked":"Runesmith:ChiselStab+1","floor":20}],"player_experience":293461,"relics_obtained":[{"floor":6,"key":"Tiny Chest"},{"floor":14,"key":"Frozen Egg 2"}],"event_choices":[{"damage_healed":0,"gold_gain":175,"player_choice":"AGREE","damage_taken":0,"max_hp_gain":0,"max_hp_loss":0,"event_name":"Liars Game","floor":8,"gold_loss":0,"cards_obtained":["Doubt"]},{"damage_healed":0,"gold_gain":0,"player_choice":"Read","damage_taken":0,"max_hp_gain":0,"max_hp_loss":0,"event_name":"The Library","floor":19,"gold_loss":0,"cards_obtained":["Runesmith:Permafrost"]}],"is_beta":false,"boss_relics":[{"not_picked":["Pandora\u0027s Box","Black Star"],"picked":"Philosopher\u0027s Stone"}],"items_purged_floors":[],"is_endless":false,"potions_floor_spawned":[1,2,5,12,14],"killed_by":"3 Cultists","ascension_level":0}}