{"host":"ut3q8wc68upnfjmc","time":1613760960,"event":{"mods":["BaseMod","Colored Map","Colored Powertips","Downfall","Minty Spire (QoL Compilation)","StSLib","Unceasing Turn Reminder"],"gold_per_floor":[114,130,130,50,60,95,95,112,112,143,156,156,156,187,187,290,290,304,229,248,14,28,28,55,55,132,164,164,164,164],"floor_reached":29,"language":"ENG","playtime":1169,"items_purged":["Strike_G"],"score":406,"play_id":"ab55fb2b-c499-44f4-bc1b-13170aea6351","local_time":"20210219125600","is_ascension_mode":true,"campfire_choices":[{"data":"Corpse Explosion","floor":7,"key":"SMITH"},{"data":"Bouncing Flask","floor":13,"key":"SMITH"},{"floor":15,"key":"REST"},{"data":"Panacea","floor":23,"key":"SMITH"},{"data":"Catalyst","floor":25,"key":"SMITH"}],"circlet_count":0,"master_deck":["Strike_G","Strike_G","Strike_G","Strike_G","Defend_G","Defend_G","Defend_G","Defend_G","Survivor","Neutralize","Bane","Deadly Poison+1","Noxious Fumes","Corpse Explosion+1","Catalyst+1","Poisoned Stab","Bouncing Flask+1","Burst","Deadly Poison","Panacea+1","Flying Knee","Writhe"],"relics":["Ring of the Snake","NeowsBlessing","Singing Bowl","Ninja Scroll","Eternal Feather","Dead Branch","Runic Pyramid","Question Card","Mummified Hand","Pear","Dream Catcher"],"acts_visited":["Exordium","TheCity"],"potions_floor_usage":[8,8,11,18,20,24,29],"damage_taken":[{"damage":0,"enemies":"Cultist","floor":1,"turns":1},{"damage":0,"enemies":"Jaw Worm","floor":2,"turns":1},{"damage":0,"enemies":"Small Slimes","floor":5,"turns":1},{"damage":27,"enemies":"Lagavulin","floor":6,"turns":5},{"damage":0,"enemies":"2 Fungi Beasts","floor":8,"turns":1},{"damage":22,"enemies":"Gremlin Nob","floor":10,"turns":3},{"damage":0,"enemies":"Looter","floor":11,"turns":2},{"damage":20,"enemies":"3 Sentries","floor":14,"turns":4},{"damage":23,"enemies":"Slime Boss","floor":16,"turns":7},{"damage":22,"enemies":"2 Thieves","floor":18,"turns":3},{"damage":6,"enemies":"Spheric Guardian","floor":20,"turns":4},{"damage":8,"enemies":"Chosen and Byrds","floor":22,"turns":4},{"damage":0,"enemies":"Slavers","floor":24,"turns":2},{"damage":60,"enemies":"Gremlin Leader","floor":27,"turns":6},{"damage":29,"enemies":"Slavers","floor":29,"turns":1}],"seed_played":"6621989280632732962","potions_obtained":[{"floor":2,"key":"Explosive Potion"},{"floor":6,"key":"Explosive Potion"},{"floor":10,"key":"DistilledChaos"},{"floor":16,"key":"Strength Potion"},{"floor":18,"key":"SpeedPotion"},{"floor":22,"key":"SkillPotion"},{"floor":27,"key":"SteroidPotion"}],"is_trial":false,"path_per_floor":["M","M","?","$","M","E","R","M","T","E","M","?","R","E","R","B",null,"M","?","M","$","M","R","E","R","T","E","?","E"],"character_chosen":"THE_SILENT","items_purchased":["Noxious Fumes","Deadly Poison","Panacea","Flying Knee"],"campfire_rested":1,"item_purchase_floors":[4,21,21,21],"current_hp_per_floor":[70,70,70,70,70,45,45,45,45,23,23,23,32,14,45,22,74,54,54,50,50,44,56,58,70,70,22,22,0,0],"gold":164,"neow_bonus":"THREE_ENEMY_KILL","is_daily":false,"chose_seed":false,"campfire_upgraded":4,"win_rate":0.0,"timestamp":1613760960,"path_taken":["M","?","?","?","?","E","R","M","T","E","M","?","R","E","R","BOSS","M","?","M","$","M","R","E","R","T","E","?","E"],"items_purchased_type":["Card","Card","Card","Card"],"build_version":"2020-12-22","purchased_purges":1,"victory":false,"max_hp_per_floor":[70,70,70,70,70,72,72,72,72,72,72,72,72,74,74,74,74,76,76,78,78,80,80,82,82,82,94,94,94,94],"card_choices":[{"not_picked":["Underhanded Strike","Choke"],"picked":"Bane","floor":1},{"not_picked":["Sucker Punch","Distraction"],"picked":"Deadly Poison","floor":2},{"not_picked":["Deadly Poison","Blade Dance"],"picked":"Corpse Explosion","floor":5},{"not_picked":["Cloak And Dagger","Slice","Heel Hook"],"picked":"Singing Bowl","floor":6},{"not_picked":["Acrobatics","Dash"],"picked":"Catalyst","floor":8},{"not_picked":["Distraction","PiercingWail"],"picked":"Poisoned Stab","floor":10},{"not_picked":["Flying Knee","Deadly Poison"],"picked":"Bouncing Flask","floor":11},{"not_picked":["Dodge and Roll","All Out Attack","Flying Knee"],"picked":"Singing Bowl","floor":14},{"not_picked":["Tools of the Trade","Malaise"],"picked":"Burst","floor":16},{"not_picked":["Backflip","Flying Knee","Predator"],"picked":"Singing Bowl","floor":18},{"not_picked":["Terror","Prepared","Quick Slash"],"picked":"Singing Bowl","floor":20},{"not_picked":["Deadly Poison","Quick Slash+1","All Out Attack+1"],"picked":"Singing Bowl","floor":22},{"not_picked":["Dagger Spray+1","Noxious Fumes","Infinite Blades"],"picked":"Singing Bowl","floor":24},{"not_picked":["Heel Hook","Deflect","Slice","Backflip"],"picked":"Singing Bowl","floor":27}],"player_experience":57054,"relics_obtained":[{"floor":6,"key":"Singing Bowl"},{"floor":9,"key":"Ninja Scroll"},{"floor":10,"key":"Eternal Feather"},{"floor":14,"key":"Dead Branch"},{"floor":24,"key":"Question Card"},{"floor":26,"key":"Mummified Hand"},{"floor":27,"key":"Pear"}],"event_choices":[{"damage_healed":0,"gold_gain":0,"player_choice":"Grow","damage_taken":0,"max_hp_gain":0,"max_hp_loss":0,"event_name":"Living Wall","floor":3,"gold_loss":0,"cards_upgraded":["Deadly Poison"]},{"damage_healed":0,"gold_gain":0,"player_choice":"Ignored","damage_taken":0,"max_hp_gain":0,"max_hp_loss":0,"event_name":"Golden Idol","floor":12,"gold_loss":0},{"cards_removed":["Defend_G"],"damage_healed":0,"gold_gain":0,"player_choice":"Gave Gold","damage_taken":0,"max_hp_gain":0,"max_hp_loss":0,"event_name":"Beggar","floor":19,"gold_loss":75},{"damage_healed":0,"gold_gain":0,"player_choice":"Opened","damage_taken":0,"relics_obtained":["Dream Catcher"],"max_hp_gain":0,"max_hp_loss":0,"event_name":"The Mausoleum","floor":28,"gold_loss":0,"cards_obtained":["Writhe"]}],"is_beta":false,"boss_relics":[{"not_picked":["Black Star","Tiny House"],"picked":"Runic Pyramid"}],"items_purged_floors":[21],"is_endless":false,"potions_floor_spawned":[2,6,10,16,18,22,27],"killed_by":"Slavers","ascension_level":3}}