{"host":"i09pxcjttd31eh4q","time":1613716850,"event":{"mods":["AchievementEnabler","BaseMod","Colored Map","Keyboard Shortcuts","Minty Spire (QoL Compilation)","StSLib","SuperFastMode"],"gold_per_floor":[118,118,98,114,39,39,39,66,92,111,111,28,28,39,39,114,114,128,128,128,128,142,86,86,86,86],"floor_reached":25,"language":"KOR","playtime":560,"items_purged":["Strike_G"],"score":394,"play_id":"9f399435-2ba4-4ebe-a115-8ee19702a0de","local_time":"20210219154050","is_ascension_mode":true,"campfire_choices":[{"data":"Neutralize","floor":6.0,"key":"SMITH"},{"data":"Finesse","floor":11.0,"key":"SMITH"},{"floor":13.0,"key":"REST"},{"data":"Well Laid Plans","floor":15.0,"key":"SMITH"},{"data":"Reflex","floor":24.0,"key":"SMITH"}],"circlet_count":0,"master_deck":["AscendersBane","Strike_G","Strike_G","Strike_G","Strike_G","Defend_G+1","Defend_G","Defend_G","Defend_G","Defend_G","Survivor","Neutralize+1","Finesse+1","Dagger Spray+1","PiercingWail","Dagger Throw","Grand Finale","Well Laid Plans+1","Malaise","Reflex+1","Deflect+1","Acrobatics"],"relics":["Ring of the Snake","Vajra","Nunchaku","SlaversCollar","MutagenicStrength"],"acts_visited":["Exordium","TheCity"],"potions_floor_usage":[25],"damage_taken":[{"damage":0.0,"enemies":"Small Slimes","floor":1.0,"turns":4.0},{"damage":0.0,"enemies":"Jaw Worm","floor":4.0,"turns":5.0},{"damage":28.0,"enemies":"Gremlin Nob","floor":8.0,"turns":5.0},{"damage":0.0,"enemies":"Cultist","floor":10.0,"turns":3.0},{"damage":0.0,"enemies":"Red Slaver","floor":14.0,"turns":3.0},{"damage":20.0,"enemies":"The Guardian","floor":16.0,"turns":18.0},{"damage":31.0,"enemies":"Spheric Guardian","floor":18.0,"turns":10.0},{"damage":7.0,"enemies":"Shell Parasite","floor":22.0,"turns":5.0},{"damage":13,"enemies":"Snecko","floor":25,"turns":4}],"seed_played":"-4188301383073048861","potions_obtained":[{"floor":1.0,"key":"GhostInAJar"},{"floor":3.0,"key":"FearPotion"},{"floor":8.0,"key":"SteroidPotion"},{"floor":16.0,"key":"AttackPotion"}],"is_trial":false,"path_per_floor":["M","?","?","M","$","R","$","E","T","M","R","$","R","M","R","B",null,"M","?","?","?","M","$","R","M"],"character_chosen":"THE_SILENT","items_purchased":["Grand Finale","Acrobatics"],"campfire_rested":1,"item_purchase_floors":[12,23],"current_hp_per_floor":[59,39,39,39,39,39,39,11,11,11,11,11,30,30,30,10,52,21,21,21,21,14,14,14,1,1],"gold":86,"neow_bonus":"RANDOM_COLORLESS","is_daily":false,"chose_seed":false,"campfire_upgraded":4,"win_rate":0.0,"timestamp":1613716850,"path_taken":["M","?","?","?","$","R","$","E","T","M","R","?","R","?","R","BOSS","M","?","?","?","M","$","R","M"],"items_purchased_type":["Card","Card"],"build_version":"2020-12-22","purchased_purges":1,"victory":false,"max_hp_per_floor":[66,66,66,66,66,66,66,66,66,66,66,66,66,66,66,66,66,66,66,66,66,66,66,66,66,66],"card_choices":[{"not_picked":["Trip","Madness"],"picked":"Finesse","floor":0.0},{"not_picked":["Endless Agony","Flying Knee"],"picked":"Dagger Spray","floor":1.0},{"not_picked":["Cloak And Dagger","Dodge and Roll"],"picked":"PiercingWail","floor":4.0},{"not_picked":["Bouncing Flask","Expertise"],"picked":"Dagger Throw","floor":8.0},{"not_picked":["Dagger Spray","Underhanded Strike","Deflect"],"picked":"SKIP","floor":10.0},{"not_picked":["Deadly Poison","Deflect"],"picked":"Well Laid Plans","floor":14.0},{"not_picked":["Unload","Night Terror"],"picked":"Malaise","floor":16.0},{"not_picked":["Deflect","Footwork","Flying Knee"],"picked":"SKIP","floor":18.0},{"not_picked":["Infinite Blades","Skewer"],"picked":"Deflect+1","floor":22.0}],"player_experience":926983,"relics_obtained":[{"floor":8.0,"key":"Vajra"},{"floor":9.0,"key":"Nunchaku"}],"event_choices":[{"damage_healed":0.0,"max_hp_gain":0.0,"max_hp_loss":0.0,"gold_gain":0.0,"event_name":"Shining Light","player_choice":"Entered Light","floor":2.0,"gold_loss":0.0,"damage_taken":20.0,"cards_upgraded":["Dagger Spray","Defend_G"]},{"damage_healed":0.0,"max_hp_gain":0.0,"max_hp_loss":0.0,"gold_gain":0.0,"event_name":"The Woman in Blue","player_choice":"Bought 1 Potion","floor":3.0,"gold_loss":0.0,"damage_taken":0.0},{"damage_healed":0.0,"max_hp_gain":0.0,"max_hp_loss":0.0,"gold_gain":0.0,"event_name":"The Library","player_choice":"Read","floor":19.0,"gold_loss":0.0,"damage_taken":0.0,"cards_obtained":["Reflex"]},{"damage_healed":0.0,"max_hp_gain":0.0,"max_hp_loss":0.0,"gold_gain":0.0,"event_name":"Drug Dealer","player_choice":"Inject Mutagens","floor":20.0,"gold_loss":0.0,"damage_taken":0.0,"relics_obtained":["MutagenicStrength"]},{"damage_healed":0.0,"max_hp_gain":0.0,"max_hp_loss":0.0,"gold_gain":0.0,"event_name":"The Mausoleum","player_choice":"Ignored","floor":21.0,"gold_loss":0.0,"damage_taken":0.0}],"is_beta":false,"boss_relics":[{"not_picked":["Velvet Choker","Calling Bell"],"picked":"SlaversCollar"}],"items_purged_floors":[5],"is_endless":false,"potions_floor_spawned":[1,8,16],"killed_by":"Snecko","ascension_level":20}}