{"host":"tetk82fuf8thwxol","time":1613745082,"event":{"mods":["AchievementEnabler","BaseMod","BetterRewards","Downfall","GifTheSpireLib","Hermit","Minty Spire (QoL Compilation)","Permanent Neow","Quick Restart","Replay The Spire","Shop Mod","Spicy Shops","StSLib","The Bug Knight","The Cursed","The Forsaken","The Runesmith"],"gold_per_floor":[114,289,289,308,408,443,443,124,124,124,151,6,6,22,22,22,22],"floor_reached":16,"language":"ENG","playtime":524,"items_purged":["Strike_R","Strike_R"],"score":147,"play_id":"37a33432-58e5-48e0-b4d0-38ce7da9bd7f","local_time":"20210219083122","is_ascension_mode":true,"campfire_choices":[{"floor":10,"key":"REST"},{"floor":13,"key":"REST"},{"data":"Metallicize","floor":15,"key":"SMITH"}],"circlet_count":0,"master_deck":["Strike_R","Strike_R","Strike_R+1","Defend_R","Defend_R","Defend_R","Defend_R","Bash","Thunderclap","Flame Barrier","Metallicize+1","Defy Death","Thunderclap","Ghostly Armor","Entrench+1","Shrug It Off"],"relics":["Burning Blood","Juzu Bracelet","HollowMod:PaleOreRelic","Spirit Poop","BargainBundle","HollowMod:StagPassRelic","Iron Hammer","Lantern"],"acts_visited":["Exordium"],"potions_floor_usage":[6,11,16],"damage_taken":[{"damage":3.0,"enemies":"Jaw Worm","floor":1.0,"turns":5.0},{"damage":3,"enemies":"2 Louse","floor":4,"turns":3},{"damage":67,"enemies":"Gremlin Nob","floor":6,"turns":7},{"damage":22,"enemies":"Lagavulin","floor":11,"turns":7},{"damage":0,"enemies":"Cultist","floor":14,"turns":2},{"damage":0,"enemies":"Fading Forest","floor":16,"turns":3}],"seed_played":"7171263309588045547","potions_obtained":[{"floor":1,"key":"BlessingOfTheForge"},{"floor":11,"key":"Guardian:BlockOnCardUsePotion"}],"is_trial":false,"path_per_floor":["M","?","?","M","?","E","?","$","T","R","E","$","R","M","R","B"],"character_chosen":"IRONCLAD","items_purchased":["BargainBundle","Metallicize","Defy Death","HollowMod:StagPassRelic","Thunderclap","Reflective Coating","Milkshake","GamblersBrew","Entrench"],"campfire_rested":2,"item_purchase_floors":[8,8,8,8,8,8,8,8,12],"current_hp_per_floor":[75,75,75,78,78,17,17,17,17,41,25,25,49,55,55,55,55],"gold":22,"neow_bonus":"RANDOM_COMMON_RELIC","is_daily":false,"chose_seed":false,"campfire_upgraded":1,"win_rate":0.0,"timestamp":1613745082,"path_taken":["M","?","?","M","?","E","?","?","T","R","E","$","R","M","R","BOSS"],"items_purchased_type":["Relic","Card","Card","Relic","Card","Potion","Potion","Potion","Card"],"build_version":"2020-12-22","purchased_purges":2,"victory":false,"max_hp_per_floor":[80,80,80,80,80,80,80,80,80,80,80,80,80,80,80,80,80],"card_choices":[{"not_picked":["Twin Strike","ReplayTheSpireMod:Strike From Hell"],"picked":"Thunderclap","floor":1},{"not_picked":["Flex","True Grit"],"picked":"Flame Barrier","floor":4},{"not_picked":["Dark Embrace","Immolate","Flex"],"picked":"SKIP","floor":6},{"not_picked":["Rupture","Dark Embrace"],"picked":"Ghostly Armor","floor":11},{"not_picked":["Carnage","Bloodletting"],"picked":"Shrug It Off","floor":14}],"player_experience":226135,"relics_obtained":[{"floor":6,"key":"HollowMod:PaleOreRelic"},{"floor":9,"key":"Iron Hammer"},{"floor":11,"key":"Lantern"}],"event_choices":[{"damage_healed":0,"gold_gain":175,"player_choice":"AGREE","damage_taken":0,"max_hp_gain":0,"max_hp_loss":0,"event_name":"Liars Game","floor":2,"gold_loss":0,"cards_obtained":["Doubt"]},{"damage_healed":0,"gold_gain":100,"player_choice":"Gold","damage_taken":0,"max_hp_gain":0,"max_hp_loss":0,"event_name":"Wheel of Change","floor":5,"gold_loss":0},{"cards_removed":["Doubt"],"damage_healed":0,"gold_gain":0,"player_choice":"Offered Curse","damage_taken":0,"relics_obtained":["Spirit Poop"],"max_hp_gain":0,"max_hp_loss":0,"event_name":"Bonfire Elementals","floor":7,"gold_loss":0}],"is_beta":false,"boss_relics":[],"items_purged_floors":[8,12],"is_endless":false,"potions_floor_spawned":[1,11,14],"killed_by":"Fading Forest","ascension_level":8}}