{"host":"0mhttqdumuceah7q","time":1613749987,"event":{"mods":["AchievementEnabler","BaseMod","Colored Map","DeckTracker","Minty Spire (QoL Compilation)","Permanent Neow"],"gold_per_floor":[116,116,131,131,146,146,180,196,246,264,264,291,291,316,316,411,411,431,450,450,0,15,15,43,43,70,70,35,35,58,83,83,181,181,191,205,205,0,0,0,37,22,22,35,35,59,85,121,121,121,121,121,29,67,67],"floor_reached":56,"language":"KOR","playtime":2334,"items_purged":[],"score":1465,"play_id":"c35be1ab-90b7-4a76-8c84-baca0a4cbe05","local_time":"20210220005307","is_ascension_mode":true,"campfire_choices":[{"data":"Bash","floor":6.0,"key":"SMITH"},{"data":"Pommel Strike","floor":11.0,"key":"SMITH"},{"floor":13.0,"key":"REST"},{"data":"Uppercut","floor":15.0,"key":"SMITH"},{"data":"Demon Form","floor":23.0,"key":"SMITH"},{"floor":27.0,"key":"REST"},{"data":"Rage","floor":29.0,"key":"SMITH"},{"data":"Seeing Red","floor":32.0,"key":"SMITH"},{"data":"Flex","floor":40.0,"key":"SMITH"},{"data":"Dark Embrace","floor":45.0,"key":"SMITH"},{"data":"Offering","floor":49.0,"key":"SMITH"},{"data":"Battle Trance","floor":52,"key":"SMITH"}],"circlet_count":0,"master_deck":["Strike_R","Strike_R","Strike_R","Strike_R","Defend_R","Defend_R","Defend_R","Bash+1","Clash","Dark Embrace+1","Twin Strike","Pommel Strike","Pommel Strike+1","Clash","Uppercut+1","Pummel","Demon Form+1","Flex+1","Pummel","Offering+1","Thinking Ahead","Disarm","Flex+1","Rage+1","Seeing Red+1","Battle Trance+1","Power Through+1","Exhume+1","Warcry+1","Shrug It Off+1","Jack Of All Trades+1","Dark Shackles+1","Master of Strategy+1","Shrug It Off+1","Havoc+1","Warcry+1","Shrug It Off+1","Reaper","Flex+1","Flame Barrier+1"],"relics":["Burning Blood","NeowsBlessing","Darkstone Periapt","Lantern","Vajra","Paper Frog","Singing Bowl","Philosopher\u0027s Stone","Nilry\u0027s Codex","Membership Card","Pantograph","Ancient Tea Set","Smiling Mask","Toxic Egg 2","Sozu","Red Mask","CeramicFish","Self Forming Clay","Bronze Scales","ClockworkSouvenir","Champion Belt"],"acts_visited":["Exordium","TheCity","TheBeyond","TheEnding"],"potions_floor_usage":[55,55],"damage_taken":[{"damage":0.0,"enemies":"Cultist","floor":1.0,"turns":1.0},{"damage":0.0,"enemies":"Small Slimes","floor":3.0,"turns":1.0},{"damage":0.0,"enemies":"2 Louse","floor":5.0,"turns":1.0},{"damage":48.0,"enemies":"Gremlin Nob","floor":7.0,"turns":5.0},{"damage":1.0,"enemies":"Exordium Wildlife","floor":8.0,"turns":2.0},{"damage":2.0,"enemies":"Blue Slaver","floor":10.0,"turns":2.0},{"damage":36.0,"enemies":"Lagavulin","floor":12.0,"turns":4.0},{"damage":0.0,"enemies":"Gremlin Nob","floor":14.0,"turns":2.0},{"damage":42.0,"enemies":"The Guardian","floor":16.0,"turns":5.0},{"damage":15.0,"enemies":"3 Byrds","floor":18.0,"turns":4.0},{"damage":12.0,"enemies":"Chosen","floor":19.0,"turns":3.0},{"damage":13.0,"enemies":"Shelled Parasite and Fungi","floor":22.0,"turns":2.0},{"damage":31.0,"enemies":"Book of Stabbing","floor":24.0,"turns":3.0},{"damage":6.0,"enemies":"Gremlin Leader","floor":31.0,"turns":2.0},{"damage":43.0,"enemies":"Champ","floor":33.0,"turns":9.0},{"damage":7.0,"enemies":"Orb Walker","floor":35.0,"turns":2.0},{"damage":30.0,"enemies":"3 Shapes","floor":36.0,"turns":3.0},{"damage":4.0,"enemies":"Nemesis","floor":41.0,"turns":3.0},{"damage":0.0,"enemies":"Transient","floor":44.0,"turns":5.0},{"damage":12.0,"enemies":"3 Darklings","floor":46.0,"turns":5.0},{"damage":0.0,"enemies":"Jaw Worm Horde","floor":47.0,"turns":4.0},{"damage":18.0,"enemies":"Reptomancer","floor":48.0,"turns":6.0},{"damage":0,"enemies":"Donu and Deca","floor":50,"turns":1},{"damage":29,"enemies":"Shield and Spear","floor":54,"turns":4},{"damage":82,"enemies":"The Heart","floor":55,"turns":6}],"seed_played":"8008175340727447999","potions_obtained":[{"floor":5.0,"key":"SpeedPotion"},{"floor":8.0,"key":"Strength Potion"},{"floor":10.0,"key":"LiquidBronze"},{"floor":12.0,"key":"DistilledChaos"},{"floor":24.0,"key":"Fire Potion"}],"is_trial":false,"path_per_floor":["M","?","M","?","M","R","E","M","T","M","R","E","R","E","R","B",null,"M","M","?","$","M","R","E","?","T","R","$","R","T","E","R","B",null,"M","M","?","?","?","R","E","$","T","M","R","M","M","E","R","B",null,"R","$","E","B",null],"character_chosen":"IRONCLAD","items_purchased":["Membership Card","Pantograph","Offering","Thinking Ahead","Disarm","Battle Trance","Havoc+1","ClockworkSouvenir","Flex+1"],"campfire_rested":2,"item_purchase_floors":[21,21,21,21,21,28,42,53,53],"current_hp_per_floor":[80,80,80,80,80,80,38,43,43,47,47,17,41,47,47,11,80,71,65,49,49,42,42,17,17,17,41,41,41,41,41,41,29,80,79,55,55,55,45,45,47,47,47,55,55,49,55,43,43,74,82,82,82,59,62],"gold":67,"neow_bonus":"THREE_ENEMY_KILL","is_daily":false,"chose_seed":false,"campfire_upgraded":10,"win_rate":0.0,"timestamp":1613749987,"path_taken":["M","?","M","?","?","R","E","M","T","?","R","E","R","E","R","BOSS","M","M","?","$","M","R","E","?","T","R","?","R","?","E","R","BOSS","M","M","?","?","?","R","E","?","T","M","R","M","M","E","R","BOSS","R","$","E","BOSS"],"items_purchased_type":["Relic","Relic","Card","Card","Card","Card","Card","Relic","Card"],"build_version":"2020-12-22","purchased_purges":0,"victory":true,"max_hp_per_floor":[80,80,80,80,80,80,80,80,80,80,80,80,80,80,80,80,80,80,80,80,80,80,80,80,80,80,80,80,80,80,80,80,80,80,80,80,80,80,80,80,80,80,80,82,82,82,82,82,82,82,82,82,82,82,82],"card_choices":[{"not_picked":["Armaments","Intimidate"],"picked":"Heavy Blade","floor":1.0},{"not_picked":["Spot Weakness","Wild Strike"],"picked":"Dark Embrace","floor":3.0},{"not_picked":["Cleave","Flex"],"picked":"Twin Strike","floor":5.0},{"not_picked":["Cleave","Feel No Pain"],"picked":"Pommel Strike","floor":7.0},{"not_picked":["Reckless Charge","Twin Strike"],"picked":"Pommel Strike","floor":8.0},{"not_picked":["Warcry","Heavy Blade"],"picked":"Clash","floor":10.0},{"not_picked":["Anger","Headbutt"],"picked":"Uppercut","floor":12.0},{"not_picked":["Bloodletting","Armaments"],"picked":"Pummel","floor":14.0},{"not_picked":["Brutality","Impervious"],"picked":"Demon Form","floor":16.0},{"not_picked":["Whirlwind","Shrug It Off"],"picked":"Flex","floor":18.0},{"not_picked":["Cleave","Combust"],"picked":"Pummel","floor":19.0},{"not_picked":["Anger","Uppercut"],"picked":"Flex+1","floor":22.0},{"not_picked":["Sword Boomerang+1","Spot Weakness"],"picked":"Rage","floor":24.0},{"not_picked":["Wild Strike","Sever Soul+1"],"picked":"Power Through+1","floor":31.0},{"not_picked":["Brutality","Impervious+1"],"picked":"Exhume+1","floor":33.0},{"not_picked":["Thunderclap","Clash"],"picked":"Warcry+1","floor":35.0},{"not_picked":["Twin Strike+1","Sentinel+1"],"picked":"Shrug It Off+1","floor":36.0},{"not_picked":["Swift Strike","Enlightenment+1"],"picked":"Jack Of All Trades+1","floor":39.0},{"not_picked":["Forethought+1","Thinking Ahead+1"],"picked":"Dark Shackles+1","floor":39.0},{"not_picked":["PanicButton+1","Dark Shackles+1"],"picked":"Master of Strategy+1","floor":39.0},{"not_picked":["Shockwave+1","Pommel Strike+1"],"picked":"Shrug It Off+1","floor":41.0},{"not_picked":["Combust+1","Iron Wave","Metallicize"],"picked":"Singing Bowl","floor":44.0},{"not_picked":["Ghostly Armor+1","Searing Blow+1"],"picked":"Warcry+1","floor":46.0},{"not_picked":["Second Wind+1","Intimidate+1"],"picked":"Shrug It Off+1","floor":47.0},{"not_picked":["Intimidate+1","Sword Boomerang"],"picked":"Reaper","floor":48.0},{"not_picked":["Clash","Blood for Blood"],"picked":"Flame Barrier+1","floor":54}],"player_experience":131525,"relics_obtained":[{"floor":7.0,"key":"Lantern"},{"floor":9.0,"key":"Vajra"},{"floor":12.0,"key":"Paper Frog"},{"floor":14.0,"key":"Singing Bowl"},{"floor":20.0,"key":"Nilry\u0027s Codex"},{"floor":24.0,"key":"Ancient Tea Set"},{"floor":26.0,"key":"Smiling Mask"},{"floor":31.0,"key":"Toxic Egg 2"},{"floor":41.0,"key":"CeramicFish"},{"floor":43.0,"key":"Self Forming Clay"},{"floor":48.0,"key":"Bronze Scales"},{"floor":54,"key":"Champion Belt"}],"event_choices":[{"damage_healed":0.0,"max_hp_gain":0.0,"max_hp_loss":0.0,"gold_gain":0.0,"cards_transformed":["Defend_R"],"event_name":"Living Wall","player_choice":"Change","floor":2.0,"gold_loss":0.0,"damage_taken":0.0,"cards_obtained":["Clash"]},{"cards_removed":["Heavy Blade"],"damage_healed":0.0,"max_hp_gain":0.0,"max_hp_loss":0.0,"gold_gain":0.0,"event_name":"WeMeetAgain","player_choice":"Gave Card","floor":4.0,"gold_loss":0.0,"damage_taken":0.0,"relics_obtained":["Darkstone Periapt"]},{"damage_healed":0.0,"max_hp_gain":0.0,"max_hp_loss":0.0,"gold_gain":0.0,"event_name":"Cursed Tome","player_choice":"Obtained Book","floor":20.0,"gold_loss":0.0,"damage_taken":16.0},{"damage_healed":0.0,"max_hp_gain":0.0,"max_hp_loss":0.0,"gold_gain":0.0,"event_name":"The Library","player_choice":"Read","floor":25.0,"gold_loss":0.0,"damage_taken":0.0,"cards_obtained":["Seeing Red"]},{"cards_removed":["Strike_R"],"damage_healed":0.0,"max_hp_gain":0.0,"max_hp_loss":0.0,"gold_gain":0.0,"event_name":"Falling","player_choice":"Removed Attack","floor":37.0,"gold_loss":0.0,"damage_taken":0.0},{"damage_healed":0.0,"max_hp_gain":0.0,"max_hp_loss":0.0,"gold_gain":0.0,"event_name":"Tomb of Lord Red Mask","player_choice":"Paid","floor":38.0,"gold_loss":205.0,"damage_taken":0.0,"relics_obtained":["Red Mask"]},{"damage_healed":0.0,"max_hp_gain":0.0,"max_hp_loss":0.0,"gold_gain":0.0,"event_name":"SensoryStone","player_choice":"Memory 3","floor":39.0,"gold_loss":0.0,"damage_taken":10.0}],"is_beta":false,"boss_relics":[{"not_picked":["Ectoplasm","Cursed Key"],"picked":"Philosopher\u0027s Stone"},{"not_picked":["Snecko Eye","Busted Crown"],"picked":"Sozu"}],"items_purged_floors":[],"is_endless":false,"potions_floor_spawned":[5,8,10,12,14,24,44,46,47,48],"ascension_level":1}}