{"host":"fc4hh3zaz3zk8cya","time":1613777015,"event":{"mods":["BaseMod","BetterRewards","Colored Map","Colored Powertips","Downfall","GifTheSpireLib","Hermit","Highlight Path","Infinite Spire","Minty Spire (QoL Compilation)","Permanent Neow","Quick Restart","Replay The Spire","Shop Mod","StSLib","Stuff the Spire","The Bladedancer","The Cursed","The Disciple","The Necromancer","everything is the same but u backflip on backflip","slay the spire mod where everything is the same but ironclad has a cowboy hat"],"gold_per_floor":[116,116,116,134,64,97,97,124,124,124,137,137,163,183,183,286,286,300,316,329,154,170,205,205,54,54,54,54,54,54,79,79,181,181,208,235,260,291,291,291,327,383,408,408,155,219,219,273,273,313],"floor_reached":51,"language":"ENG","playtime":5561,"items_purged":["blademaster:LightningCrash+1"],"score":1221,"play_id":"0cc8a3b2-4175-41f0-a1a0-ce214fec5904","local_time":"20210219182335","is_ascension_mode":true,"campfire_choices":[{"data":"blademaster:Breeze","floor":7.0,"key":"SMITH"},{"data":"blademaster:RagingBlow","floor":10.0,"key":"SMITH"},{"data":"blademaster:HighVoltage","floor":12.0,"key":"SMITH"},{"data":"blademaster:Strike","floor":15.0,"key":"SMITH"},{"data":"blademaster:Defend","floor":24.0,"key":"SMITH"},{"floor":28.0,"key":"REST"},{"data":"blademaster:Defend","floor":30.0,"key":"SMITH"},{"data":"blademaster:Strike","floor":32.0,"key":"SMITH"},{"data":"blademaster:Defend","floor":40,"key":"SMITH"},{"floor":44,"key":"REST"},{"data":"blademaster:Defend","floor":49,"key":"SMITH"}],"circlet_count":0,"master_deck":["blademaster:Strike","blademaster:Strike","blademaster:Strike","blademaster:Strike","blademaster:Defend+2","blademaster:Defend","blademaster:Defend","blademaster:RagingBlow+1","blademaster:HighVoltage+1","blademaster:Breeze+1","blademaster:Thrust+1","blademaster:RagingBlow+1","blademaster:UnrelentingWind+1","blademaster:Safeguard+1","blademaster:DragonStrike+1","blademaster:AwakeningStrike+1","blademaster:Breeze+1","blademaster:TraverseCut+1","StuffTheSpire:FreeRealEstate+1","StuffTheSpire:FreeRealEstate+1","infinitespire:Starlight+1"],"relics":["blademaster:DancersAmulet","NeowsBlessing","Molten Egg 2","Blue Doll","Divine Protection","Simple Rune","MerchantsRug","Guide Book","ReplayTheSpireMod:TigerMarble","Orrery","Toxic Egg 2","Centennial Puzzle","ReplayTheSpireMod:Shallot","infinitespire:EvilPickle","Replay:Grab Bag","infinitespire:Cupcake","Sozu","Black Star","Pantograph","Sundial","Smiling Mask","infinitespire:Lucky Rock","StuffTheSpire:ForceGauntlet","infinitespire:BottledMercury","Iron Hammer","FossilizedHelix"],"acts_visited":["Exordium","TheCity","TheBeyond"],"potions_floor_usage":[37],"damage_taken":[{"damage":0.0,"enemies":"2 Louse","floor":1.0,"turns":1.0},{"damage":0.0,"enemies":"Cultist","floor":4.0,"turns":1.0},{"damage":0.0,"enemies":"Lagavulin","floor":6.0,"turns":1.0},{"damage":3.0,"enemies":"3 Sentries","floor":8.0,"turns":5.0},{"damage":0.0,"enemies":"Jaw Worm","floor":11.0,"turns":2.0},{"damage":0.0,"enemies":"Gremlin Nob","floor":13.0,"turns":3.0},{"damage":0.0,"enemies":"3 Louse","floor":14.0,"turns":2.0},{"damage":0.0,"enemies":"Slime Boss","floor":16.0,"turns":8.0},{"damage":4.0,"enemies":"2 Thieves","floor":18.0,"turns":3.0},{"damage":0.0,"enemies":"Spheric Guardian","floor":19.0,"turns":3.0},{"damage":18.0,"enemies":"Cultist and Chosen","floor":20.0,"turns":5.0},{"damage":0.0,"enemies":"Chosen and Byrds","floor":22.0,"turns":3.0},{"damage":24.0,"enemies":"Slavers","floor":23.0,"turns":5.0},{"damage":2.0,"enemies":"Gremlin Leader","floor":31.0,"turns":4.0},{"damage":8,"enemies":"Pondfish","floor":33,"turns":8},{"damage":0,"enemies":"Orb Walker","floor":35,"turns":1},{"damage":0,"enemies":"3 Darklings","floor":36,"turns":2},{"damage":8,"enemies":"4 Shapes","floor":37,"turns":3},{"damage":0,"enemies":"Spire Growth","floor":38,"turns":3},{"damage":39,"enemies":"Writhing Mass","floor":41,"turns":6},{"damage":4,"enemies":"R_Hoarder","floor":42,"turns":5},{"damage":0,"enemies":"Reptomancer","floor":46,"turns":4},{"damage":0,"enemies":"Nemesis","floor":48,"turns":3},{"damage":21,"enemies":"Awakened One","floor":50,"turns":9}],"seed_played":"8431358365391551821","potions_obtained":[{"floor":4.0,"key":"Toxic Potion"},{"floor":14.0,"key":"SpeedPotion"},{"floor":16.0,"key":"Ancient Potion"},{"floor":19.0,"key":"hexamod:SoulburnPotion"},{"floor":33,"key":"PowerPotion"}],"is_trial":false,"path_per_floor":["M","?","?","M","$","E","R","E","T","R","M","R","E","M","R","B",null,"M","M","M","$","M","E","R","$","T","?","R","?","R","E","R","B",null,"M","M","M","M","?","R","M","E","T","R","$","E","?","E","R","B",null],"character_chosen":"THE_BLADEMASTER","items_purchased":["blademaster:Breeze","MerchantsRug","Guide Book","Orrery","StuffTheSpire:FreeRealEstate+1","infinitespire:Lucky Rock"],"campfire_rested":2,"item_purchase_floors":[5,21,21,25,45,45],"current_hp_per_floor":[75,60,60,60,60,60,60,57,57,57,57,57,57,57,57,57,75,71,71,53,53,53,29,29,29,29,29,51,51,51,49,49,41,75,75,75,67,75,75,75,36,32,32,54,54,54,35,41,41,60],"gold":313,"neow_bonus":"THREE_ENEMY_KILL","is_daily":false,"chose_seed":false,"campfire_upgraded":9,"win_rate":0.0,"timestamp":1613777015,"path_taken":["M","?","?","?","$","E","R","E","T","R","M","R","E","M","R","BOSS","M","M","M","$","M","E","R","$","T","?","R","?","R","E","R","BOSS","M","M","M","M","?","R","M","E","T","R","$","E","?","E","R","BOSS"],"items_purchased_type":["Card","Relic","Relic","Relic","Card","Relic"],"build_version":"2020-12-22","purchased_purges":1,"victory":true,"max_hp_per_floor":[75,75,75,75,75,75,75,75,75,75,75,75,75,75,75,75,75,75,75,75,75,75,75,75,75,75,75,75,75,75,75,75,75,75,75,75,75,75,75,75,75,75,75,75,75,75,75,75,75,75],"card_choices":[{"not_picked":["blademaster:AirSlash","blademaster:CullingStrike","blademaster:ChargingUp"],"picked":"SKIP","floor":1.0},{"not_picked":["blademaster:ThunderSlash","blademaster:Bloodbath","blademaster:Discharge"],"picked":"SKIP","floor":4.0},{"not_picked":["blademaster:Stability","blademaster:LeechingStrike+1"],"picked":"blademaster:Thrust+1","floor":6.0},{"not_picked":["blademaster:DeadlyDance","blademaster:Stability","blademaster:Slice+1"],"picked":"SKIP","floor":8.0},{"not_picked":["blademaster:KiBarrier","blademaster:Quickstep"],"picked":"blademaster:RagingBlow+1","floor":11.0},{"not_picked":["blademaster:Stability","blademaster:EyeOfTheTornado","blademaster:Momentum"],"picked":"SKIP","floor":13.0},{"not_picked":["blademaster:Thrust+1","blademaster:ThunderSlash+1"],"picked":"blademaster:LightningCrash+1","floor":14.0},{"not_picked":["blademaster:ColdBlood","blademaster:EnchantedCuirass"],"picked":"blademaster:UnrelentingWind","floor":16.0},{"not_picked":["blademaster:Flurry","blademaster:IcyWind+1"],"picked":"blademaster:Safeguard","floor":18.0},{"not_picked":["blademaster:Stability","blademaster:AwakeningStrike+1","blademaster:CombatPrep+1"],"picked":"SKIP","floor":19.0},{"not_picked":["blademaster:CullingStrike+1","blademaster:Sunder+1","blademaster:Bloodbath"],"picked":"SKIP","floor":20.0},{"not_picked":["blademaster:LeechingStrike+1","blademaster:FlockOfBlades"],"picked":"blademaster:Quickstep+1","floor":22.0},{"not_picked":["blademaster:Momentum+1","blademaster:SharpBlades+1"],"picked":"blademaster:DragonStrike+1","floor":23.0},{"not_picked":["blademaster:RollingTyphoon+1","blademaster:AspectOfLightning"],"picked":"blademaster:AwakeningStrike+1","floor":25.0},{"not_picked":["blademaster:AwakeningStrike+1","blademaster:ThunderSlash+1"],"picked":"blademaster:Breeze+1","floor":25.0},{"not_picked":["blademaster:Slice+1","blademaster:CullingStrike+1","blademaster:Bloodbath"],"picked":"SKIP","floor":31.0},{"not_picked":["blademaster:AwakeningDefend+1","blademaster:FuriousStrike+1","blademaster:AspectOfLightning+1"],"picked":"SKIP","floor":35},{"not_picked":["blademaster:Momentum","blademaster:Sharpen+1","blademaster:AspectOfWind+1"],"picked":"SKIP","floor":36},{"not_picked":["blademaster:Slice+1","blademaster:KiBarrier+1"],"picked":"blademaster:TraverseCut+1","floor":37},{"not_picked":["blademaster:Thrust+1","blademaster:Vortex+1","blademaster:AwakeningDefend+1"],"picked":"SKIP","floor":38},{"not_picked":["blademaster:DragonStrike+1","blademaster:AspectOfLightning+1","blademaster:AwakeningStrike+1"],"picked":"SKIP","floor":41},{"not_picked":["blademaster:SharpBlades","blademaster:BloodyBlow+1","blademaster:LightningDraw+1"],"picked":"SKIP","floor":42},{"not_picked":["blademaster:DragonStrike+1","blademaster:Quickness","blademaster:FuriousStrike+1"],"picked":"SKIP","floor":46},{"not_picked":["ReplayTheSpireMod:??????????????????????","ReplayTheSpireMod:Book of Names"],"picked":"infinitespire:Starlight","floor":47},{"not_picked":["blademaster:Hailwind+1","blademaster:DeadlyDance+1","blademaster:CullingStrike+1"],"picked":"SKIP","floor":48}],"player_experience":124202,"relics_obtained":[{"floor":6.0,"key":"Molten Egg 2"},{"floor":6.0,"key":"blademaster:WindChargePerk"},{"floor":8.0,"key":"Blue Doll"},{"floor":8.0,"key":"blademaster:FinisherDrawCardPerk"},{"floor":9.0,"key":"Divine Protection"},{"floor":13.0,"key":"Simple Rune"},{"floor":13.0,"key":"blademaster:StrongPerk"},{"floor":23.0,"key":"ReplayTheSpireMod:TigerMarble"},{"floor":23.0,"key":"blademaster:RandomStancePerk"},{"floor":26.0,"key":"Toxic Egg 2"},{"floor":31.0,"key":"ReplayTheSpireMod:Shallot"},{"floor":31.0,"key":"blademaster:ComboEveryTurnPerk"},{"floor":42,"key":"Pantograph"},{"floor":42,"key":"blademaster:DextrousPerk"},{"floor":42,"key":"Sundial"},{"floor":43,"key":"Smiling Mask"},{"floor":46,"key":"StuffTheSpire:ForceGauntlet"},{"floor":46,"key":"blademaster:StanceHealPerk"},{"floor":46,"key":"infinitespire:BottledMercury"},{"floor":48,"key":"Iron Hammer"},{"floor":48,"key":"blademaster:BonusFuryPerk"},{"floor":48,"key":"FossilizedHelix"}],"event_choices":[{"damage_healed":0.0,"max_hp_gain":0.0,"max_hp_loss":0.0,"gold_gain":0.0,"event_name":"Shining Light","player_choice":"Entered Light","floor":2.0,"gold_loss":0.0,"damage_taken":15.0,"cards_upgraded":["blademaster:Defend","blademaster:Strike"]},{"cards_removed":["blademaster:Defend"],"damage_healed":0.0,"max_hp_gain":0.0,"max_hp_loss":0.0,"gold_gain":0.0,"event_name":"Bonfire Elementals","player_choice":"Offered Basic","floor":3.0,"gold_loss":0.0,"damage_taken":0.0},{"damage_healed":0.0,"max_hp_gain":0.0,"max_hp_loss":0.0,"gold_gain":0.0,"event_name":"WeMeetAgain","player_choice":"Gave Potion","floor":29.0,"gold_loss":0.0,"damage_taken":0.0,"relics_obtained":["Centennial Puzzle"]},{"cards_removed":["blademaster:Quickstep"],"damage_healed":0,"gold_gain":0,"player_choice":"Removed Power","damage_taken":0,"max_hp_gain":0,"max_hp_loss":0,"event_name":"Falling","floor":39,"gold_loss":0}],"is_beta":false,"boss_relics":[{"not_picked":["Velvet Choker","Astrolabe"],"picked":"StuffTheSpire:ModemDavis"},{"not_picked":["Replay:Bronze Core","Fusion Hammer"],"picked":"Replay:Grab Bag"},{"not_picked":["StuffTheSpire:RunicConfusion","Busted Crown"],"picked":"infinitespire:Cupcake"},{"not_picked":["Cursed Key","ReplayTheSpireMod:Onyx Gauntlets"],"picked":"Sozu"},{"not_picked":["Kintsugi","Replay:Drink Me"],"picked":"Black Star"}],"items_purged_floors":[45],"is_endless":false,"potions_floor_spawned":[4,6,14,16,19,33,37,46,48],"ascension_level":1}}