{"host":"lz4xqhdipxskteyg","time":1613772851,"event":{"mods":["2.2 Compatiblity","BaseMod","Bestiary","Colored Map","Colored Powertips","Curses Come First","Highlight Path","Keyboard Shortcuts","Minty Spire (QoL Compilation)","Relic Stats","Slay the Relics Exporter","StSLib","SuperFastMode"],"gold_per_floor":[112,129,204,223,239,239,272,287,310,322,334,367,397,148,148,252,252,272,283,17,17,34,34,62,62,89,89,106,125,125,145,145,246,246,258,272,284,30,46,46,58,58,58,68,68,79,90,38,38,38,38],"floor_reached":50,"language":"TUR","playtime":4120,"items_purged":[],"score":545,"play_id":"485aa704-e0d9-4c2c-bacc-989af7e04c75","local_time":"20210220011411","is_ascension_mode":false,"campfire_choices":[{"floor":6,"key":"REST"},{"data":"Inflame","floor":10,"key":"SMITH"},{"floor":15,"key":"REST"},{"floor":23,"key":"REST"},{"data":"Anger","floor":25,"key":"SMITH"},{"floor":27,"key":"REST"},{"floor":30,"key":"REST"},{"floor":32,"key":"REST"},{"floor":40,"key":"REST"},{"data":"Intimidate","floor":42,"key":"SMITH"},{"floor":49,"key":"REST"}],"circlet_count":0,"master_deck":["Strike_R","Strike_R","Strike_R+1","Strike_R","Defend_R","Defend_R","Defend_R","Defend_R","Battle Trance","Heavy Blade","Cleave+1","Inflame+1","Iron Wave","Rampage","Shockwave","Anger+1","Intimidate+1","Twin Strike","Clash","Spot Weakness","Ghostly Armor+1","Pommel Strike","Double Tap","Disarm+1","Feed+1","The Bomb+1","Rage+1","Hemokinesis+1","Parasite","Seeing Red+1","Shrug It Off+1","Warcry+1","Whirlwind","True Grit+1","Flex"],"relics":["Burning Blood","Orichalcum","MawBank","Odd Mushroom","Shuriken","SlaversCollar","Happy Flower","Whetstone","Red Skull","Astrolabe","Pear","Strawberry"],"acts_visited":["Exordium","TheCity","TheBeyond"],"potions_floor_usage":[5,16,16,16,22,33,33,36,39,46,50],"damage_taken":[{"damage":8,"enemies":"Small Slimes","floor":1,"turns":3},{"damage":1,"enemies":"2 Louse","floor":2,"turns":4},{"damage":5,"enemies":"Jaw Worm","floor":4,"turns":5},{"damage":21,"enemies":"Gremlin Gang","floor":5,"turns":5},{"damage":34,"enemies":"3 Sentries","floor":7,"turns":8},{"damage":0,"enemies":"Large Slime","floor":8,"turns":4},{"damage":14,"enemies":"The Mushroom Lair","floor":12,"turns":4},{"damage":3,"enemies":"Looter","floor":13,"turns":3},{"damage":40,"enemies":"The Guardian","floor":16,"turns":7},{"damage":18,"enemies":"Spheric Guardian","floor":18,"turns":6},{"damage":6,"enemies":"Chosen","floor":19,"turns":5},{"damage":47,"enemies":"Sentry and Sphere","floor":22,"turns":6},{"damage":12,"enemies":"Gremlin Leader","floor":24,"turns":5},{"damage":25,"enemies":"Cultist and Chosen","floor":28,"turns":5},{"damage":15,"enemies":"Centurion and Healer","floor":29,"turns":5},{"damage":15,"enemies":"Snake Plant","floor":31,"turns":4},{"damage":27,"enemies":"Collector","floor":33,"turns":5},{"damage":17,"enemies":"Orb Walker","floor":35,"turns":5},{"damage":14,"enemies":"3 Shapes","floor":36,"turns":3},{"damage":31,"enemies":"Writhing Mass","floor":37,"turns":5},{"damage":19,"enemies":"4 Shapes","floor":39,"turns":3},{"damage":13,"enemies":"Sphere and 2 Shapes","floor":41,"turns":4},{"damage":45,"enemies":"Transient","floor":44,"turns":5},{"damage":16,"enemies":"Maw","floor":46,"turns":7},{"damage":18,"enemies":"Jaw Worm Horde","floor":47,"turns":3},{"damage":79,"enemies":"Time Eater","floor":50,"turns":10}],"seed_played":"5009160373407664578","potions_obtained":[{"floor":4,"key":"Energy Potion"},{"floor":5,"key":"Swift Potion"},{"floor":8,"key":"BlessingOfTheForge"},{"floor":13,"key":"Dexterity Potion"},{"floor":19,"key":"SpeedPotion"},{"floor":24,"key":"LiquidMemories"},{"floor":29,"key":"Ancient Potion"},{"floor":33,"key":"Regen Potion"},{"floor":35,"key":"Ancient Potion"},{"floor":37,"key":"ElixirPotion"},{"floor":41,"key":"GamblersBrew"}],"is_trial":false,"path_per_floor":["M","M","?","M","M","R","E","M","T","R","?","?","M","$","R","B",null,"M","M","$","?","M","R","E","R","T","R","M","M","R","M","R","B",null,"M","M","M","$","M","R","M","R","T","M","?","M","M","$","R","B"],"character_chosen":"IRONCLAD","items_purchased":["Shuriken","Happy Flower","Clash","Impatience","Pear","Flex"],"campfire_rested":8,"item_purchase_floors":[14,20,20,20,38,48],"current_hp_per_floor":[86,88,77,78,63,88,60,66,66,66,71,63,66,66,93,59,93,81,81,81,81,40,67,61,61,61,88,69,60,87,78,93,72,93,86,78,53,63,62,94,91,91,98,59,59,49,37,37,72,0,0],"gold":38,"neow_bonus":"TEN_PERCENT_HP_BONUS","is_daily":false,"chose_seed":false,"campfire_upgraded":3,"win_rate":0.0,"timestamp":1613772851,"path_taken":["M","M","?","M","M","R","E","M","T","R","?","?","M","$","R","BOSS","M","M","$","?","M","R","E","R","T","R","M","M","R","M","R","BOSS","M","M","M","$","M","R","M","R","T","M","?","M","?","$","R","BOSS"],"items_purchased_type":["Relic","Relic","Card","Card","Relic","Card"],"build_version":"2020-12-22","purchased_purges":0,"victory":false,"max_hp_per_floor":[88,88,88,88,88,88,88,88,88,88,93,93,93,93,93,93,93,93,93,93,93,93,93,93,93,93,93,93,93,93,93,93,93,93,97,97,97,107,107,107,111,111,118,118,118,118,118,118,118,118,118],"relic_stats":{"Happy Flower":[25],"counters":[26,129],"Shuriken":[32],"Astrolabe":["Disarm","Feed","The Bomb"],"Whetstone":["Cleave","Strike_R"],"Orichalcum":[264],"MawBank":60,"obtain_stats":[{"SlaversCollar":17,"Pear":38,"Happy Flower":20,"Shuriken":14,"Astrolabe":34,"Strawberry":43,"Whetstone":24,"Orichalcum":7,"Odd Mushroom":12,"MawBank":9,"Burning Blood":0,"Red Skull":26},{"SlaversCollar":9,"Pear":20,"Happy Flower":11,"Shuriken":8,"Astrolabe":17,"Strawberry":22,"Whetstone":13,"Orichalcum":5,"Odd Mushroom":7,"MawBank":6,"Burning Blood":0,"Red Skull":13},{"SlaversCollar":43,"Pear":97,"Happy Flower":54,"Shuriken":36,"Astrolabe":84,"Strawberry":104,"Whetstone":65,"Orichalcum":25,"Odd Mushroom":33,"MawBank":29,"Burning Blood":0,"Red Skull":65}],"Burning Blood":147},"card_choices":[{"not_picked":["Perfected Strike","Pummel"],"picked":"Battle Trance","floor":1},{"not_picked":["Perfected Strike","True Grit"],"picked":"Heavy Blade","floor":2},{"not_picked":["Sword Boomerang","Clothesline"],"picked":"Cleave","floor":4},{"not_picked":["Warcry","Headbutt"],"picked":"Inflame","floor":5},{"not_picked":["Barricade","Clash"],"picked":"Iron Wave","floor":7},{"not_picked":["Combust","Warcry"],"picked":"Rampage","floor":8},{"not_picked":["Cleave","Twin Strike"],"picked":"Shockwave","floor":12},{"not_picked":["Barricade","Armaments"],"picked":"Anger","floor":13},{"not_picked":["Juggernaut","Reaper"],"picked":"Impervious","floor":16},{"not_picked":["Shockwave","Armaments"],"picked":"Intimidate","floor":18},{"not_picked":["Sever Soul","Warcry"],"picked":"Twin Strike","floor":19},{"not_picked":["Dark Embrace","Twin Strike","True Grit"],"picked":"SKIP","floor":22},{"not_picked":["Twin Strike","Iron Wave+1"],"picked":"Spot Weakness","floor":24},{"not_picked":["True Grit","Sword Boomerang","Dark Embrace+1"],"picked":"SKIP","floor":28},{"not_picked":["Sword Boomerang","Anger"],"picked":"Ghostly Armor+1","floor":29},{"not_picked":["Demon Form","Twin Strike"],"picked":"Pommel Strike","floor":31},{"not_picked":["Reaper","Fiend Fire"],"picked":"Double Tap","floor":33},{"not_picked":["Headbutt+1","Clothesline+1"],"picked":"Rage+1","floor":35},{"not_picked":["Shrug It Off","True Grit"],"picked":"Hemokinesis+1","floor":36},{"not_picked":["Perfected Strike","Shrug It Off+1"],"picked":"Seeing Red+1","floor":37},{"not_picked":["Disarm+1","Cleave+1"],"picked":"Shrug It Off+1","floor":39},{"not_picked":["Impervious","Second Wind+1","Clothesline"],"picked":"SKIP","floor":41},{"not_picked":["Second Wind","Seeing Red"],"picked":"Warcry+1","floor":44},{"not_picked":["True Grit","Bloodletting"],"picked":"Whirlwind","floor":46},{"not_picked":["Combust+1","Thunderclap+1"],"picked":"True Grit+1","floor":47}],"player_experience":33394,"relics_obtained":[{"floor":7,"key":"Orichalcum"},{"floor":9,"key":"MawBank"},{"floor":12,"key":"Odd Mushroom"},{"floor":24,"key":"Whetstone"},{"floor":26,"key":"Red Skull"},{"floor":43,"key":"Strawberry"}],"event_choices":[{"damage_healed":0,"gold_gain":75,"player_choice":"Gather Gold","damage_taken":11,"max_hp_gain":0,"max_hp_loss":0,"event_name":"World of Goop","floor":3,"gold_loss":0},{"damage_healed":0,"gold_gain":0,"player_choice":"Donut","damage_taken":0,"max_hp_gain":5,"max_hp_loss":0,"event_name":"Big Fish","floor":11,"gold_loss":0},{"damage_healed":0,"gold_gain":0,"player_choice":"Fought Mushrooms","damage_taken":0,"max_hp_gain":0,"max_hp_loss":0,"event_name":"Mushrooms","floor":12,"gold_loss":0},{"damage_healed":0,"gold_gain":0,"player_choice":"Ignored","damage_taken":0,"max_hp_gain":0,"max_hp_loss":0,"event_name":"Ghosts","floor":21,"gold_loss":0},{"cards_removed":["Bash"],"damage_healed":0,"gold_gain":0,"player_choice":"Purged","damage_taken":0,"max_hp_gain":0,"max_hp_loss":0,"event_name":"Purifier","floor":45,"gold_loss":0}],"is_beta":false,"boss_relics":[{"not_picked":["Runic Dome","Runic Cube"],"picked":"SlaversCollar"},{"not_picked":["Snecko Eye","Velvet Choker"],"picked":"Astrolabe"}],"items_purged_floors":[],"is_endless":false,"potions_floor_spawned":[4,5,8,13,19,24,29,33,35,37,41],"killed_by":"Time Eater","ascension_level":0}}