{"host":"Ringo","time":1613717550,"event":{"mods":["BaseMod","Colored Map","Conspire","Dota2Spire","Hubris","Minty Spire (QoL Compilation)","Replay The Spire","StSLib","The Construct","[IsaacMod]ÒÔÈö¼âËþ","¡¾ÒÅÎï¿¨ÅÆ¡¿REMEMod"],"gold_per_floor":[119,119,119,132,145,183,214,255,326,361,702,742,780,814,814,905,905,928,576,576,576,631,664,704,735,814,814,901,971,1011,1055,1055,1187,1187,1208,565,565,208,222,286,352,405,477,520,116,206,250,82,82,85,118],"floor_reached":52,"language":"ZHS","playtime":1110,"items_purged":["Calculated Gamble","Dash+1"],"score":3877,"play_id":"98e49c77-0a5e-4c99-b7e9-97f89f1c3b3b","local_time":"20210219145230","daily_mods":["SealedDeck","Vintage","Red Cards","Green Cards","Colorless Cards","Heirloom","Time Dilation","Flight","DeadlyEvents","Elite Swarm","Lethality","Binary"],"is_ascension_mode":true,"campfire_choices":[{"data":"Armaments","floor":15.0,"key":"SMITH"},{"data":"Offering","floor":15.0,"key":"SMITH"},{"data":"Shrug It Off","floor":27.0,"key":"SMITH"},{"data":"Infernal Blade","floor":27.0,"key":"SMITH"},{"data":"Footwork","floor":32.0,"key":"SMITH"},{"data":"Dagger Spray","floor":32.0,"key":"SMITH"},{"data":"hubris:ReadiedAction","floor":49,"key":"SMITH"},{"data":"Metallicize","floor":49,"key":"SMITH"}],"circlet_count":0,"master_deck":["AscendersBane","Run Through","Poisoned Stab","Backflip","Footwork+1","Masterful Stab","Thunderclap","Armaments+1","Anger","Dagger Spray+1","Metallicize+1","Offering+1","Infernal Blade+1","Riddle With Holes+1","Backstab+1","Quick Slash+1","Shrug It Off+1","REME_ProfessionalPlagiarism","Well Laid Plans+1","hubris:ReadiedAction+1"],"relics":["Burning Blood","Busted Crown","HushsDoor","REME_ComplimentaryCards","replay:Trail_Library","Replay:Arrowhead","GuppysTail","Replay:Mystery Machine","Golden Idol","DeadEye","Dota2Spire:Dagon","hubris:Spice","Molten Egg 2","Blue Candle","Old Coin","Replay:Bottled Steam","Dota2Spire:ArmletOfMordiggian","hubris:HollowSoul","Replay:Wax Seal","Dota2Spire:HandOfMidas","King of Hearts","Dota2Spire:MaskOfMadness","Leech","REME_ArchaeologicalTools","Meat on the Bone","Frozen Egg 2","Singing Bowl","conspire:SpecialSausage","Dota2Spire:Mjollnir","hubris:PeanutButter","SatanicBible","Replay:Bottled Flurry","Replay:Baseball","Quantum Egg","Onion Ring","conspire:BottledYoYo","hubris:EmptyBottle"],"acts_visited":["Exordium","TheCity","TheBeyond"],"potions_floor_usage":[50,51,51],"damage_taken":[{"damage":0.0,"enemies":"Small Slimes","floor":1.0,"turns":1.0},{"damage":0.0,"enemies":"Jaw Worm","floor":4.0,"turns":1.0},{"damage":6.0,"enemies":"Cultist","floor":5.0,"turns":1.0},{"damage":0.0,"enemies":"Gremlin Nob","floor":6.0,"turns":1.0},{"damage":6.0,"enemies":"3 Sentries","floor":7.0,"turns":2.0},{"damage":6.0,"enemies":"Gremlin Nob","floor":8.0,"turns":1.0},{"damage":6.0,"enemies":"Lagavulin","floor":10.0,"turns":1.0},{"damage":6.0,"enemies":"3 Sentries","floor":11.0,"turns":2.0},{"damage":0.0,"enemies":"Lagavulin","floor":12.0,"turns":2.0},{"damage":6.0,"enemies":"Gremlin Nob","floor":13.0,"turns":1.0},{"damage":6.0,"enemies":"3 Sentries","floor":14.0,"turns":2.0},{"damage":0.0,"enemies":"Hexaghost","floor":16.0,"turns":2.0},{"damage":0.0,"enemies":"Chosen","floor":18.0,"turns":1.0},{"damage":0.0,"enemies":"2 Thieves","floor":22.0,"turns":1.0},{"damage":0.0,"enemies":"Slavers","floor":23.0,"turns":1.0},{"damage":0.0,"enemies":"conspire:SneckoGhost","floor":24.0,"turns":2.0},{"damage":0.0,"enemies":"Gremlin Leader","floor":25.0,"turns":1.0},{"damage":0.0,"enemies":"conspire:SneckoGhost","floor":28.0,"turns":1.0},{"damage":0.0,"enemies":"Slavers","floor":29.0,"turns":2.0},{"damage":6.0,"enemies":"Centurion and Healer","floor":30.0,"turns":1.0},{"damage":6.0,"enemies":"conspire:SneckoGhost","floor":31.0,"turns":1.0},{"damage":6.0,"enemies":"Collector","floor":33.0,"turns":2.0},{"damage":0.0,"enemies":"Orb Walker","floor":35.0,"turns":1.0},{"damage":0.0,"enemies":"3 Shapes","floor":39.0,"turns":1.0},{"damage":0.0,"enemies":"Giant Head","floor":40.0,"turns":3.0},{"damage":0.0,"enemies":"Hiden Room Battle","floor":41.0,"turns":1.0},{"damage":0.0,"enemies":"R_Hoarder","floor":42.0,"turns":2.0},{"damage":0,"enemies":"Nemesis","floor":44,"turns":1},{"damage":0,"enemies":"R_Hoarder","floor":46,"turns":2},{"damage":0,"enemies":"Giant Head","floor":47,"turns":2},{"damage":0,"enemies":"Time Eater","floor":50,"turns":1},{"damage":0,"enemies":"Donu and Deca","floor":51,"turns":2}],"seed_played":"-7312037689740604755","potions_obtained":[{"floor":1.0,"key":"Weak Potion"},{"floor":5.0,"key":"SkillPotion"},{"floor":13.0,"key":"LifebloodPotion"},{"floor":16.0,"key":"Ancient Potion"},{"floor":23.0,"key":"SneckoOil"},{"floor":28.0,"key":"Adrenaline Potion"},{"floor":35.0,"key":"Adrenaline Potion"},{"floor":47,"key":"Swift Potion"}],"is_trial":true,"path_per_floor":["M","?","?","M","M","E","E","E","T","E","E","E","E","E","R","B",null,"M","$","?","?","M","E","E","E","T","R","E","E","M","E","R","B",null,"M","$","T","$","M","E","?","E","T","E","$","E","E","$","R","B","B",null],"character_chosen":"IRONCLAD","items_purchased":["Infernal Blade","Riddle With Holes+1","Replay:Wax Seal","Dota2Spire:HandOfMidas","Backstab+1","Quick Slash+1","Dota2Spire:Mjollnir","SatanicBible","REME_ProfessionalPlagiarism","Well Laid Plans+1","hubris:ReadiedAction","hubris:EmptyBottle"],"campfire_rested":0,"item_purchase_floors":[17,17,19,19,19,19,36,38,45,45,45,48],"current_hp_per_floor":[74,48,48,54,54,68,68,76,76,76,76,82,82,82,82,83,77,69,69,65,61,61,53,53,53,53,53,53,53,53,45,45,45,45,37,37,37,37,37,29,21,13,13,5,5,5,5,5,5,5,5],"gold":118,"neow_bonus":"","is_daily":false,"chose_seed":false,"campfire_upgraded":8,"win_rate":0.0,"timestamp":1613717550,"path_taken":["M","?","?","M","?","E","E","E","T","E","E","E","?","E","R","BOSS","M","$","?","?","?","E","E","E","T","R","E","E","?","E","R","BOSS","M","$","?","$","M","E","?","E","T","E","$","E","E","?","R","BOSS","BOSS"],"items_purchased_type":["Card","Card","Relic","Relic","Card","Card","Relic","Relic","Card","Card","Card","Relic"],"build_version":"2020-12-18","purchased_purges":2,"victory":true,"max_hp_per_floor":[75,75,75,75,75,83,83,91,91,91,91,91,91,83,83,83,77,69,69,69,61,61,53,53,53,53,53,53,53,53,45,45,45,45,37,37,37,37,37,29,21,13,13,5,5,5,5,5,5,5,5],"card_choices":[],"player_experience":722240,"relics_obtained":[{"floor":1.0,"key":"Replay:Mystery Machine"},{"floor":4.0,"key":"DeadEye"},{"floor":5.0,"key":"Dota2Spire:Dagon"},{"floor":6.0,"key":"hubris:Spice"},{"floor":7.0,"key":"Molten Egg 2"},{"floor":8.0,"key":"hubris:Spice"},{"floor":10.0,"key":"Blue Candle"},{"floor":11.0,"key":"Old Coin"},{"floor":12.0,"key":"Replay:Bottled Steam"},{"floor":13.0,"key":"Dota2Spire:ArmletOfMordiggian"},{"floor":14.0,"key":"hubris:Spice"},{"floor":18.0,"key":"hubris:Spice"},{"floor":21.0,"key":"hubris:Spice"},{"floor":22.0,"key":"King of Hearts"},{"floor":23.0,"key":"hubris:Spice"},{"floor":24.0,"key":"Dota2Spire:MaskOfMadness"},{"floor":25.0,"key":"Leech"},{"floor":26.0,"key":"REME_ArchaeologicalTools"},{"floor":28.0,"key":"Meat on the Bone"},{"floor":29.0,"key":"Frozen Egg 2"},{"floor":30.0,"key":"Singing Bowl"},{"floor":31.0,"key":"hubris:Spice"},{"floor":35.0,"key":"hubris:Spice"},{"floor":37.0,"key":"hubris:PeanutButter"},{"floor":39.0,"key":"Replay:Bottled Flurry"},{"floor":40.0,"key":"hubris:Spice"},{"floor":41.0,"key":"hubris:Spice"},{"floor":41.0,"key":"Replay:Baseball"},{"floor":42.0,"key":"hubris:Spice"},{"floor":43,"key":"Quantum Egg"},{"floor":44,"key":"hubris:Spice"},{"floor":46,"key":"Onion Ring"},{"floor":47,"key":"conspire:BottledYoYo"}],"event_choices":[{"damage_healed":0.0,"max_hp_gain":0.0,"max_hp_loss":0.0,"gold_gain":0.0,"event_name":"Golden Idol","player_choice":"Take Damage","floor":2.0,"gold_loss":0.0,"damage_taken":26.0,"relics_obtained":["Golden Idol"]},{"damage_healed":0.0,"max_hp_gain":0.0,"max_hp_loss":0.0,"gold_gain":0.0,"event_name":"The Cleric","player_choice":"Leave","floor":3.0,"gold_loss":0.0,"damage_taken":0.0},{"damage_healed":0.0,"max_hp_gain":0.0,"max_hp_loss":0.0,"gold_gain":0.0,"event_name":"conspire:Investor","player_choice":"Leave","floor":20.0,"gold_loss":0.0,"damage_taken":0.0},{"damage_healed":0.0,"max_hp_gain":0.0,"max_hp_loss":0.0,"gold_gain":0.0,"event_name":"Wheel of Change","player_choice":"Relic","floor":21.0,"gold_loss":0.0,"damage_taken":0.0},{"damage_healed":0.0,"max_hp_gain":0.0,"max_hp_loss":0.0,"gold_gain":0.0,"event_name":"HidenRoomEvent","player_choice":"Fight","floor":41.0,"gold_loss":0.0,"damage_taken":0.0}],"is_beta":true,"boss_relics":[{"not_picked":["Honey Jar","hubris:Spice"],"picked":"hubris:HollowSoul"},{"not_picked":[]},{"not_picked":["REME_DemonsWealth","hubris:Spice"],"picked":"conspire:SpecialSausage"},{"not_picked":[]}],"items_purged_floors":[38,45],"is_endless":false,"potions_floor_spawned":[1,5,11,12,13,14,16,23,24,25,28,35,39,41,47],"ascension_level":20}}