{"host":"ju1b3c4x8n2jtjm7","time":1613774664,"event":{"mods":["AchievementEnabler","BaseMod","Colored Map","Colored Powertips","Highlight Path","Minty Spire (QoL Compilation)","Quick Restart","Rare Cards Sparkle","Relic Stats"],"gold_per_floor":[18,18,94,105,180,180,207,222,293,293,319,319,334,348,348,444,444,459,71,84,95,112,112,147,147,147,179,189,216,14,30,30,132,132,144,155,155,165,265,297,311,345,371,398,423,67,67,103,103,103],"floor_reached":51,"language":"ENG","playtime":5717,"items_purged":["Bludgeon","Pommel Strike","Iron Wave"],"score":1337,"play_id":"066e46da-82b4-4aed-8f13-cf128d2691ac","local_time":"20210219234424","is_ascension_mode":true,"campfire_choices":[{"data":"True Grit","floor":6.0,"key":"SMITH"},{"floor":10.0,"key":"REST"},{"data":"Battle Trance","floor":15.0,"key":"SMITH"},{"data":"Armaments","floor":23.0,"key":"SMITH"},{"data":"Offering","floor":25.0,"key":"SMITH"},{"data":"Second Wind","floor":32.0,"key":"SMITH"},{"data":"Power Through","floor":47,"key":"SMITH"},{"data":"Battle Trance","floor":49,"key":"SMITH"}],"circlet_count":0,"master_deck":["Defend_R","Defend_R","Defend_R","Defend_R","Intimidate","Pummel","True Grit+1","Spot Weakness","Offering+1","Power Through+1","Battle Trance+1","Second Wind+1","Double Tap","Barricade+1","Juggernaut+1","Dual Wield+1","Armaments+1","Heavy Blade","Seeing Red","Headbutt+1","Sentinel","Reaper","Disarm","Body Slam+1","Exhume","Burning Pact+1","Second Wind+1","Finesse","Battle Trance+1"],"relics":["Burning Blood","Ancient Tea Set","Question Card","Vajra","Astrolabe","FossilizedHelix","Du-Vu Doll","Singing Bowl","Meat on the Bone","SlaversCollar","Ice Cream","Nunchaku","CeramicFish","Dream Catcher","Bag of Preparation","TungstenRod"],"acts_visited":["Exordium","TheCity","TheBeyond"],"potions_floor_usage":[50],"damage_taken":[{"damage":7.0,"enemies":"2 Louse","floor":1.0,"turns":2.0},{"damage":2.0,"enemies":"Small Slimes","floor":4.0,"turns":3.0},{"damage":49.0,"enemies":"Lagavulin","floor":7.0,"turns":9.0},{"damage":0.0,"enemies":"Cultist","floor":8.0,"turns":5.0},{"damage":15.0,"enemies":"Gremlin Nob","floor":11.0,"turns":3.0},{"damage":14.0,"enemies":"Lots of Slimes","floor":13.0,"turns":5.0},{"damage":9.0,"enemies":"Exordium Thugs","floor":14.0,"turns":3.0},{"damage":11.0,"enemies":"The Guardian","floor":16.0,"turns":10.0},{"damage":4.0,"enemies":"Shell Parasite","floor":18.0,"turns":7.0},{"damage":24.0,"enemies":"3 Byrds","floor":20.0,"turns":5.0},{"damage":20.0,"enemies":"Snecko","floor":21.0,"turns":5.0},{"damage":4.0,"enemies":"Snake Plant","floor":22.0,"turns":4.0},{"damage":2.0,"enemies":"Slavers","floor":24.0,"turns":6.0},{"damage":0.0,"enemies":"Gremlin Leader","floor":27.0,"turns":6.0},{"damage":20.0,"enemies":"Centurion and Healer","floor":28.0,"turns":9.0},{"damage":9.0,"enemies":"Book of Stabbing","floor":29.0,"turns":5.0},{"damage":6.0,"enemies":"Snecko","floor":31.0,"turns":5.0},{"damage":39.0,"enemies":"Collector","floor":33.0,"turns":4.0},{"damage":25.0,"enemies":"3 Darklings","floor":35.0,"turns":12.0},{"damage":15.0,"enemies":"3 Shapes","floor":36.0,"turns":9.0},{"damage":41.0,"enemies":"Sphere and 2 Shapes","floor":38.0,"turns":9.0},{"damage":21.0,"enemies":"Reptomancer","floor":40.0,"turns":10.0},{"damage":44.0,"enemies":"Transient","floor":41.0,"turns":5.0},{"damage":0.0,"enemies":"Giant Head","floor":42.0,"turns":7.0},{"damage":22,"enemies":"Nemesis","floor":44,"turns":5},{"damage":21,"enemies":"Spire Growth","floor":45,"turns":7},{"damage":0,"enemies":"Giant Head","floor":48,"turns":5},{"damage":11,"enemies":"Awakened One","floor":50,"turns":7}],"seed_played":"-3382223525197153924","potions_obtained":[{"floor":7.0,"key":"DuplicationPotion"},{"floor":13.0,"key":"SneckoOil"},{"floor":14.0,"key":"HeartOfIron"},{"floor":20.0,"key":"SpeedPotion"},{"floor":21.0,"key":"ColorlessPotion"},{"floor":22.0,"key":"Block Potion"},{"floor":27.0,"key":"ElixirPotion"},{"floor":28.0,"key":"AttackPotion"},{"floor":35.0,"key":"EntropicBrew"},{"floor":41.0,"key":"DuplicationPotion"},{"floor":42.0,"key":"Dexterity Potion"},{"floor":48,"key":"SkillPotion"}],"is_trial":false,"path_per_floor":["M","?","?","M","?","R","E","M","T","R","E","?","M","M","R","B",null,"M","$","M","M","M","R","E","R","T","E","M","E","$","M","R","B",null,"M","M","?","M","?","E","M","E","T","E","M","$","R","E","R","B",null],"character_chosen":"IRONCLAD","items_purchased":["FossilizedHelix","EntropicBrew","Bag of Preparation","Finesse"],"campfire_rested":1,"item_purchase_floors":[19,30,46,46],"current_hp_per_floor":[71,71,71,75,64,64,21,27,27,51,42,42,34,31,31,26,67,69,69,51,37,39,39,43,43,43,49,37,36,36,48,48,27,70,84,84,84,82,82,79,55,88,88,88,73,73,73,90,90,90],"gold":103,"neow_bonus":"TRANSFORM_TWO_CARDS","is_daily":false,"chose_seed":false,"campfire_upgraded":7,"win_rate":0.0,"timestamp":1613774664,"path_taken":["M","?","?","M","?","R","E","M","T","R","E","?","?","M","R","BOSS","M","?","M","M","M","R","E","R","T","E","M","E","$","M","R","BOSS","M","M","?","M","?","E","M","E","T","E","?","?","R","E","R","BOSS"],"items_purchased_type":["Relic","Potion","Relic","Card"],"build_version":"2020-12-22","purchased_purges":3,"victory":true,"max_hp_per_floor":[80,80,80,80,80,80,80,80,80,80,80,80,80,80,80,80,80,80,80,80,80,80,80,80,80,80,80,82,84,84,84,84,84,84,84,84,84,86,86,86,88,88,88,90,90,90,90,90,90,90],"relic_stats":{"Nunchaku":[4],"Dream Catcher":0,"Singing Bowl":10,"counters":[28,172],"Astrolabe":["Barricade","Juggernaut","Dual Wield"],"CeramicFish":27,"Bag of Preparation":[4],"Question Card":23,"obtain_stats":[{"Ice Cream":40,"Singing Bowl":27,"Astrolabe":17,"CeramicFish":43,"Vajra":11,"Bag of Preparation":46,"Ancient Tea Set":7,"Question Card":9,"Burning Blood":0,"Du-Vu Doll":24,"SlaversCollar":34,"Nunchaku":42,"Dream Catcher":44,"FossilizedHelix":19,"TungstenRod":48,"Meat on the Bone":29},{"Ice Cream":22,"Singing Bowl":14,"Astrolabe":8,"CeramicFish":24,"Vajra":5,"Bag of Preparation":26,"Ancient Tea Set":3,"Question Card":4,"Burning Blood":0,"Du-Vu Doll":13,"SlaversCollar":18,"Nunchaku":24,"Dream Catcher":25,"FossilizedHelix":9,"TungstenRod":27,"Meat on the Bone":16},{"Ice Cream":136,"Singing Bowl":73,"Astrolabe":40,"CeramicFish":148,"Vajra":22,"Bag of Preparation":160,"Ancient Tea Set":14,"Question Card":19,"Burning Blood":0,"Du-Vu Doll":67,"SlaversCollar":96,"Nunchaku":148,"Dream Catcher":153,"FossilizedHelix":47,"TungstenRod":165,"Meat on the Bone":87}],"Burning Blood":150,"TungstenRod":4,"Meat on the Bone":36},"card_choices":[{"not_picked":["Headbutt","Rage"],"picked":"Iron Wave","floor":1.0},{"not_picked":["Sword Boomerang","Seeing Red"],"picked":"True Grit","floor":4.0},{"not_picked":["Thunderclap","Body Slam"],"picked":"Pommel Strike","floor":7.0},{"not_picked":["Battle Trance","Iron Wave"],"picked":"Spot Weakness","floor":8.0},{"not_picked":["Perfected Strike","Headbutt","Warcry"],"picked":"Offering","floor":11.0},{"not_picked":["Flame Barrier","Dual Wield","Perfected Strike"],"picked":"Battle Trance","floor":13.0},{"not_picked":["Rupture","Clash","Thunderclap"],"picked":"Second Wind","floor":14.0},{"not_picked":["Corruption","Berserk","Brutality"],"picked":"Double Tap","floor":16.0},{"not_picked":["Perfected Strike","Ghostly Armor","Thunderclap","Seeing Red"],"picked":"SKIP","floor":18.0},{"not_picked":["Uppercut","Anger","Havoc","Combust"],"picked":"SKIP","floor":20.0},{"not_picked":["Sword Boomerang","Uppercut+1","Flame Barrier"],"picked":"Armaments","floor":21.0},{"not_picked":["True Grit","Havoc","Iron Wave"],"picked":"Heavy Blade","floor":22.0},{"not_picked":["True Grit","Reckless Charge","Double Tap"],"picked":"Seeing Red","floor":24.0},{"not_picked":["Clothesline","True Grit","Reckless Charge+1"],"picked":"Headbutt+1","floor":27.0},{"not_picked":["Whirlwind","Headbutt","Clothesline","Blood for Blood+1"],"picked":"Singing Bowl","floor":28.0},{"not_picked":["Twin Strike+1","Intimidate+1","Wild Strike","Shrug It Off"],"picked":"Singing Bowl","floor":29.0},{"not_picked":["Warcry","Thunderclap+1","Cleave"],"picked":"Sentinel","floor":31.0},{"not_picked":["Corruption","Fiend Fire","Juggernaut"],"picked":"Reaper","floor":33.0},{"not_picked":["Clothesline","Headbutt+1","Cleave"],"picked":"Disarm","floor":35.0},{"not_picked":["Shrug It Off","Power Through+1","Pommel Strike"],"picked":"Body Slam+1","floor":36.0},{"not_picked":["Juggernaut","Anger+1","Power Through+1","True Grit+1"],"picked":"Singing Bowl","floor":38.0},{"not_picked":["Cleave+1","Juggernaut","Twin Strike+1"],"picked":"Exhume","floor":40.0},{"not_picked":["Flex+1","Anger","Blood for Blood+1","Twin Strike"],"picked":"Singing Bowl","floor":41.0},{"not_picked":["Flex+1","Sword Boomerang+1","Heavy Blade+1"],"picked":"Burning Pact+1","floor":42.0},{"not_picked":["Body Slam+1","Warcry","Intimidate","Cleave+1"],"picked":"Singing Bowl","floor":44},{"not_picked":["Headbutt","Armaments","Iron Wave"],"picked":"Second Wind+1","floor":45},{"not_picked":["Anger","Perfected Strike+1","Seeing Red+1"],"picked":"Battle Trance","floor":48}],"player_experience":405834,"relics_obtained":[{"floor":7.0,"key":"Ancient Tea Set"},{"floor":9.0,"key":"Question Card"},{"floor":11.0,"key":"Vajra"},{"floor":24.0,"key":"Du-Vu Doll"},{"floor":27.0,"key":"Singing Bowl"},{"floor":29.0,"key":"Meat on the Bone"},{"floor":40.0,"key":"Ice Cream"},{"floor":42.0,"key":"Nunchaku"},{"floor":43.0,"key":"CeramicFish"},{"floor":44,"key":"Dream Catcher"},{"floor":48,"key":"TungstenRod"}],"event_choices":[{"damage_healed":0.0,"max_hp_gain":0.0,"max_hp_loss":0.0,"gold_gain":0.0,"event_name":"Living Wall","player_choice":"Grow","floor":2.0,"gold_loss":0.0,"damage_taken":0.0,"cards_upgraded":["Bash"]},{"damage_healed":0.0,"max_hp_gain":0.0,"max_hp_loss":0.0,"gold_gain":76.0,"event_name":"Golden Wing","player_choice":"Gained Gold","floor":3.0,"gold_loss":0.0,"damage_taken":0.0},{"damage_healed":0.0,"max_hp_gain":0.0,"max_hp_loss":0.0,"gold_gain":75.0,"event_name":"World of Goop","player_choice":"Gather Gold","floor":5.0,"gold_loss":0.0,"damage_taken":11.0},{"damage_healed":0.0,"max_hp_gain":0.0,"max_hp_loss":0.0,"gold_gain":0.0,"event_name":"Match and Keep!","player_choice":"2 cards matched","floor":12.0,"gold_loss":0.0,"damage_taken":0.0,"cards_obtained":["Bludgeon","Power Through"]},{"damage_healed":0.0,"max_hp_gain":0.0,"max_hp_loss":0.0,"gold_gain":0.0,"event_name":"Match and Keep!","player_choice":"2 cards matched","floor":12.0,"gold_loss":0.0,"damage_taken":0.0,"cards_obtained":["Bludgeon","Power Through"]},{"cards_removed":["Bash"],"damage_healed":0.0,"max_hp_gain":0.0,"max_hp_loss":0.0,"gold_gain":0.0,"event_name":"Falling","player_choice":"Removed Attack","floor":37.0,"gold_loss":0.0,"damage_taken":0.0},{"damage_healed":0.0,"max_hp_gain":0.0,"max_hp_loss":0.0,"gold_gain":100.0,"event_name":"Golden Shrine","player_choice":"Pray","floor":39.0,"gold_loss":0.0,"damage_taken":0.0}],"is_beta":false,"boss_relics":[{"not_picked":["Runic Pyramid","Fusion Hammer"],"picked":"Astrolabe"},{"not_picked":["Calling Bell","SacredBark"],"picked":"SlaversCollar"}],"items_purged_floors":[19,30,46],"is_endless":false,"potions_floor_spawned":[7,13,14,20,21,22,27,28,35,41,42,48],"ascension_level":8}}