{"host":"4wxwpv5qre4pm8t8","time":1613725381,"event":{"mods":["2.2 Compatiblity","AchievementEnabler","Act Like it!","Always Whale","Astrologer","BaseMod","Challenge The Spire","Conspire","Downfall","Elementarium","Friendly Minions","Halation","Highlight Path","Hubris","Infinite Spire","Lobotomy","Minty Spire (QoL Compilation)","Pale of the Ancients","Random Character Button","Replay The Spire","Shop Mod","StSLib","SuperFastMode","The Animator","The Jungle","Useless Jewels Mod","Yuri Mod","egg"],"gold_per_floor":[99,119,138,138,138,172,227,253,253,272,288,315,331,348,365,467,467,467,481,512,111,111,137,137,137,157,183,195,195,195,195,209,311,311,311,326,341,352,352,387,413,448,448,467,492,492,96,96,110,110,110,110],"floor_reached":50,"language":"ENG","playtime":3702,"items_purged":[],"score":777,"play_id":"52dec83a-eae4-43e9-a45f-a9d68303b9c9","local_time":"20210219010301","is_ascension_mode":true,"campfire_choices":[{"floor":1,"key":"DIG"},{"data":"Slimebound:LeechEnergy","floor":9,"key":"SMITH"},{"data":"Slimebound:MassFeed","floor":18,"key":"SMITH"},{"data":"expansioncontent:DashGenerateEvil","floor":25,"key":"SMITH"},{"data":"Slimebound:PressTheAttack","floor":30,"key":"SMITH"},{"data":"Slimebound:Teamwork","floor":35,"key":"SMITH"},{"data":"Slimebound:SpikyOuterGoop","floor":43,"key":"SMITH"},{"floor":46,"key":"RECALL"}],"circlet_count":0,"master_deck":["CENSORED_ego+1","Slimebound:Strike_Slimebound+1","Slimebound:Strike_Slimebound","Slimebound:Strike_Slimebound","Slimebound:Tackle+1","Slimebound:Defend_Slimebound","Slimebound:Defend_Slimebound","Slimebound:Defend_Slimebound","Slimebound:Defend_Slimebound","Slimebound:Split+1","Slimebound:CorrosiveSpit","Slimebound:LeechEnergy+1","Slimebound:SplitMire","Slimebound:Repurpose","Slimebound:Prepare","Slimebound:GoopSpray","Slimebound:RejuvenatingLick","Slimebound:AcidTongue","Slimebound:ItLooksTasty","Slimebound:Recycling","Slimebound:SlimeTap","Slimebound:MassFeed+1","Slimebound:Schlurp+1","Slimebound:MegaLick+1","expansioncontent:DashGenerateEvil+1","Slimebound:LeadByExample","Slimebound:PressTheAttack+1","Slimebound:Prepare","Slimebound:SplitAcid","Slimebound:SplitAcid+1","Slimebound:SplitBruiser+1","Slimebound:Teamwork+1","Slimebound:Prepare+1","Slimebound:SpikyOuterGoop+1","Slimebound:GoopSpray+1","Slimebound:Nibble","Slimebound:RainOfGoop+1","Slimebound:LeadByExample+1","Sadistic Nature","Slimebound:Recollect","Slimebound:TongueLash+1"],"relics":["Slimebound:AbsorbEndCombat","Potion Belt","infinitespire:Eraser","infinitespire:Beetle Shell","Onion Ring","Pear","infinitespire:Cupcake","Red Mask","Oddly Smooth Stone","infinitespire:Satchel","infinitespire:BottledMercury","hubris:ToyBattleship","hubris:Stopwatch","Whetstone","Replay:Rubber Ducky","Regal Pillow","halation:SelfBoilingWater","Happy Flower"],"acts_visited":["Exordium","TheCity","TheBeyond"],"potions_floor_usage":[14,16,23,32,50],"damage_taken":[{"damage":0,"enemies":"2 Louse","floor":2,"turns":4},{"damage":4,"enemies":"Small Slimes","floor":3,"turns":4},{"damage":10,"enemies":"Gremlin Nob","floor":6,"turns":4},{"damage":5,"enemies":"Lagavulin","floor":8,"turns":6},{"damage":7,"enemies":"infinitespire:Voidling","floor":10,"turns":3},{"damage":5,"enemies":"downfall:LooterAlt","floor":11,"turns":2},{"damage":9,"enemies":"Replay:BlueRogue","floor":12,"turns":4},{"damage":0,"enemies":"3 Louse","floor":13,"turns":2},{"damage":2,"enemies":"2 Fungi Beasts","floor":14,"turns":4},{"damage":2,"enemies":"Blue Slaver","floor":15,"turns":3},{"damage":0,"enemies":"IC_STATUS_ARCHETYPE","floor":16,"turns":5},{"damage":28,"enemies":"downfall:LooterAlt2","floor":19,"turns":4},{"damage":3,"enemies":"Masked Bandits","floor":20,"turns":3},{"damage":3,"enemies":"downfall:FleeingMerchant","floor":21,"turns":4},{"damage":0,"enemies":"Chosen","floor":22,"turns":1},{"damage":10,"enemies":"conspire:Head Lice","floor":23,"turns":6},{"damage":3,"enemies":"Sentry and Sphere","floor":26,"turns":4},{"damage":21,"enemies":"Slavers","floor":27,"turns":5},{"damage":3,"enemies":"Centurion and Healer","floor":28,"turns":5},{"damage":0,"enemies":"Snake Plant","floor":32,"turns":2},{"damage":13,"enemies":"WA_ARCHETYPE_CALM","floor":33,"turns":8},{"damage":6,"enemies":"3 Shapes","floor":36,"turns":4},{"damage":3,"enemies":"Orb Walker","floor":37,"turns":4},{"damage":20,"enemies":"Sphere and 2 Shapes","floor":38,"turns":4},{"damage":8,"enemies":"Transient","floor":39,"turns":5},{"damage":0,"enemies":"Nemesis","floor":40,"turns":7},{"damage":35,"enemies":"Giant Head","floor":42,"turns":9},{"damage":8,"enemies":"Jaw Worm Horde","floor":44,"turns":4},{"damage":15,"enemies":"Reptomancer","floor":45,"turns":6},{"damage":0,"enemies":"downfall:FleeingMerchant","floor":47,"turns":4},{"damage":22,"enemies":"3 Darklings","floor":49,"turns":4},{"damage":140,"enemies":"SI_POISON_ARCHETYPE","floor":50,"turns":5}],"seed_played":"1037534170344381484","potions_obtained":[{"floor":6,"key":"DistilledChaos"},{"floor":8,"key":"Explosive Potion"},{"floor":10,"key":"AttackPotion"},{"floor":11,"key":"Fruit Juice"},{"floor":13,"key":"Milkshake"},{"floor":15,"key":"Guardian:BlockOnCardUsePotion"},{"floor":19,"key":"Ancient Potion"},{"floor":26,"key":"GamblersBrew"},{"floor":27,"key":"FearPotion"},{"floor":32,"key":"Dexterity Potion"},{"floor":42,"key":"EssenceOfSteel"},{"floor":45,"key":"Slimebound:SlimyTonguePotion"}],"is_trial":false,"path_per_floor":["R","M","M","?","?","E","T","E","R","M","M","E","M","M","M","B",null,"R","M","?","$","M","E","T","R","M","E","M","?","R","?","M","B",null,"R","M","M","M","M","E","T","E","R","M","E","R","$","?","M","B"],"character_chosen":"SLIMEBOUND","items_purchased":["expansioncontent:DashGenerateEvil","Oddly Smooth Stone","Slimebound:LeadByExample","Happy Flower","Sadistic Nature","Slimebound:Recollect"],"campfire_rested":0,"item_purchase_floors":[21,21,21,47,47,47],"current_hp_per_floor":[71,71,69,69,69,63,63,64,64,63,62,71,77,86,86,86,86,86,68,75,76,76,74,74,74,79,74,83,83,83,83,89,88,110,110,106,109,109,107,119,119,92,92,100,93,93,101,101,87,0,0,0],"gold":110,"neow_bonus":"TEN_PERCENT_HP_BONUS","is_daily":false,"chose_seed":false,"campfire_upgraded":6,"win_rate":0.0,"timestamp":1613725381,"path_taken":["R","M","M","?","?","E","T","E","R","M","?","E","M","M","M","BOSS","R","M","?","$","M","E","T","R","M","E","M","?","R","?","M","BOSS","R","M","M","M","M","E","T","E","R","M","E","R","$","?","M","BOSS"],"items_purchased_type":["Card","Relic","Card","Relic","Card","Card"],"build_version":"2020-12-22","purchased_purges":0,"victory":false,"max_hp_per_floor":[71,71,71,71,71,71,71,71,71,71,71,81,81,86,86,86,86,86,90,94,94,94,94,94,94,94,102,106,106,106,106,106,110,110,110,110,114,126,126,130,130,130,130,138,138,138,138,138,138,138,138,138],"card_choices":[{"not_picked":["Slimebound:Chomp","Slimebound:GoopTackle"],"picked":"Slimebound:LeechEnergy","floor":2},{"not_picked":["Slimebound:SamplingLick","Slimebound:FormOfPuddle"],"picked":"Slimebound:SplitMire","floor":3},{"not_picked":["Slimebound:RainOfGoop","Slimebound:Nibble"],"picked":"Slimebound:Repurpose","floor":6},{"not_picked":["Slimebound:SpikyOuterGoop","Slimebound:ComboTackle"],"picked":"Slimebound:Prepare","floor":8},{"not_picked":["Slimebound:LeechingTouch","Slimebound:ComboTackle"],"picked":"Slimebound:GoopSpray","floor":10},{"not_picked":["Slimebound:GoopSpray","Slimebound:SplitLeeching"],"picked":"Slimebound:RejuvenatingLick","floor":11},{"not_picked":["Slimebound:SplitLeeching","Slimebound:SplitMire"],"picked":"Slimebound:AcidTongue","floor":12},{"not_picked":["Slimebound:SlimeSpikes","Slimebound:SplitMire"],"picked":"Slimebound:ItLooksTasty","floor":13},{"not_picked":["Slimebound:SamplingLick","Slimebound:MegaLick"],"picked":"Slimebound:Recycling","floor":14},{"not_picked":["Slimebound:SamplingLick","Slimebound:SlimeBrawl"],"picked":"Slimebound:SlimeTap","floor":15},{"not_picked":["Slimebound:LeechLife","Slimebound:Teamwork"],"picked":"Slimebound:MassFeed","floor":16},{"not_picked":["Slimebound:GoopSpray+1","Slimebound:SplitLeeching+1","Slimebound:BestDefense"],"picked":"SKIP","floor":19},{"not_picked":["Slimebound:ForwardTackle","Slimebound:AcidTongue+1"],"picked":"Slimebound:Schlurp+1","floor":20},{"not_picked":["Slimebound:RollThrough","Slimebound:Chomp"],"picked":"Slimebound:MegaLick+1","floor":21},{"not_picked":["Slimebound:ViciousTackle","Slimebound:DivideAndConquer"],"picked":"Slimebound:PressTheAttack","floor":22},{"not_picked":["Slimebound:FormOfPuddle+1","Slimebound:RejuvenatingLick"],"picked":"Slimebound:Prepare","floor":23},{"not_picked":["Slimebound:OozeBath","Slimebound:GoopTackle"],"picked":"Slimebound:SplitAcid","floor":26},{"not_picked":["Slimebound:LeechEnergy","Slimebound:LeechingTouch"],"picked":"Slimebound:SplitAcid+1","floor":27},{"not_picked":["Slimebound:GoopSpray","Slimebound:HauntingLick"],"picked":"Slimebound:SplitBruiser+1","floor":28},{"not_picked":["Slimebound:HauntingLick","Slimebound:BestDefense","Slimebound:PressTheAttack"],"picked":"SKIP","floor":32},{"not_picked":["Slimebound:PrepareCrush","Slimebound:DuplicatedForm"],"picked":"Slimebound:Teamwork","floor":33},{"not_picked":["Slimebound:ForwardTackle+1","Slimebound:Prepare","Slimebound:HungryTackle"],"picked":"SKIP","floor":36},{"not_picked":["Slimebound:ForwardTackle","Slimebound:LeadByExample","Slimebound:SplitLeeching+1"],"picked":"SKIP","floor":37},{"not_picked":["Slimebound:SamplingLick","Slimebound:ItLooksTasty+1","Slimebound:Chomp"],"picked":"SKIP","floor":38},{"not_picked":["Slimebound:HauntingLick","Slimebound:AcidTongue"],"picked":"Slimebound:Prepare+1","floor":39},{"not_picked":["Slimebound:FlameTackle","Slimebound:AcidTongue"],"picked":"Slimebound:SpikyOuterGoop","floor":40},{"not_picked":["Slimebound:PrepareCrush","Slimebound:HauntingLick"],"picked":"Slimebound:GoopSpray+1","floor":42},{"not_picked":["Slimebound:HauntingLick+1","Slimebound:LivingWall"],"picked":"Slimebound:Nibble","floor":44},{"not_picked":["Slimebound:PressTheAttack+1","Slimebound:LeechEnergy+1"],"picked":"Slimebound:RainOfGoop+1","floor":45},{"not_picked":["Slimebound:LivingWall","Slimebound:SplitLeeching"],"picked":"Slimebound:LeadByExample+1","floor":47},{"not_picked":["Slimebound:ComboTackle+1","Slimebound:PrepareCrush"],"picked":"Slimebound:TongueLash+1","floor":49}],"player_experience":536530,"relics_obtained":[{"floor":1,"key":"Potion Belt"},{"floor":6,"key":"infinitespire:Eraser"},{"floor":7,"key":"infinitespire:Beetle Shell"},{"floor":8,"key":"Onion Ring"},{"floor":12,"key":"Pear"},{"floor":20,"key":"Red Mask"},{"floor":23,"key":"infinitespire:Satchel"},{"floor":24,"key":"infinitespire:BottledMercury"},{"floor":27,"key":"hubris:ToyBattleship"},{"floor":40,"key":"Whetstone"},{"floor":41,"key":"Replay:Rubber Ducky"},{"floor":42,"key":"Regal Pillow"},{"floor":45,"key":"halation:SelfBoilingWater"}],"event_choices":[{"damage_healed":0,"gold_gain":0,"player_choice":"Fought Bandits","damage_taken":0,"max_hp_gain":0,"max_hp_loss":0,"event_name":"Masked Bandits","floor":20,"gold_loss":0},{"damage_healed":0,"gold_gain":0,"player_choice":"Ignored","damage_taken":0,"max_hp_gain":0,"max_hp_loss":0,"event_name":"Ghosts","floor":29,"gold_loss":0}],"is_beta":false,"boss_relics":[{"not_picked":["halation:LoveArrow","Replay:Grab Bag"],"picked":"infinitespire:Cupcake"},{"not_picked":["halation:SmartPhone","Empty Cage"],"picked":"hubris:Stopwatch"}],"items_purged_floors":[],"is_endless":false,"potions_floor_spawned":[6,8,10,11,13,15,19,26,27,32,40,42,45],"killed_by":"SI_POISON_ARCHETYPE","ascension_level":1}}