{"host":"2se5dq1do2gp0x9k","time":1613719989,"event":{"mods":["AchievementEnabler","BaseMod","Block Reminder","Colored Map","Colored Powertips","Minty Spire (QoL Compilation)","Relic Stats","StSLib","SuperFastMode"],"gold_per_floor":[114,114,129,86,105,105,134,134,134,134,134,34,50,50,50],"floor_reached":14,"language":"ENG","playtime":451,"items_purged":["Strike_P"],"score":167,"play_id":"d6e38c33-92d2-4cee-a7e3-d7dd8b9ec145","local_time":"20210218233309","is_ascension_mode":true,"campfire_choices":[{"data":"FlyingSleeves","floor":6,"key":"SMITH"},{"data":"Eruption","floor":8,"key":"SMITH"},{"data":"FlurryOfBlows","floor":11,"key":"SMITH"}],"circlet_count":0,"master_deck":["AscendersBane","Strike_P","Strike_P","Strike_P","Defend_P","Defend_P","Defend_P","Eruption+1","Vigilance","DevaForm","FlurryOfBlows+1","FlyingSleeves+1","Wireheading","Halt","DeceiveReality","CutThroughFate","ThirdEye"],"relics":["PureWater","Bottled Flame","Pantograph"],"acts_visited":["Exordium"],"potions_floor_usage":[7],"damage_taken":[{"damage":7,"enemies":"Small Slimes","floor":1,"turns":3},{"damage":0,"enemies":"2 Louse","floor":3,"turns":1},{"damage":7,"enemies":"Jaw Worm","floor":5,"turns":2},{"damage":23,"enemies":"3 Sentries","floor":7,"turns":9},{"damage":6,"enemies":"Exordium Wildlife","floor":13,"turns":5},{"damage":96,"enemies":"Gremlin Nob","floor":14,"turns":3}],"seed_played":"-2011585664360712085","potions_obtained":[{"floor":5,"key":"EssenceOfSteel"},{"floor":7,"key":"Energy Potion"}],"is_trial":false,"path_per_floor":["M","?","M","$","M","R","E","R","T","?","R","$","M","E"],"character_chosen":"WATCHER","items_purchased":["Wireheading","CutThroughFate"],"campfire_rested":0,"item_purchase_floors":[4,12],"current_hp_per_floor":[54,59,59,59,52,52,29,29,29,29,29,29,23,0,0],"gold":50,"neow_bonus":"TRANSFORM_CARD","is_daily":false,"chose_seed":false,"campfire_upgraded":3,"win_rate":0.0,"timestamp":1613719989,"path_taken":["M","?","M","$","M","R","E","R","T","?","R","$","M","E"],"items_purchased_type":["Card","Card"],"build_version":"2020-12-22","purchased_purges":1,"victory":false,"max_hp_per_floor":[68,73,73,73,73,73,73,73,73,73,73,73,73,73,73],"relic_stats":{"counters":[6,23],"Pantograph":0,"obtain_stats":[{"Bottled Flame":7,"Pantograph":9,"PureWater":0},{"Bottled Flame":4,"Pantograph":4,"PureWater":0},{"Bottled Flame":15,"Pantograph":15,"PureWater":0}]},"card_choices":[{"not_picked":["FlyingSleeves","FollowUp"],"picked":"FlurryOfBlows","floor":1},{"not_picked":["EmptyMind","Indignation"],"picked":"FlyingSleeves","floor":3},{"not_picked":["BattleHymn","CrushJoints"],"picked":"Halt","floor":5},{"not_picked":["LikeWater","EmptyMind"],"picked":"DeceiveReality","floor":7},{"not_picked":["BowlingBash","FollowUp"],"picked":"ThirdEye","floor":13}],"player_experience":4080212,"relics_obtained":[{"floor":7,"key":"Bottled Flame"},{"floor":9,"key":"Pantograph"}],"event_choices":[{"damage_healed":0,"gold_gain":0,"player_choice":"Donut","damage_taken":0,"max_hp_gain":5,"max_hp_loss":0,"event_name":"Big Fish","floor":2,"gold_loss":0},{"damage_healed":0,"gold_gain":0,"player_choice":"Leave","damage_taken":0,"max_hp_gain":0,"max_hp_loss":0,"event_name":"The Cleric","floor":10,"gold_loss":0}],"is_beta":false,"boss_relics":[],"items_purged_floors":[12],"is_endless":false,"potions_floor_spawned":[5,7],"killed_by":"Gremlin Nob","ascension_level":18}}