{"host":"krw8kyiy0um8ye49","time":1613759531,"event":{"mods":["BaseMod","Minty Spire (QoL Compilation)","StSLib"],"gold_per_floor":[116,216,235,235,310,342,358,387,442,474,488,488,183,193,193,289,289,306,326,28,28,44,44,77,77,77,106,106,118,130,161,173,185,185],"floor_reached":33,"language":"ENG","playtime":2316,"items_purged":["Strike_B"],"score":364,"play_id":"6e3faf9f-689b-4306-abdb-ba9afadb45bc","local_time":"20210219193211","is_ascension_mode":true,"campfire_choices":[{"floor":12,"key":"REST"},{"data":"Coolheaded","floor":15,"key":"SMITH"},{"data":"Biased Cognition","floor":23,"key":"SMITH"},{"floor":25,"key":"REST"},{"floor":32,"key":"REST"}],"circlet_count":0,"master_deck":["Strike_B","Strike_B","Strike_B","Defend_B","Defend_B","Defend_B","Defend_B","Zap","Dualcast","Redo","Defragment+1","Chaos","Coolheaded+1","Leap","Static Discharge","Defragment","Skim","Hologram","Coolheaded","Cold Snap+1","Biased Cognition+1","Sunder+1","Hello World+1","Writhe","Turbo"],"relics":["Cracked Core","Blood Vial","Shuriken","Juzu Bracelet","MealTicket","Centennial Puzzle","Potion Belt","Membership Card","Symbiotic Virus","Nloth\u0027s Gift","Bag of Preparation","Ancient Tea Set","MawBank","MutagenicStrength"],"acts_visited":["Exordium","TheCity"],"potions_floor_usage":[8,10,16,16,22,31,33],"damage_taken":[{"damage":1,"enemies":"Cultist","floor":1,"turns":4},{"damage":7,"enemies":"Jaw Worm","floor":3,"turns":3},{"damage":20,"enemies":"Lagavulin","floor":6,"turns":7},{"damage":0,"enemies":"2 Louse","floor":7,"turns":2},{"damage":33,"enemies":"Gremlin Nob","floor":8,"turns":5},{"damage":4,"enemies":"Lagavulin","floor":10,"turns":8},{"damage":5,"enemies":"Red Slaver","floor":11,"turns":4},{"damage":26,"enemies":"3 Louse","floor":14,"turns":5},{"damage":13,"enemies":"Slime Boss","floor":16,"turns":6},{"damage":14,"enemies":"Shell Parasite","floor":18,"turns":4},{"damage":15,"enemies":"3 Byrds","floor":19,"turns":7},{"damage":22,"enemies":"Centurion and Healer","floor":22,"turns":12},{"damage":25,"enemies":"Book of Stabbing","floor":24,"turns":6},{"damage":51,"enemies":"Slavers","floor":27,"turns":8},{"damage":17,"enemies":"Cultist and Chosen","floor":31,"turns":8},{"damage":35,"enemies":"Champ","floor":33,"turns":11}],"seed_played":"6883450578756157960","potions_obtained":[{"floor":6,"key":"GamblersBrew"},{"floor":7,"key":"Fire Potion"},{"floor":8,"key":"Weak Potion"},{"floor":10,"key":"PotionOfCapacity"},{"floor":22,"key":"FairyPotion"},{"floor":27,"key":"AttackPotion"},{"floor":31,"key":"LiquidMemories"}],"is_trial":false,"path_per_floor":["M","?","M","?","?","E","M","E","T","E","M","R","$","M","R","B",null,"M","M","$","?","M","R","E","R","T","E","?","?","?","M","R","B"],"character_chosen":"DEFECT","items_purchased":["Potion Belt","Skim","Membership Card","SkillPotion","Symbiotic Virus"],"campfire_rested":3,"item_purchase_floors":[13,13,20,20,20],"current_hp_per_floor":[74,74,68,68,57,39,41,10,10,8,5,27,42,18,18,7,75,61,48,63,63,43,43,20,42,42,17,17,17,17,2,24,0,0],"gold":185,"neow_bonus":"RANDOM_COMMON_RELIC","is_daily":false,"chose_seed":false,"campfire_upgraded":2,"win_rate":0.0,"timestamp":1613759531,"path_taken":["M","?","?","?","?","E","M","E","T","E","M","R","$","M","R","BOSS","M","M","$","?","M","R","E","R","T","E","?","?","?","M","R","BOSS"],"items_purchased_type":["Relic","Card","Relic","Potion","Relic"],"build_version":"2020-12-22","purchased_purges":1,"victory":false,"max_hp_per_floor":[75,75,75,75,75,75,75,75,75,75,75,75,75,75,75,75,75,75,75,75,75,75,75,75,75,75,75,75,75,75,75,75,75,75],"card_choices":[{"not_picked":["Hologram","Turbo"],"picked":"Redo","floor":1},{"not_picked":["Melter","Rip and Tear"],"picked":"Defragment","floor":3},{"not_picked":["Aggregate","Chill"],"picked":"Chaos","floor":6},{"not_picked":["Streamline","Rebound"],"picked":"Coolheaded","floor":7},{"not_picked":["Sunder","Sweeping Beam"],"picked":"Leap","floor":8},{"not_picked":["Compile Driver","Conserve Battery"],"picked":"Static Discharge","floor":10},{"not_picked":["Turbo","Go for the Eyes"],"picked":"Defragment","floor":11},{"not_picked":["Aggregate","Doom and Gloom"],"picked":"Hologram","floor":14},{"not_picked":[],"picked":"Coolheaded","floor":18},{"not_picked":[],"picked":"Cold Snap+1","floor":19},{"not_picked":["Gash","Doom and Gloom+1"],"picked":"Biased Cognition","floor":22},{"not_picked":["Stack","Steam"],"picked":"Sunder+1","floor":24},{"not_picked":["Compile Driver+1","All For One"],"picked":"Hello World+1","floor":27},{"not_picked":["Go for the Eyes","Coolheaded"],"picked":"Turbo","floor":31}],"player_experience":174235,"relics_obtained":[{"floor":6,"key":"Shuriken"},{"floor":8,"key":"Juzu Bracelet"},{"floor":9,"key":"MealTicket"},{"floor":10,"key":"Centennial Puzzle"},{"floor":24,"key":"Bag of Preparation"},{"floor":27,"key":"Ancient Tea Set"}],"event_choices":[{"damage_healed":0,"gold_gain":100,"player_choice":"Pray","damage_taken":0,"max_hp_gain":0,"max_hp_loss":0,"event_name":"Golden Shrine","floor":2,"gold_loss":0},{"damage_healed":0,"gold_gain":0,"player_choice":"Grow","damage_taken":0,"max_hp_gain":0,"max_hp_loss":0,"event_name":"Living Wall","floor":4,"gold_loss":0,"cards_upgraded":["Defragment"]},{"damage_healed":0,"gold_gain":75,"player_choice":"Gather Gold","damage_taken":11,"max_hp_gain":0,"max_hp_loss":0,"event_name":"World of Goop","floor":5,"gold_loss":0},{"damage_healed":0,"gold_gain":0,"player_choice":"Traded Relic","damage_taken":0,"relics_obtained":["Nloth\u0027s Gift"],"max_hp_gain":0,"max_hp_loss":0,"event_name":"N\u0027loth","floor":21,"relics_lost":["Busted Crown"],"gold_loss":0},{"damage_healed":0,"gold_gain":0,"player_choice":"Opened","damage_taken":0,"relics_obtained":["MawBank"],"max_hp_gain":0,"max_hp_loss":0,"event_name":"The Mausoleum","floor":28,"gold_loss":0,"cards_obtained":["Writhe"]},{"damage_healed":0,"gold_gain":0,"player_choice":"Ignored","damage_taken":0,"max_hp_gain":0,"max_hp_loss":0,"event_name":"Cursed Tome","floor":29,"gold_loss":0},{"damage_healed":0,"gold_gain":0,"player_choice":"Inject Mutagens","damage_taken":0,"relics_obtained":["MutagenicStrength"],"max_hp_gain":0,"max_hp_loss":0,"event_name":"Drug Dealer","floor":30,"gold_loss":0}],"is_beta":false,"boss_relics":[{"not_picked":["Philosopher\u0027s Stone","Empty Cage"],"picked":"Busted Crown"}],"items_purged_floors":[13],"is_endless":false,"potions_floor_spawned":[6,7,8,10,22,27,31],"killed_by":"Champ","ascension_level":4}}