{"host":"o1scrl1hgy598kuq","time":1613716920,"event":{"mods":["BaseMod","Colored Map","Colored Powertips","Minty Spire (QoL Compilation)","Remilia??????","Replay The Spire","Shop Mod","StSLib","The Jungle","The Marked","The Servant 0.9.4"],"gold_per_floor":[116,135,154,229,242,242,5,5,32,32,32,32,59,69,69,69,69],"floor_reached":16,"language":"ENG","playtime":381,"items_purged":["Strike_B"],"score":120,"play_id":"0c8aecd8-1796-4ca0-97f9-b03100b5bf31","local_time":"20210219004200","is_ascension_mode":true,"campfire_choices":[{"data":"Redo","floor":6,"key":"SMITH"},{"data":"ReplayTheSpireMod:Calculation Training","floor":8,"key":"SMITH"},{"data":"Zap","floor":11,"key":"SMITH"},{"floor":15,"key":"REST"}],"circlet_count":0,"master_deck":["Strike_B","Strike_B","Defend_B","Defend_B","Defend_B+1","Defend_B","Zap+1","Dualcast+1","ReplayTheSpireMod:Calculation Training+1","Melter","Redo+1","Crystallizer","Crystallizer","Reboot","Hologram"],"relics":["Cracked Core","NeowsBlessing","MerchantsRug","Tiny Chest","War Paint"],"acts_visited":["Exordium"],"potions_floor_usage":[],"damage_taken":[{"damage":0,"enemies":"Small Slimes","floor":1,"turns":1},{"damage":0,"enemies":"Cultist","floor":2,"turns":1},{"damage":0,"enemies":"2 Louse","floor":3,"turns":1},{"damage":18,"enemies":"Large Slime","floor":5,"turns":4},{"damage":40,"enemies":"Gremlin Nob","floor":13,"turns":5},{"damage":0,"enemies":"2 Fungi Beasts","floor":14,"turns":3},{"damage":33,"enemies":"Slime Boss","floor":16,"turns":3}],"seed_played":"-4717615973059792522","potions_obtained":[{"floor":1,"key":"SteroidPotion"},{"floor":2,"key":"SteroidPotion"}],"is_trial":false,"path_per_floor":["M","M","M","?","M","R","$","R","T","?","R","$","E","M","R","B"],"character_chosen":"DEFECT","items_purchased":["MerchantsRug","Crystallizer"],"campfire_rested":1,"item_purchase_floors":[7,7],"current_hp_per_floor":[75,75,75,64,46,46,46,46,46,46,46,46,6,6,28,0,0],"gold":69,"neow_bonus":"THREE_ENEMY_KILL","is_daily":false,"chose_seed":false,"campfire_upgraded":3,"win_rate":0.0,"timestamp":1613716920,"path_taken":["M","M","M","?","M","R","$","R","T","?","R","$","E","M","R","BOSS"],"items_purchased_type":["Relic","Card"],"build_version":"2020-12-22","purchased_purges":1,"victory":false,"max_hp_per_floor":[75,75,75,75,75,75,75,75,75,75,75,75,75,75,75,75,75],"card_choices":[{"not_picked":["ReplaySolidLightProjector","FIFO Queue"],"picked":"ReplayTheSpireMod:Calculation Training","floor":1},{"not_picked":["Streamline","BasicCrystalCard"],"picked":"Melter","floor":2},{"not_picked":["Doom and Gloom","ReplayTheSpireMod:GoodbyeWorld"],"picked":"Redo","floor":3},{"not_picked":["Stack","Static Discharge"],"picked":"Crystallizer","floor":5},{"not_picked":["Conserve Battery","Skim"],"picked":"Reboot","floor":13},{"not_picked":["BasicCrystalCard","Lockon"],"picked":"Hologram","floor":14}],"player_experience":268343,"relics_obtained":[{"floor":9,"key":"Tiny Chest"},{"floor":13,"key":"War Paint"}],"event_choices":[{"damage_healed":0,"gold_gain":75,"player_choice":"Gather Gold","damage_taken":11,"max_hp_gain":0,"max_hp_loss":0,"event_name":"World of Goop","floor":4,"gold_loss":0},{"cards_removed":["Strike_B"],"damage_healed":0,"gold_gain":0,"player_choice":"Purged","damage_taken":0,"max_hp_gain":0,"max_hp_loss":0,"event_name":"Purifier","floor":10,"gold_loss":0}],"is_beta":false,"boss_relics":[],"items_purged_floors":[7],"is_endless":false,"potions_floor_spawned":[1,2],"killed_by":"Slime Boss","ascension_level":4}}