{"host":"p0hktren06injwdf","time":1613699607,"event":{"mods":["AchievementEnabler","BaseMod","Colored Map","DeckTracker","Minty Spire (QoL Compilation)","Permanent Neow","StSLib","SuperFastMode"],"gold_per_floor":[112,112,127,127,142,182,182,197,223,261,284,284,249,249,249,347,347,370,295,295,295,271,271,302,318,318,318,318],"floor_reached":27,"language":"KOR","playtime":476,"items_purged":["Strike_B"],"score":482,"play_id":"4f770c36-0f4c-4f3b-8852-2a37f099994f","local_time":"20210219105327","is_ascension_mode":true,"campfire_choices":[{"data":"Defragment","floor":7,"key":"SMITH"},{"data":"Zap","floor":12,"key":"SMITH"},{"data":"Go for the Eyes","floor":15,"key":"SMITH"},{"data":"Defragment","floor":23,"key":"SMITH"}],"circlet_count":0,"master_deck":["AscendersBane","Strike_B","Strike_B","Defend_B","Defend_B","Defend_B","Defend_B","Zap+1","Dualcast","Ball Lightning","Go for the Eyes+1","Defragment+1","Chill","Cold Snap","Leap","Conserve Battery","Echo Form","Defragment+1","Core Surge"],"relics":["Cracked Core","Bloody Idol","Dream Catcher","MealTicket","Lantern","Velvet Choker","PreservedInsect","Bottled Flame"],"acts_visited":["Exordium","TheCity"],"potions_floor_usage":[6,10,24,27],"damage_taken":[{"damage":1,"enemies":"Small Slimes","floor":1,"turns":4},{"damage":2,"enemies":"Jaw Worm","floor":3,"turns":3},{"damage":0,"enemies":"Cultist","floor":5,"turns":3},{"damage":25,"enemies":"3 Sentries","floor":6,"turns":6},{"damage":5,"enemies":"3 Louse","floor":8,"turns":4},{"damage":25,"enemies":"Gremlin Nob","floor":10,"turns":4},{"damage":4,"enemies":"Exordium Thugs","floor":11,"turns":5},{"damage":19,"enemies":"The Guardian","floor":16,"turns":12},{"damage":14,"enemies":"Shell Parasite","floor":18,"turns":7},{"damage":5,"enemies":"2 Thieves","floor":22,"turns":4},{"damage":50,"enemies":"Slavers","floor":24,"turns":7},{"damage":19,"enemies":"Snake Plant","floor":25,"turns":4},{"damage":19,"enemies":"Centurion and Healer","floor":27,"turns":1}],"seed_played":"5706827431517596009","potions_obtained":[{"floor":1,"key":"Fire Potion"},{"floor":3,"key":"Swift Potion"},{"floor":8,"key":"Explosive Potion"},{"floor":24,"key":"EssenceOfSteel"}],"is_trial":false,"path_per_floor":["M","?","M","?","M","E","R","M","T","E","M","R","?","?","R","B",null,"M","$","?","?","M","R","E","M","T","M"],"character_chosen":"DEFECT","items_purchased":[],"campfire_rested":0,"item_purchase_floors":[],"current_hp_per_floor":[63,63,61,74,74,49,49,44,44,19,15,15,33,38,38,19,64,50,65,65,65,70,70,25,11,11,0,0],"gold":318,"neow_bonus":"TRANSFORM_CARD","is_daily":false,"chose_seed":false,"campfire_upgraded":4,"win_rate":0.0,"timestamp":1613699607,"path_taken":["M","?","M","?","M","E","R","?","T","E","M","R","?","?","R","BOSS","M","$","?","?","M","R","E","M","T","M"],"items_purchased_type":[],"build_version":"2020-12-22","purchased_purges":1,"victory":false,"max_hp_per_floor":[71,64,64,74,74,74,74,74,74,74,74,74,74,79,79,79,79,79,79,79,79,79,79,79,79,79,79,79],"card_choices":[{"not_picked":["Aggregate","Melter"],"picked":"Ball Lightning","floor":1},{"not_picked":["Force Field","Hello World"],"picked":"Go for the Eyes","floor":3},{"not_picked":["Turbo","Reprogram"],"picked":"Defragment","floor":5},{"not_picked":["Redo","Compile Driver"],"picked":"Chill","floor":6},{"not_picked":["Storm","Steam Power"],"picked":"Cold Snap","floor":8},{"not_picked":["Double Energy","Steam"],"picked":"Leap","floor":10},{"not_picked":["Static Discharge","Turbo"],"picked":"Conserve Battery","floor":11},{"not_picked":["Hyperbeam","All For One"],"picked":"Echo Form","floor":16},{"not_picked":["Turbo","Conserve Battery","Rip and Tear+1"],"picked":"SKIP","floor":18},{"not_picked":["Beam Cell","Steam"],"picked":"Defragment","floor":22},{"not_picked":["Streamline","Undo"],"picked":"Core Surge","floor":24},{"not_picked":["Conserve Battery","Redo","Aggregate"],"picked":"SKIP","floor":25}],"player_experience":1087338,"relics_obtained":[{"floor":6,"key":"Dream Catcher"},{"floor":9,"key":"MealTicket"},{"floor":10,"key":"Lantern"},{"floor":24,"key":"PreservedInsect"},{"floor":26,"key":"Bottled Flame"}],"event_choices":[{"damage_healed":0,"gold_gain":0,"player_choice":"Lose Max HP","damage_taken":0,"relics_obtained":["Golden Idol"],"max_hp_gain":0,"max_hp_loss":7,"event_name":"Golden Idol","floor":2,"gold_loss":0},{"cards_removed":["Machine Learning"],"damage_healed":3,"gold_gain":0,"player_choice":"Offered Rare","damage_taken":0,"max_hp_gain":10,"max_hp_loss":0,"event_name":"Bonfire Elementals","floor":4,"gold_loss":0},{"damage_healed":18,"gold_gain":0,"player_choice":"Healed","damage_taken":0,"max_hp_gain":0,"max_hp_loss":0,"event_name":"The Cleric","floor":13,"gold_loss":35},{"damage_healed":0,"gold_gain":0,"player_choice":"Donut","damage_taken":0,"max_hp_gain":5,"max_hp_loss":0,"event_name":"Big Fish","floor":14,"gold_loss":0},{"damage_healed":0,"gold_gain":0,"player_choice":"Ignored","damage_taken":0,"max_hp_gain":0,"max_hp_loss":0,"event_name":"Ghosts","floor":20,"gold_loss":0},{"damage_healed":0,"gold_gain":0,"player_choice":"Gave Idol","damage_taken":0,"relics_obtained":["Bloody Idol"],"max_hp_gain":0,"max_hp_loss":0,"event_name":"Forgotten Altar","floor":21,"relics_lost":["Golden Idol"],"gold_loss":0}],"is_beta":false,"boss_relics":[{"not_picked":["FrozenCore","Sozu"],"picked":"Velvet Choker"}],"items_purged_floors":[19],"is_endless":false,"potions_floor_spawned":[1,3,8,24],"killed_by":"Centurion and Healer","ascension_level":20}}