{"host":"mithrandi","time":1613758136,"event":{"mods":["BaseMod","Colored Map","Highlight Path","Minty Spire (QoL Compilation)","SuperFastMode"],"gold_per_floor":[109,109,109,122,135,168,168,196,196,206,217,217,217,230,230,302,302,313,228,228,16,31,31,61,75,98,130,142,154,154],"floor_reached":29,"language":"ENG","playtime":1632,"items_purged":[],"score":546,"play_id":"756fabb5-eda3-4ca8-8ea6-9af5a8354ba3","local_time":"20210219200856","is_ascension_mode":true,"campfire_choices":[{"data":"Immolate","floor":7,"key":"SMITH"},{"data":"Bash","floor":12,"key":"SMITH"},{"data":"Anger","floor":15,"key":"SMITH"},{"data":"Demon Form","floor":23,"key":"SMITH"},{"floor":28,"key":"REST"}],"circlet_count":0,"master_deck":["AscendersBane","Strike_R","Strike_R","Strike_R","Strike_R+1","Strike_R","Defend_R","Defend_R+1","Defend_R","Defend_R","Bash+1","Metallicize","Disarm","Immolate+1","Iron Wave","Twin Strike","Anger+1","Demon Form+1","Disarm","Battle Trance","Apotheosis","Feed"],"relics":["Burning Blood","Red Skull","Shuriken","Bronze Scales","StrikeDummy","Sozu","Mercury Hourglass","Smiling Mask","MealTicket","MawBank"],"acts_visited":["Exordium","TheCity"],"potions_floor_usage":[6,6,24],"damage_taken":[{"damage":11,"enemies":"Jaw Worm","floor":1,"turns":6},{"damage":1,"enemies":"Small Slimes","floor":4,"turns":4},{"damage":8,"enemies":"Cultist","floor":5,"turns":4},{"damage":49,"enemies":"3 Sentries","floor":6,"turns":14},{"damage":8,"enemies":"Gremlin Nob","floor":8,"turns":3},{"damage":6,"enemies":"2 Fungi Beasts","floor":10,"turns":2},{"damage":0,"enemies":"Blue Slaver","floor":11,"turns":1},{"damage":7,"enemies":"Exordium Wildlife","floor":14,"turns":2},{"damage":19,"enemies":"Slime Boss","floor":16,"turns":7},{"damage":4,"enemies":"2 Thieves","floor":18,"turns":2},{"damage":26,"enemies":"Shell Parasite","floor":22,"turns":4},{"damage":13,"enemies":"Slavers","floor":24,"turns":3},{"damage":22,"enemies":"Centurion and Healer","floor":25,"turns":4},{"damage":16,"enemies":"Book of Stabbing","floor":27,"turns":5},{"damage":67,"enemies":"Gremlin Leader","floor":29,"turns":4}],"seed_played":"7574374368485844571","potions_obtained":[{"floor":4,"key":"Regen Potion"},{"floor":5,"key":"Block Potion"},{"floor":6,"key":"FairyPotion"},{"floor":8,"key":"DistilledChaos"}],"is_trial":false,"path_per_floor":["M","?","?","M","M","E","R","E","T","M","M","R","?","M","R","B",null,"M","?","?","$","M","R","E","M","T","E","R","E"],"character_chosen":"IRONCLAD","items_purchased":["Apotheosis"],"campfire_rested":1,"item_purchase_floors":[21],"current_hp_per_floor":[63,40,45,50,48,20,20,18,18,18,24,24,24,23,23,10,63,65,65,65,65,45,45,38,22,22,12,36,0,0],"gold":154,"neow_bonus":"RANDOM_COMMON_RELIC","is_daily":false,"chose_seed":false,"campfire_upgraded":4,"win_rate":0.0,"timestamp":1613758136,"path_taken":["M","?","?","M","M","E","R","E","T","M","M","R","?","M","R","BOSS","M","?","?","$","M","R","E","M","T","E","R","E"],"items_purchased_type":["Card"],"build_version":"2020-12-18","purchased_purges":0,"victory":false,"max_hp_per_floor":[75,75,80,80,80,80,80,80,80,80,80,80,80,80,80,80,80,80,80,80,80,80,80,80,80,80,80,80,80,80],"card_choices":[{"not_picked":["True Grit","Wild Strike"],"picked":"Metallicize","floor":1},{"not_picked":["Warcry","Flex"],"picked":"Clash","floor":4},{"not_picked":["Power Through","Iron Wave"],"picked":"Disarm","floor":5},{"not_picked":["Cleave","Battle Trance"],"picked":"Immolate","floor":6},{"not_picked":["Flex","True Grit"],"picked":"Iron Wave","floor":8},{"not_picked":["Headbutt","Iron Wave"],"picked":"Twin Strike","floor":10},{"not_picked":["Headbutt","Sentinel","Heavy Blade"],"picked":"SKIP","floor":11},{"not_picked":["Bloodletting","Sentinel"],"picked":"Anger","floor":14},{"not_picked":["Impervious","Berserk"],"picked":"Demon Form","floor":16},{"not_picked":["Sever Soul","Sword Boomerang"],"picked":"Disarm","floor":18},{"not_picked":["Burning Pact","Thunderclap","Body Slam"],"picked":"SKIP","floor":22},{"not_picked":["Armaments","Bloodletting","Combust+1"],"picked":"SKIP","floor":24},{"not_picked":["Metallicize","Seeing Red","Wild Strike"],"picked":"SKIP","floor":25},{"not_picked":["Blood for Blood","Havoc"],"picked":"Feed","floor":27}],"player_experience":3011295,"relics_obtained":[{"floor":6,"key":"Shuriken"},{"floor":8,"key":"Bronze Scales"},{"floor":9,"key":"StrikeDummy"},{"floor":24,"key":"Smiling Mask"},{"floor":26,"key":"MealTicket"},{"floor":27,"key":"MawBank"}],"event_choices":[{"damage_healed":0,"gold_gain":0,"player_choice":"Entered Light","damage_taken":23,"max_hp_gain":0,"max_hp_loss":0,"event_name":"Shining Light","floor":2,"gold_loss":0,"cards_upgraded":["Defend_R","Strike_R"]},{"damage_healed":0,"gold_gain":0,"player_choice":"Donut","damage_taken":0,"max_hp_gain":5,"max_hp_loss":0,"event_name":"Big Fish","floor":3,"gold_loss":0},{"damage_healed":0,"gold_gain":0,"player_choice":"Ignored","damage_taken":0,"max_hp_gain":0,"max_hp_loss":0,"event_name":"Liars Game","floor":13,"gold_loss":0},{"damage_healed":0,"gold_gain":0,"player_choice":"Obtained Relic","damage_taken":0,"relics_obtained":["Mercury Hourglass"],"max_hp_gain":0,"max_hp_loss":0,"event_name":"Addict","floor":19,"gold_loss":85},{"damage_healed":0,"gold_gain":0,"cards_transformed":["Clash"],"player_choice":"Transformed","damage_taken":0,"max_hp_gain":0,"max_hp_loss":0,"event_name":"Transmorgrifier","floor":20,"gold_loss":0,"cards_obtained":["Battle Trance"]}],"is_beta":true,"boss_relics":[{"not_picked":["Runic Pyramid","Black Blood"],"picked":"Sozu"}],"items_purged_floors":[],"is_endless":false,"potions_floor_spawned":[4,5,6,8,25],"killed_by":"Gremlin Leader","ascension_level":20}}