{"host":"q9718omregw4er46","time":1613727309,"event":{"mods":["BaseMod","Bestiary","Colored Powertips","Custom Start","Minty Spire (QoL Compilation)","Quick Restart","Relic Stats"],"gold_per_floor":[319,333,351,351,351,351,390,390,415,380,93,132,15,15,15],"floor_reached":14,"language":"ENG","playtime":345,"items_purged":["Strike_B"],"score":192,"play_id":"b1e1bf3c-27b7-4f67-b166-ffe1467c3a71","local_time":"20210219143509","is_ascension_mode":true,"campfire_choices":[{"data":"Ball Lightning","floor":6,"key":"SMITH"},{"floor":8,"key":"REST"}],"circlet_count":0,"master_deck":["AscendersBane","Strike_B","Strike_B","Defend_B","Defend_B","Defend_B","Defend_B","Zap","Dualcast","Sweeping Beam","Hologram","Ball Lightning+1","Cold Snap","Capacitor"],"relics":["Cracked Core","Old Coin","Golden Idol","Nunchaku","Bag of Marbles","White Beast Statue","Regal Pillow"],"acts_visited":["Exordium"],"potions_floor_usage":[7,12,14],"damage_taken":[{"damage":2,"enemies":"Jaw Worm","floor":1,"turns":3},{"damage":2,"enemies":"2 Louse","floor":2,"turns":3},{"damage":12,"enemies":"Small Slimes","floor":3,"turns":3},{"damage":39,"enemies":"Lagavulin","floor":7,"turns":7},{"damage":16,"enemies":"3 Sentries","floor":12,"turns":6},{"damage":26,"enemies":"Lagavulin","floor":14,"turns":6}],"seed_played":"-1772332804577566159","potions_obtained":[{"floor":3,"key":"Dexterity Potion"},{"floor":7,"key":"SpeedPotion"},{"floor":12,"key":"Fruit Juice"}],"is_trial":false,"path_per_floor":["M","M","M","?","?","R","E","R","T","?","$","E","$","E"],"character_chosen":"DEFECT","items_purchased":["White Beast Statue","Capacitor"],"campfire_rested":1,"item_purchase_floors":[11,13],"current_hp_per_floor":[62,60,48,41,41,41,2,21,21,37,37,21,21,0,0],"gold":15,"neow_bonus":"ONE_RARE_RELIC","is_daily":false,"chose_seed":false,"campfire_upgraded":1,"win_rate":0.0,"timestamp":1613727309,"path_taken":["M","M","M","?","?","R","E","R","T","?","?","E","$","E"],"items_purchased_type":["Relic","Card"],"build_version":"2020-12-22","purchased_purges":1,"victory":false,"max_hp_per_floor":[71,71,71,71,64,64,64,64,64,64,64,64,64,69,69],"relic_stats":{"Nunchaku":[1],"Regal Pillow":0,"counters":[6,28],"Golden Idol":16,"obtain_stats":[{"Nunchaku":7,"Regal Pillow":12,"Golden Idol":5,"Bag of Marbles":9,"Cracked Core":0,"White Beast Statue":11,"Old Coin":0},{"Nunchaku":4,"Regal Pillow":5,"Golden Idol":3,"Bag of Marbles":4,"Cracked Core":0,"White Beast Statue":4,"Old Coin":0},{"Nunchaku":16,"Regal Pillow":22,"Golden Idol":9,"Bag of Marbles":16,"Cracked Core":0,"White Beast Statue":16,"Old Coin":0}]},"card_choices":[{"not_picked":["Streamline","Hello World"],"picked":"Sweeping Beam","floor":1},{"not_picked":["Streamline","Coolheaded"],"picked":"Hologram","floor":2},{"not_picked":["Auto Shields","Heatsinks"],"picked":"Ball Lightning","floor":3},{"not_picked":["Heatsinks","Hologram"],"picked":"Cold Snap","floor":7},{"not_picked":["Rebound","Skim","Gash"],"picked":"SKIP","floor":12}],"player_experience":815707,"relics_obtained":[{"floor":7,"key":"Nunchaku"},{"floor":9,"key":"Bag of Marbles"},{"floor":12,"key":"Regal Pillow"}],"event_choices":[{"cards_removed":["Strike_B"],"damage_healed":0,"gold_gain":0,"player_choice":"Card Removal","damage_taken":7,"max_hp_gain":0,"max_hp_loss":0,"event_name":"Golden Wing","floor":4,"gold_loss":0},{"damage_healed":0,"gold_gain":0,"player_choice":"Lose Max HP","damage_taken":0,"relics_obtained":["Golden Idol"],"max_hp_gain":0,"max_hp_loss":7,"event_name":"Golden Idol","floor":5,"gold_loss":0},{"damage_healed":16,"gold_gain":0,"player_choice":"Healed","damage_taken":0,"max_hp_gain":0,"max_hp_loss":0,"event_name":"The Cleric","floor":10,"gold_loss":35}],"is_beta":false,"boss_relics":[],"items_purged_floors":[13],"is_endless":false,"potions_floor_spawned":[3,7,12],"killed_by":"Lagavulin","ascension_level":20}}