{"host":"l8j2eaviddq1qvzn","time":1613775679,"event":{"mods":["BaseMod","Curses Come First","Downfall","Evolution","Filter the Spire","Fox Events","Infinite Spire","Minty Spire (QoL Compilation)","Practice Mode","Reliquary","Replay The Spire","Shop Mod","StS++","StSLib","Wide Potions"],"gold_per_floor":[99,110,125,575,594,594,647,647,647,672,672,14,44,56,71,175,175,175,203,241,312,312,337,337,363,363,383,385,385,385],"floor_reached":28,"language":"ENG","playtime":1516,"items_purged":[],"score":230,"play_id":"36da9f4c-31a5-44d0-b500-f9cb433bd1e6","local_time":"20210220000119","is_ascension_mode":false,"campfire_choices":[{"data":"expansioncontent:DashGenerateEvil","floor":18,"key":"SMITH"}],"circlet_count":0,"master_deck":["sneckomod:Strike","sneckomod:Strike","sneckomod:Strike","sneckomod:Defend","sneckomod:Defend","sneckomod:Defend","sneckomod:TailWhip","sneckomod:SnekBite","Conclude+1","sneckomod:UnknownDraw","downfall:Icky","downfall:Icky","downfall:Icky","ReachHeaven","sneckomod:Unknown1Cost","Seeing Red","sneckomod:UnknownRareAttack","expansioncontent:DashGenerateEvil+1","sneckomod:WideSting","sneckomod:SnakeSap","sneckomod:CheapStock","sneckomod:UnknownRareAttack","sneckomod:Unknown1Cost+1","sneckomod:UnknownClassRED+1","sneckomod:UnknownRareAttack"],"relics":["sneckomod:SneckoSoul","EVO:Axolotl","infinitespire:PuzzleCube","Du-Vu Doll","Counterbalance","reliquary:PartyBalloon","infinitespire:Midas Blood","Black Star","ReplayTheSpireMod:Ninjato","Orichalcum"],"acts_visited":["Exordium","TheCity"],"potions_floor_usage":[23,25,25,27,28],"damage_taken":[{"damage":6,"enemies":"Jaw Worm","floor":2,"turns":3},{"damage":0,"enemies":"Small Slimes","floor":3,"turns":2},{"damage":10,"enemies":"Cultist","floor":5,"turns":4},{"damage":18,"enemies":"3 Sentries","floor":10,"turns":4},{"damage":5,"enemies":"downfall:FleeingMerchant","floor":12,"turns":4},{"damage":3,"enemies":"Lagavulin","floor":13,"turns":3},{"damage":15,"enemies":"downfall:LooterAlt","floor":14,"turns":2},{"damage":0,"enemies":"3 Louse","floor":15,"turns":1},{"damage":16,"enemies":"SI_SHIV_ARCHETYPE","floor":16,"turns":5},{"damage":37,"enemies":"downfall:LooterAlt2","floor":19,"turns":5},{"damage":24,"enemies":"3 Byrds","floor":20,"turns":5},{"damage":30,"enemies":"Shelled Parasite and Fungi","floor":23,"turns":3},{"damage":19,"enemies":"3 Cultists","floor":25,"turns":4},{"damage":0,"enemies":"Cultist and Chosen","floor":27,"turns":4},{"damage":4,"enemies":"Chosen and Byrds","floor":28,"turns":1}],"seed_played":"2312676722724811724","potions_obtained":[{"floor":3,"key":"sneckomod:MuddlingPotion"},{"floor":13,"key":"champ:CounterPotion"},{"floor":16,"key":"AttackPotion"},{"floor":20,"key":"Fire Potion"},{"floor":25,"key":"BlessingOfTheForge"},{"floor":27,"key":"AttackPotion"}],"is_trial":false,"path_per_floor":["R","M","M","?","M","R","T","?","?","E","R","$","E","M","M","B",null,"R","M","M","T","?","M","T","M","?","M","M"],"character_chosen":"THE_SNECKO","items_purchased":["expansioncontent:DashGenerateEvil","Counterbalance","reliquary:PartyBalloon"],"campfire_rested":0,"item_purchase_floors":[12,12,12],"current_hp_per_floor":[99,93,93,93,83,83,83,83,83,65,65,60,57,42,42,26,99,99,67,52,52,52,22,22,3,3,3,0,0,0],"gold":385,"neow_bonus":"TEN_PERCENT_HP_BONUS","is_daily":false,"chose_seed":false,"campfire_upgraded":1,"win_rate":0.0,"timestamp":1613775679,"path_taken":["R","M","M","?","M","R","T","?","?","E","R","$","E","M","M","BOSS","R","M","M","?","?","M","T","M","?","M","M"],"items_purchased_type":["Card","Relic","Relic"],"build_version":"2020-12-22","purchased_purges":0,"victory":false,"max_hp_per_floor":[99,99,99,99,99,99,99,99,99,99,99,99,99,99,99,99,99,99,99,99,99,99,99,99,99,99,99,99,99,99],"card_choices":[{"not_picked":["sneckomod:UnknownCommonSkill","sneckomod:UnknownWeak"],"picked":"sneckomod:UnknownDraw","floor":2},{"not_picked":["sneckomod:DiceCrush","sneckomod:SoulRoll"],"picked":"sneckomod:Unknown1Cost","floor":3},{"not_picked":["sneckomod:RainOfDice","sneckomod:QuickMove","sneckomod:SoulRoll"],"picked":"SKIP","floor":5},{"not_picked":["sneckomod:UnknownStrike","sneckomod:Nope"],"picked":"sneckomod:Unknown1Cost","floor":10},{"not_picked":["sneckomod:Restock","sneckomod:UnknownStrike"],"picked":"sneckomod:UnknownRareAttack","floor":12},{"not_picked":["sneckomod:RainOfDice","sneckomod:SoulDraw"],"picked":"sneckomod:WideSting","floor":13},{"not_picked":["sneckomod:SoulRoll","sneckomod:QuickMove"],"picked":"sneckomod:SnakeSap","floor":14},{"not_picked":["sneckomod:SnakeSap","sneckomod:SoulRoll"],"picked":"sneckomod:CheapStock","floor":15},{"not_picked":["sneckomod:Mudshield","sneckomod:UnknownRareSkill"],"picked":"sneckomod:UnknownRareAttack","floor":16},{"not_picked":["sneckomod:SnakeSap","sneckomod:UnknownCommonAttack"],"picked":"sneckomod:Unknown1Cost+1","floor":19},{"not_picked":["sneckomod:ImprovisedAttack+1","sneckomod:SoulCleanse"],"picked":"sneckomod:UnknownClassRED+1","floor":20},{"not_picked":["sneckomod:IronFang+1","sneckomod:SoulCleanse+1"],"picked":"sneckomod:UnknownRareAttack","floor":23},{"not_picked":["sneckomod:SoulRoll","sneckomod:RainOfDice","sneckomod:UnknownClassPURPLE+1"],"picked":"SKIP","floor":25},{"not_picked":["sneckomod:UnknownUncommonPower","sneckomod:DiceCrush+1","sneckomod:UnendingSupply"],"picked":"SKIP","floor":27}],"player_experience":88150,"relics_obtained":[{"floor":7,"key":"infinitespire:PuzzleCube"},{"floor":10,"key":"Du-Vu Doll"},{"floor":13,"key":"infinitespire:Midas Blood"},{"floor":21,"key":"ReplayTheSpireMod:Ninjato"},{"floor":24,"key":"Orichalcum"}],"event_choices":[],"is_beta":false,"boss_relics":[{"not_picked":["Replay:Grab Bag","ChewingGum"],"picked":"Black Star"}],"items_purged_floors":[],"is_endless":false,"potions_floor_spawned":[3,13,14,16,20,25,27],"killed_by":"Chosen and Byrds","ascension_level":0}}