{"host":"prxrhpgaxnj4om9r","time":1613741406,"event":{"mods":["AchievementEnabler","BaseMod","Colored Map","DeckTracker","Minty Spire (QoL Compilation)"],"gold_per_floor":[111,111,111,121,132,132,162,182,182,195,220,235,253,270,270,270,270],"floor_reached":16,"language":"KOR","playtime":720,"items_purged":[],"score":116,"play_id":"7eb46252-4238-499c-9c67-5b842d5a5671","local_time":"20210219223006","is_ascension_mode":false,"campfire_choices":[{"data":"Eruption","floor":6,"key":"SMITH"},{"floor":15,"key":"REST"}],"circlet_count":0,"master_deck":["Strike_P","Strike_P","Strike_P","Strike_P","Defend_P","Defend_P","Defend_P","Defend_P","Eruption+1","Vigilance","Dramatic Entrance","ClearTheMind","Finesse","Evaluate","Protect","BattleHymn","MentalFortress","InnerPeace","Halt","Nirvana"],"relics":["PureWater","Boot","Darkstone Periapt"],"acts_visited":["Exordium"],"potions_floor_usage":[7,11,16],"damage_taken":[{"damage":6,"enemies":"Jaw Worm","floor":1,"turns":2},{"damage":0,"enemies":"Cultist","floor":4,"turns":2},{"damage":0,"enemies":"2 Louse","floor":5,"turns":2},{"damage":7,"enemies":"3 Sentries","floor":7,"turns":4},{"damage":0,"enemies":"2 Fungi Beasts","floor":8,"turns":3},{"damage":3,"enemies":"Large Slime","floor":10,"turns":6},{"damage":16,"enemies":"Gremlin Nob","floor":11,"turns":4},{"damage":0,"enemies":"Looter","floor":12,"turns":3},{"damage":3,"enemies":"2 Fungi Beasts","floor":13,"turns":3},{"damage":8,"enemies":"Large Slime","floor":14,"turns":5},{"damage":66,"enemies":"The Guardian","floor":16,"turns":8}],"seed_played":"6249080582101885959","potions_obtained":[{"floor":4,"key":"Weak Potion"},{"floor":5,"key":"PowerPotion"},{"floor":11,"key":"LiquidMemories"}],"is_trial":false,"path_per_floor":["M","?","?","M","M","R","E","M","T","M","E","M","M","M","R","B"],"character_chosen":"WATCHER","items_purchased":[],"campfire_rested":1,"item_purchase_floors":[],"current_hp_per_floor":[66,71,71,71,71,71,64,64,64,61,45,45,42,34,57,0,0],"gold":270,"neow_bonus":"RANDOM_COLORLESS","is_daily":false,"chose_seed":false,"campfire_upgraded":1,"win_rate":0.0,"timestamp":1613741406,"path_taken":["M","?","?","M","M","R","E","?","T","M","E","M","M","M","R","BOSS"],"items_purchased_type":[],"build_version":"2020-12-22","purchased_purges":0,"victory":false,"max_hp_per_floor":[72,77,77,77,77,77,77,77,77,77,77,77,77,77,77,77,77],"card_choices":[{"not_picked":["Finesse","Panacea"],"picked":"Dramatic Entrance","floor":0},{"not_picked":["PathToVictory","Prostrate"],"picked":"ClearTheMind","floor":1},{"not_picked":["FlurryOfBlows","Brilliance"],"picked":"Evaluate","floor":4},{"not_picked":["Prostrate","Wireheading"],"picked":"Protect","floor":5},{"not_picked":["WreathOfFlame","FollowUp"],"picked":"BattleHymn","floor":7},{"not_picked":["JustLucky","BattleHymn"],"picked":"MentalFortress","floor":8},{"not_picked":["EmptyBody","JustLucky","ClearTheMind"],"picked":"SKIP","floor":10},{"not_picked":["MasterReality","Collect"],"picked":"InnerPeace","floor":11},{"not_picked":["SashWhip","ReachHeaven"],"picked":"Halt","floor":12},{"not_picked":["JustLucky","Evaluate","ClearTheMind"],"picked":"SKIP","floor":13},{"not_picked":["DeceiveReality","Pray"],"picked":"Nirvana","floor":14}],"player_experience":539854,"relics_obtained":[{"floor":7,"key":"Boot"},{"floor":11,"key":"Darkstone Periapt"}],"event_choices":[{"damage_healed":0,"gold_gain":0,"player_choice":"Donut","damage_taken":0,"max_hp_gain":5,"max_hp_loss":0,"event_name":"Big Fish","floor":2,"gold_loss":0},{"damage_healed":0,"gold_gain":0,"player_choice":"1 cards matched","damage_taken":0,"max_hp_gain":0,"max_hp_loss":0,"event_name":"Match and Keep!","floor":3,"gold_loss":0,"cards_obtained":["Finesse"]}],"is_beta":false,"boss_relics":[],"items_purged_floors":[],"is_endless":false,"potions_floor_spawned":[4,5,11],"killed_by":"The Guardian","ascension_level":0}}