{"host":"1a9bbjeis3rg03b1","time":1613716543,"event":{"mods":["Act Like it!","BaseMod","Gensokyo","Googly Eyes","Hermit","Mimic Mod","Minty Spire (QoL Compilation)","Morshu Shopkeeper","Reliquary","Replay The Spire","StSLib","The Administrix","The Disciple","The Jungle","The Poker Player","The Servant 0.9.4","Wide Potions","everything is the same but u backflip on backflip"],"gold_per_floor":[111,131,131,131,131,131,160,160,160,175,204,204,220,255,255,356,356,374,69,69,85,105,105,135,60,60,60,60,72,72,90,90,186,186,196,196,214,70,125,154,154,154,154,188,205,216,247,261,261,261,261,261,44,75,75,75,75],"floor_reached":55,"language":"ENG","playtime":10184,"items_purged":[],"score":815,"play_id":"9985d1c3-3270-497b-84ca-68cdd9e8f3c2","local_time":"20210218233543","is_ascension_mode":true,"metric_token":1170,"campfire_choices":[{"data":"PokerPlayerMod:ItsShowtime","floor":6,"key":"SMITH"},{"data":"PokerPlayerMod:Mulligan","floor":8,"key":"SMITH"},{"floor":12,"key":"REST"},{"data":"PokerPlayerMod:DamnStraight","floor":15,"key":"SMITH"},{"data":"Specialist","floor":23,"key":"SMITH"},{"data":"PokerPlayerMod:Configure","floor":30,"key":"SMITH"},{"floor":41,"key":"REST"},{"floor":49,"key":"RECALL"},{"data":"Apotheosis","floor":52,"key":"SMITH"}],"circlet_count":0,"master_deck":["PokerPlayerMod:Diamond1","PokerPlayerMod:Diamond2","PokerPlayerMod:Diamond3","PokerPlayerMod:Diamond4","PokerPlayerMod:Diamond5","PokerPlayerMod:Spade1","PokerPlayerMod:Spade2","PokerPlayerMod:Spade3","PokerPlayerMod:Spade4","PokerPlayerMod:Club1","PokerPlayerMod:Club3","PokerPlayerMod:Heart2","PokerPlayerMod:TrumpStrike+1","PokerPlayerMod:BadJoker","PokerPlayerMod:Mulligan+1","PokerPlayerMod:ItsShowtime+1","PokerPlayerMod:Configure+1","PokerPlayerMod:Club2","PokerPlayerMod:DamnStraight+1","PokerPlayerMod:DiamondStrike+1","PokerPlayerMod:Heart3","PokerPlayerMod:Promotion","PokerPlayerMod:Configure+1","Apotheosis+1","Specialist+1","PokerPlayerMod:MagicTrick","PokerPlayerMod:MagicTrick","PokerPlayerMod:Promotion","PokerPlayerMod:ThinkingTime","PokerPlayerMod:Club2","PokerPlayerMod:WasteCollection","PokerPlayerMod:FillThePot+1","Hallucinations","PokerPlayerMod:Raise+1","PokerPlayerMod:Diamond4","PokerPlayerMod:Spade4","PokerPlayerMod:Club5","PokerPlayerMod:GamblerForm","PokerPlayerMod:SecondChance","PokerPlayerMod:Diamond4"],"relics":["PokerPlayerMod:DeckCase","reliquary:TridentHead","Tiny Chest","Thread and Needle","Singing Bowl","reliquary:Firecrackers","Runic Dome","Replay:PocketPolymizer","Iron Hammer","Philosopher\u0027s Stone","Ring of Fangs","reliquary:FingerTrap","Ice Cream","Whetstone","Gremlin Food","reliquary:Sod","Gambling Chip","reliquary:JackalopeAntler","Lantern","reliquary:PorcupineQuills"],"acts_visited":["Exordium","TheCity","TheBeyond","TheEnding"],"potions_floor_usage":[11,22,24,33,39,47,50,55,55],"damage_taken":[{"damage":0,"enemies":"Cultist","floor":1,"turns":2},{"damage":3,"enemies":"Small Slimes","floor":2,"turns":3},{"damage":17,"enemies":"Lagavulin","floor":7,"turns":5},{"damage":0,"enemies":"2 Louse","floor":10,"turns":1},{"damage":14,"enemies":"Gremlin Nob","floor":11,"turns":3},{"damage":0,"enemies":"2 Fungi Beasts","floor":13,"turns":1},{"damage":0,"enemies":"3 Sentries","floor":14,"turns":2},{"damage":45,"enemies":"The Guardian","floor":16,"turns":10},{"damage":0,"enemies":"Spheric Guardian","floor":18,"turns":2},{"damage":9,"enemies":"2 Thieves","floor":21,"turns":2},{"damage":0,"enemies":"Snake Plant","floor":22,"turns":3},{"damage":1,"enemies":"Gremlin Leader","floor":24,"turns":2},{"damage":0,"enemies":"Chosen and Byrds","floor":29,"turns":1},{"damage":12,"enemies":"Snecko","floor":31,"turns":3},{"damage":0,"enemies":"Collector","floor":33,"turns":3},{"damage":0,"enemies":"Orb Walker","floor":35,"turns":2},{"damage":0,"enemies":"3 Shapes","floor":37,"turns":1},{"damage":17,"enemies":"2 Orb Walkers","floor":39,"turns":2},{"damage":42,"enemies":"Nemesis","floor":40,"turns":3},{"damage":10,"enemies":"Giant Head","floor":44,"turns":5},{"damage":3,"enemies":"Spire Growth","floor":45,"turns":2},{"damage":0,"enemies":"Transient","floor":46,"turns":5},{"damage":0,"enemies":"Nemesis","floor":47,"turns":1},{"damage":0,"enemies":"Sphere and 2 Shapes","floor":48,"turns":1},{"damage":12,"enemies":"Replay:Hell Engine","floor":50,"turns":3},{"damage":0,"enemies":"Shield and Spear","floor":54,"turns":2},{"damage":120,"enemies":"The Heart","floor":55,"turns":6}],"seed_played":"120392326666037273","potions_obtained":[{"floor":10,"key":"CultistPotion"},{"floor":16,"key":"Flashbang"},{"floor":21,"key":"Weak Potion"},{"floor":31,"key":"LifebloodPotion"},{"floor":33,"key":"Energy Potion"},{"floor":37,"key":"Explosive Potion"},{"floor":40,"key":"SteroidPotion"},{"floor":45,"key":"PowerPotion"},{"floor":47,"key":"Languid Potion"},{"floor":54,"key":"ColorlessPotion"}],"is_trial":false,"path_per_floor":["M","M","?","?","?","R","E","R","T","M","E","R","M","E","R","B",null,"M","$","?","M","M","R","E","?","T","?","T","M","R","M","R","B",null,"M","?","M","$","?","E","R","T","T","E","M","M","E","M","R","B",null,"R","$","E","B"],"character_chosen":"THE_POKER_PLAYER","items_purchased":["Apotheosis","Specialist","PokerPlayerMod:MagicTrick","reliquary:FingerTrap","PokerPlayerMod:SecondChance","Lantern"],"campfire_rested":2,"item_purchase_floors":[19,19,19,38,53,53],"current_hp_per_floor":[52,49,49,49,37,37,26,26,26,26,16,31,38,44,44,11,56,56,56,56,49,58,58,57,57,57,57,57,60,60,48,60,60,60,60,60,62,62,57,20,38,38,38,52,55,55,57,65,65,66,66,66,66,66,0,0,0],"gold":75,"neow_bonus":"ONE_RANDOM_RARE_CARD","is_daily":false,"chose_seed":false,"campfire_upgraded":6,"win_rate":0.0,"timestamp":1613716543,"path_taken":["M","M","?","?","?","R","E","R","T","M","E","R","M","E","R","BOSS","M","$","?","M","M","R","E","?","T","?","?","M","R","?","R","BOSS","M","?","M","$","?","E","R","?","T","E","?","M","E","M","R","BOSS","R","$","E","BOSS"],"items_purchased_type":["Card","Card","Card","Relic","Card","Relic"],"build_version":"2020-12-22","purchased_purges":0,"victory":false,"max_hp_per_floor":[52,52,52,52,52,52,52,52,52,52,52,52,54,56,56,56,56,56,56,56,58,58,58,58,58,58,58,58,60,60,60,60,60,60,60,60,62,62,62,62,62,62,62,62,62,62,64,66,66,66,66,66,66,66,66,66,66],"card_choices":[{"not_picked":["PokerPlayerMod:CardBurn","PokerPlayerMod:Club5"],"picked":"PokerPlayerMod:Configure","floor":1},{"not_picked":["PokerPlayerMod:CloakAndDiamond","PokerPlayerMod:Spade2"],"picked":"PokerPlayerMod:Club2","floor":2},{"not_picked":["PokerPlayerMod:FakeSymbols","PokerPlayerMod:Trickery"],"picked":"PokerPlayerMod:DamnStraight","floor":7},{"not_picked":["PokerPlayerMod:FlyingCard","PokerPlayerMod:Diamond3"],"picked":"PokerPlayerMod:DiamondStrike","floor":10},{"not_picked":["PokerPlayerMod:CardBurn","PokerPlayerMod:PoorCopy"],"picked":"PokerPlayerMod:Heart3","floor":11},{"not_picked":["PokerPlayerMod:Heart3","PokerPlayerMod:Spade4","PokerPlayerMod:CardBurn"],"picked":"Singing Bowl","floor":13},{"not_picked":["PokerPlayerMod:Duplicate","PokerPlayerMod:ClubsClub","PokerPlayerMod:Spade3"],"picked":"Singing Bowl","floor":14},{"not_picked":["PokerPlayerMod:Diamond8","PokerPlayerMod:Diamond10+"],"picked":"PokerPlayerMod:Promotion","floor":16},{"not_picked":["PokerPlayerMod:Spade4","PokerPlayerMod:Spade2"],"picked":"PokerPlayerMod:Configure+1","floor":18},{"not_picked":["PokerPlayerMod:Diamond1","PokerPlayerMod:Spade3","PokerPlayerMod:MagicTrick+1"],"picked":"Singing Bowl","floor":21},{"not_picked":["PokerPlayerMod:Spade2","PokerPlayerMod:Heart1"],"picked":"PokerPlayerMod:HotShotCut","floor":22},{"not_picked":["PokerPlayerMod:ClubsClub","PokerPlayerMod:CloakAndDiamond"],"picked":"PokerPlayerMod:Promotion","floor":24},{"not_picked":["PokerPlayerMod:Spade2","PokerPlayerMod:ClubsClub","PokerPlayerMod:Spade4"],"picked":"Singing Bowl","floor":29},{"not_picked":["PokerPlayerMod:Diamond2","PokerPlayerMod:Configure"],"picked":"PokerPlayerMod:Club2","floor":31},{"not_picked":["PokerPlayerMod:StackedDeck","PokerPlayerMod:VarietyAttack"],"picked":"PokerPlayerMod:WasteCollection","floor":33},{"not_picked":["PokerPlayerMod:Raise","PokerPlayerMod:CardBurn+1"],"picked":"PokerPlayerMod:FillThePot+1","floor":35},{"not_picked":["PokerPlayerMod:DartThrow+1","PokerPlayerMod:Trickery+1","PokerPlayerMod:Spade2"],"picked":"Singing Bowl","floor":37},{"not_picked":["PokerPlayerMod:RoyalStrike","PokerPlayerMod:ClubStrike"],"picked":"PokerPlayerMod:Raise+1","floor":39},{"not_picked":["PokerPlayerMod:HiddenCard","PokerPlayerMod:Diamond2"],"picked":"PokerPlayerMod:Diamond4","floor":40},{"not_picked":["PokerPlayerMod:Spade1","PokerPlayerMod:Spade10+"],"picked":"PokerPlayerMod:Spade4","floor":44},{"not_picked":["PokerPlayerMod:Club1","PokerPlayerMod:Club9"],"picked":"PokerPlayerMod:Club5","floor":45},{"not_picked":["PokerPlayerMod:Club5","PokerPlayerMod:Fold"],"picked":"PokerPlayerMod:GamblerForm","floor":46},{"not_picked":["PokerPlayerMod:Heart1","PokerPlayerMod:Spade1","PokerPlayerMod:Manipulation"],"picked":"Singing Bowl","floor":47},{"not_picked":["PokerPlayerMod:ClubStrike+1","PokerPlayerMod:Trickery+1","PokerPlayerMod:HeartStrike"],"picked":"Singing Bowl","floor":48},{"not_picked":["PokerPlayerMod:ClubsClub+1","PokerPlayerMod:Heart8"],"picked":"PokerPlayerMod:Diamond4","floor":54}],"player_experience":715206,"relics_obtained":[{"floor":7,"key":"Tiny Chest"},{"floor":9,"key":"Thread and Needle"},{"floor":11,"key":"Singing Bowl"},{"floor":14,"key":"reliquary:Firecrackers"},{"floor":24,"key":"Replay:PocketPolymizer"},{"floor":28,"key":"Iron Hammer"},{"floor":36,"key":"Ring of Fangs"},{"floor":39,"key":"Ice Cream"},{"floor":40,"key":"Whetstone"},{"floor":42,"key":"Gremlin Food"},{"floor":43,"key":"reliquary:Sod"},{"floor":44,"key":"Gambling Chip"},{"floor":47,"key":"reliquary:JackalopeAntler"},{"floor":54,"key":"reliquary:PorcupineQuills"}],"event_choices":[{"damage_healed":0,"gold_gain":0,"player_choice":"Leave","damage_taken":0,"max_hp_gain":0,"max_hp_loss":0,"event_name":"The Cleric","floor":3,"gold_loss":0},{"damage_healed":0,"gold_gain":0,"player_choice":"Grow","damage_taken":0,"max_hp_gain":0,"max_hp_loss":0,"event_name":"Living Wall","floor":4,"gold_loss":0,"cards_upgraded":["PokerPlayerMod:TrumpStrike"]},{"damage_healed":0,"gold_gain":0,"player_choice":"Success","damage_taken":12,"relics_obtained":["reliquary:TridentHead"],"max_hp_gain":0,"max_hp_loss":0,"event_name":"Scrap Ooze","floor":5,"gold_loss":0},{"damage_healed":0,"gold_gain":0,"player_choice":"Read","damage_taken":0,"max_hp_gain":0,"max_hp_loss":0,"event_name":"The Library","floor":20,"gold_loss":0,"cards_obtained":["PokerPlayerMod:MagicTrick"]},{"cards_removed":["PokerPlayerMod:HotShotCut"],"damage_healed":0,"gold_gain":0,"player_choice":"Gave Gold","damage_taken":0,"max_hp_gain":0,"max_hp_loss":0,"event_name":"Beggar","floor":25,"gold_loss":75},{"damage_healed":0,"gold_gain":0,"player_choice":"Think Hard","damage_taken":0,"max_hp_gain":0,"max_hp_loss":0,"event_name":"PokerPlayerMod:Vampires","floor":27,"gold_loss":0,"cards_obtained":["PokerPlayerMod:ThinkingTime"]},{"damage_healed":0,"gold_gain":0,"player_choice":"Fight","damage_taken":0,"max_hp_gain":0,"max_hp_loss":0,"event_name":"Mysterious Sphere","floor":39,"gold_loss":0}],"is_beta":false,"boss_relics":[{"not_picked":["Fusion Hammer","Cursed Key"],"picked":"Runic Dome"},{"not_picked":["Coffee Dripper","Sozu"],"picked":"Philosopher\u0027s Stone"}],"items_purged_floors":[],"is_endless":false,"potions_floor_spawned":[10,16,21,31,33,37,40,45,47,54],"killed_by":"The Heart","ascension_level":2}}