{"host":"121m0oxswv9tg9hk","time":1613757793,"event":{"mods":["BaseMod","Better Altar","Better Third Choice","Hermit","Hubris","Ironclad Rager","Minty Spire (QoL Compilation)","Replay The Spire","Shade Mod","StSLib","The Disciple"],"gold_per_floor":[119,39,39,53,70,70,86,126,153,187,187,213,213,235,235,342,342,367,393,393,171,171,171,192,192,241,258,278,302,302,321,321,439,439,467,479,526,649,651,651],"floor_reached":39,"language":"ENG","playtime":3821,"items_purged":["Defend_Br"],"score":445,"play_id":"00895ff8-697d-43c0-83f5-d6580eb5fdcf","local_time":"20210219190313","is_ascension_mode":false,"campfire_choices":[{"data":"PatternShift","floor":6,"key":"SMITH"},{"data":"Keepsakes","floor":11,"key":"SMITH"},{"data":"ReapSow","floor":13,"key":"SMITH"},{"data":"Strike_Br","floor":15,"key":"PURGE"},{"floor":23,"key":"REST"},{"data":"Facsimile","floor":25,"key":"SMITH"},{"data":"DaylightSavings","floor":30,"key":"SMITH"},{"floor":32,"key":"REST"}],"circlet_count":0,"master_deck":["Strike_Br","Strike_Br","Defend_Br","Defend_Br","Defend_Br","SecondHand+1","PatternShift+1","PrimeTime","Engulf","PrimeTime+1","LockedBlood","ReapSow+23","LockedWarPaint","Keepsakes+1","LockedTornado","Echoward","LockedCalendar","ExoVibe+24","ExoVibe","SecondHand+1","Facsimile+1","LockedBlood","DaylightSavings+8","Adagio+1","LockedAstrolabe","EscortCommand+1","ReplayTheSpireMod:Splinters","LockedTurtyl+1","WindUp"],"relics":["Chronometer","CeramicFish","Gremlin Food","Sundial","Replay:Grab Bag","ReplayTheSpireMod:Onyx Gauntlets","Philosopher\u0027s Stone","hubris:Backtick","Ice Cream","Blood Vial","DollysMirror","Akabeko","Ancient Tea Set","hubris:ScarierMask","Peace Pipe","Replay:Bandana"],"acts_visited":["Exordium","TheCity","TheBeyond"],"potions_floor_usage":[16,18,19,13028,28,31],"damage_taken":[{"damage":0,"enemies":"Cultist","floor":1,"turns":6},{"damage":0,"enemies":"Jaw Worm","floor":4,"turns":4},{"damage":0,"enemies":"2 Louse","floor":5,"turns":3},{"damage":0,"enemies":"Red Slaver","floor":7,"turns":3},{"damage":9,"enemies":"Lagavulin","floor":8,"turns":6},{"damage":12,"enemies":"Gremlin Nob","floor":10,"turns":6},{"damage":0,"enemies":"Looter","floor":12,"turns":2},{"damage":5,"enemies":"2 Fungi Beasts","floor":14,"turns":6},{"damage":0,"enemies":"The Guardian","floor":16,"turns":10},{"damage":0,"enemies":"Chosen","floor":18,"turns":5},{"damage":8,"enemies":"Spheric Guardian","floor":19,"turns":8},{"damage":14,"enemies":"Centurion and Healer","floor":24,"turns":8},{"damage":44,"enemies":"Sentry and Sphere","floor":27,"turns":11},{"damage":22,"enemies":"Snake Plant","floor":28,"turns":7},{"damage":20,"enemies":"Shelled Parasite and Fungi","floor":29,"turns":9},{"damage":20,"enemies":"Snecko","floor":31,"turns":7},{"damage":76,"enemies":"Collector","floor":33,"turns":17},{"damage":6,"enemies":"Orb Walker","floor":35,"turns":5},{"damage":0,"enemies":"3 Shapes","floor":36,"turns":7},{"damage":13,"enemies":"2 Orb Walkers","floor":37,"turns":5},{"damage":89,"enemies":"Maw","floor":39,"turns":11}],"seed_played":"4120031801073589417","potions_obtained":[{"floor":5,"key":"DistilledChaos"},{"floor":7,"key":"Elixir"},{"floor":10,"key":"Block Potion"},{"floor":16,"key":"Venom Potion"},{"floor":18,"key":"DuplicationPotion"},{"floor":19,"key":"ColorlessPotion"},{"floor":29,"key":"Block Potion"},{"floor":35,"key":"LiquidBronze"}],"is_trial":false,"path_per_floor":["M","$","?","M","M","R","M","E","T","E","R","M","R","M","R","B",null,"M","M","?","$","?","R","M","R","T","M","M","M","R","M","R","B",null,"M","M","?","?","M"],"character_chosen":"CHRONO_CLASS","items_purchased":["Engulf","PrimeTime+1","DollysMirror"],"campfire_rested":2,"item_purchase_floors":[2,2,21],"current_hp_per_floor":[65,65,65,65,65,65,65,58,58,52,52,52,52,53,53,59,65,65,63,30,30,30,49,43,43,43,19,35,41,41,41,60,12,65,65,65,60,60,0,0],"gold":651,"neow_bonus":"UPGRADE_CARD","is_daily":false,"chose_seed":false,"campfire_upgraded":5,"win_rate":0.0,"timestamp":1613757793,"path_taken":["M","$","?","?","M","R","M","E","T","E","R","M","R","M","R","BOSS","M","?","?","$","?","R","M","R","T","M","M","?","R","M","R","BOSS","M","M","?","?","?"],"items_purchased_type":["Card","Card","Relic"],"build_version":"2020-12-22","purchased_purges":1,"victory":false,"max_hp_per_floor":[65,65,65,65,65,65,65,65,65,65,65,65,65,65,65,65,65,65,65,65,65,65,65,65,65,65,65,65,65,65,65,65,65,65,65,65,65,65,65,65],"card_choices":[{"not_picked":["BlueShift","LockedMedicine"],"picked":"PrimeTime","floor":1},{"not_picked":["FormalWear","Engulf"],"picked":"LockedBlood","floor":4},{"not_picked":["LockedAnchor","BiteCommand"],"picked":"ReapSow","floor":5},{"not_picked":["SlimeSpray","PrimeTime","CrunchTime"],"picked":"SKIP","floor":7},{"not_picked":["WakeUpCall","TickedOff"],"picked":"LockedWarPaint","floor":8},{"not_picked":["Tempo","PrimeTime"],"picked":"Keepsakes","floor":10},{"not_picked":["AlternateTimeline","CrunchTime"],"picked":"LockedTornado","floor":12},{"not_picked":["BlueShift","WindUp"],"picked":"Echoward","floor":14},{"not_picked":["OracleForm","OldTimer"],"picked":"LockedCalendar","floor":16},{"not_picked":["LockedMercury","AlternateTimeline"],"picked":"ExoVibe","floor":18},{"not_picked":["LockedMedicine","Stagnate"],"picked":"ExoVibe","floor":19},{"not_picked":["Parity","Stagnate+1"],"picked":"Facsimile","floor":24},{"not_picked":["HandsUpB","ResonantCall","HandsUpC"],"picked":"SKIP","floor":27},{"not_picked":["LockedOrichalcum","ShortSighted"],"picked":"LockedBlood","floor":28},{"not_picked":["LockedScales+1","Break"],"picked":"DaylightSavings","floor":29},{"not_picked":["CrunchTime","LockedWhetstone"],"picked":"Tempo","floor":31},{"not_picked":["LockedBell","LockedCalendar"],"picked":"LockedAstrolabe","floor":33},{"not_picked":["HandsUpC","BiteCommand+1"],"picked":"EscortCommand+1","floor":35},{"not_picked":["HandsUpB","LockedMedicine","Parity"],"picked":"SKIP","floor":36},{"not_picked":["Goo+1","LockedCalendar"],"picked":"LockedTurtyl+1","floor":38},{"not_picked":["SlimeSpray+1","AlternateTimeline"],"picked":"WindUp","floor":38}],"player_experience":2384975,"relics_obtained":[{"floor":8,"key":"CeramicFish"},{"floor":9,"key":"Gremlin Food"},{"floor":10,"key":"Sundial"},{"floor":26,"key":"Ancient Tea Set"},{"floor":37,"key":"Peace Pipe"},{"floor":38,"key":"Replay:Bandana"}],"event_choices":[{"cards_removed":["Strike_Br"],"damage_healed":0,"gold_gain":0,"player_choice":"Offered Basic","damage_taken":0,"max_hp_gain":0,"max_hp_loss":0,"event_name":"Bonfire Elementals","floor":3,"gold_loss":0},{"damage_healed":0,"gold_gain":0,"player_choice":" Vial Potion ","damage_taken":33,"relics_obtained":["Blood Vial"],"max_hp_gain":63,"max_hp_loss":30,"event_name":"betterAltar:BetterAltar","floor":20,"potions_obtained":["betterAltar:AltarPotion"],"relics_lost":[],"gold_loss":0},{"damage_healed":0,"gold_gain":0,"player_choice":"Gave Potion","damage_taken":0,"relics_obtained":["Akabeko"],"max_hp_gain":0,"max_hp_loss":0,"event_name":"WeMeetAgain","floor":22,"gold_loss":0},{"damage_healed":0,"gold_gain":0,"player_choice":"Fight","damage_taken":0,"max_hp_gain":0,"max_hp_loss":0,"event_name":"Mysterious Sphere","floor":37,"gold_loss":0}],"is_beta":false,"boss_relics":[{"not_picked":["Coffee Dripper","Replay:Bronze Core"],"picked":"Replay:Grab Bag"},{"not_picked":["Painkiller Herb","Velvet Choker"],"picked":"ReplayTheSpireMod:Onyx Gauntlets"},{"not_picked":["Busted Crown","hubris:VirtuousBlindfold"],"picked":"Philosopher\u0027s Stone"},{"not_picked":["Snecko Eye","Ring of Chaos"],"picked":"hubris:Backtick"},{"not_picked":["Replay:Ancient Bell","SacredBark"],"picked":"hubris:ScarierMask"}],"items_purged_floors":[21],"is_endless":false,"potions_floor_spawned":[5,7,10,16,18,19,29,35],"killed_by":"Maw","ascension_level":0}}