{"host":"hemqwg9ve6welna9","time":1613719989,"event":{"mods":["2.2 Compatiblity","AchievementEnabler","BaseMod","Beaked The Cultist","Bestiary","Better Match","Better Note","Better Third Choice","BetterRewards","Conspire","Curses Come First","Dio Mod","Downfall","Gremlin Mod","Hermit","Highlight Path","Hubris","Melee Mod","Minty Spire (QoL Compilation)","Permanent Neow","Potionbrewer","Quick Restart","Rare Cards Sparkle","Relic Stats","Reliquary","Robot Space Explorer","SOS???????","Shop Mod","StSLib","SuperFastMode","Td1madao Mod","The Bug Knight","The Cursed","The Disciple","The Forsaken","The Hierophant","The Jungle","The Marked","The Runesmith","The Senshi","The Servant 0.9.4","The Wild Card","TheBandit","TheVacant","everything is the same but u backflip on backflip"],"gold_per_floor":[129,129,165,16,16,16,0,0,0,37,37],"floor_reached":10,"language":"ENG","playtime":661,"items_purged":[],"score":79,"play_id":"0fb29868-49af-4826-975c-92979b923a96","local_time":"20210219013309","is_ascension_mode":false,"campfire_choices":[{"data":"Redorb","floor":6,"key":"SMITH"},{"data":"Weaponchange","floor":8,"key":"SMITH"}],"circlet_count":0,"master_deck":["conspire:GhostlyStrike","conspire:GhostlyStrike","Attack_b","conspire:GhostlyStrike","conspire:GhostlyStrike","Provocation","conspire:GhostlyDefend","conspire:GhostlyDefend","conspire:GhostlyDefend","Redorb+1","Rebellion","LucifercomboA","Weaponchange+1","Airhike","CoyoteA","Pandora","Gilgamesh"],"relics":["SSS","Combocheck","reliquary:CitrusReamer","reliquary:Aerogel","betterThird:SlimedRelic","hubris:MysteriousPyramids"],"acts_visited":["Exordium"],"potions_floor_usage":[10],"damage_taken":[{"damage":1,"enemies":"Small Slimes","floor":1,"turns":4},{"damage":10,"enemies":"Cultist","floor":3,"turns":4},{"damage":42,"enemies":"3 Sentries","floor":10,"turns":6}],"seed_played":"4115640558040539061","potions_obtained":[{"floor":1,"key":"potionbrewer:InfectionPotion"}],"is_trial":false,"path_per_floor":["M","?","M","$","?","R","?","R","T","E"],"character_chosen":"DANTE","items_purchased":["reliquary:CitrusReamer","Rebellion","LucifercomboA","Weaponchange","reliquary:Aerogel"],"campfire_rested":0,"item_purchase_floors":[0,0,0,0,4],"current_hp_per_floor":[67,67,57,57,57,57,46,46,46,4,4],"gold":37,"neow_bonus":"","is_daily":false,"chose_seed":false,"campfire_upgraded":2,"win_rate":0.0,"timestamp":1613719989,"path_taken":["M","?","?","$","?","R","?","R","T","E"],"items_purchased_type":["Relic","Card","Card","Card","Relic"],"build_version":"2020-12-22","purchased_purges":0,"victory":false,"max_hp_per_floor":[80,80,80,80,80,80,80,80,80,80,80],"relic_stats":{"counters":[17,63],"obtain_stats":[{"Lantern":7,"reliquary:Aerogel":4,"Oddly Smooth Stone":26,"hubris:MysteriousPyramids":9,"Combocheck":0,"sneckomod:BabySnecko":24,"SsserpentHead":30,"SSS":0,"reliquary:CitrusReamer":0,"Ornamental Fan":9,"betterThird:SlimedRelic":7,"theSenshi:SailorFukuRelic":31,"FossilizedHelix":5,"bronze:MakeshiftBattery":17,"TungstenRod":28},{"Lantern":4,"reliquary:Aerogel":16,"Oddly Smooth Stone":11,"hubris:MysteriousPyramids":16,"Combocheck":0,"sneckomod:BabySnecko":11,"SsserpentHead":13,"SSS":0,"reliquary:CitrusReamer":14,"Ornamental Fan":4,"betterThird:SlimedRelic":16,"theSenshi:SailorFukuRelic":13,"FossilizedHelix":3,"bronze:MakeshiftBattery":7,"TungstenRod":12},{"Lantern":15,"reliquary:Aerogel":57,"Oddly Smooth Stone":38,"hubris:MysteriousPyramids":57,"Combocheck":0,"sneckomod:BabySnecko":38,"SsserpentHead":43,"SSS":0,"reliquary:CitrusReamer":49,"Ornamental Fan":15,"betterThird:SlimedRelic":57,"theSenshi:SailorFukuRelic":43,"FossilizedHelix":12,"bronze:MakeshiftBattery":25,"TungstenRod":41}]},"card_choices":[{"not_picked":["Doubleshoot","Dash1"],"picked":"CoyoteA","floor":1},{"not_picked":["Straight","Rebellion"],"picked":"Gilgamesh","floor":3}],"player_experience":15693,"relics_obtained":[{"floor":9,"key":"hubris:MysteriousPyramids"}],"event_choices":[{"damage_healed":0,"gold_gain":0,"cards_transformed":["Defend_Dante"],"player_choice":"Transformed","damage_taken":0,"max_hp_gain":0,"max_hp_loss":0,"event_name":"Transmorgrifier","floor":2,"gold_loss":0,"cards_obtained":["Pandora"]},{"damage_healed":0,"gold_gain":0,"player_choice":"Agree","damage_taken":0,"max_hp_gain":0,"max_hp_loss":0,"event_name":"conspire:LoneGhost","floor":5,"gold_loss":0},{"damage_healed":0,"gold_gain":0,"player_choice":"Slimed","damage_taken":11,"max_hp_gain":0,"max_hp_loss":0,"event_name":"betterThird:BetterGoop","floor":7,"gold_loss":16}],"is_beta":false,"boss_relics":[],"items_purged_floors":[],"is_endless":false,"potions_floor_spawned":[1],"killed_by":"3 Sentries","ascension_level":0}}