{"host":"dh4nu8nelr2izibb","time":1613708482,"event":{"mods":["BaseMod","Better Skull","Better Third Choice","Card Filter","Card Forge","Curses Come First","Displayed Cursed Tome","HololiveMod","Marisa????????","Minty Spire (QoL Compilation)","Poor People Problems","Quick Restart","Relic Filter","Reliquary","StSLib","The Servant 0.9.4","WarShipGirlsR/????R mod","Yakumo Yukari mod"],"gold_per_floor":[118,136,154,154,165,165,178,203,203,203,223,203,215,36,36,115,115,127,127,127,107,126,153,153,173,173,173,8,42,42,60,60,134,134,134],"floor_reached":34,"language":"ENG","playtime":1374,"items_purged":["Strike_G","Strike_G"],"score":888,"play_id":"3b2fe374-6b23-41b0-9d69-c0b16cfeb3dd","local_time":"20210218232122","is_ascension_mode":true,"campfire_choices":[{"floor":6,"key":"REST"},{"data":"Sucker Punch","floor":10,"key":"SMITH"},{"data":"Footwork","floor":15,"key":"SMITH"},{"floor":24,"key":"REST"},{"data":"Infinite Blades","floor":30,"key":"SMITH"},{"data":"Acrobatics","floor":32,"key":"SMITH"}],"circlet_count":0,"master_deck":["AscendersBane","Strike_G","Strike_G","Defend_G","Defend_G","Defend_G","Defend_G","Survivor","Neutralize+1","Quick Slash","Sucker Punch+1","Dash","All Out Attack+1","Slice","Well Laid Plans","Flying Knee","Footwork+1","Acrobatics+1","Deflect","Leg Sweep","Panache","Dagger Throw","Infinite Blades+1","Phantasmal Killer+1","Terror+1","Deflect+1","Malaise"],"relics":["Ring of the Snake","Hammer of Thor","Seething Fire","Anvil of the Gods","MealTicket","White Beast Statue","Paper Crane","Membership Card","Shuriken","reliquary:ThirdArm","MutagenicStrength","reliquary:ExpiredCoupon","Eternal Feather","Tiny Chest","Turnip","reliquary:WritOfMandamus"],"acts_visited":["Exordium","TheCity","TheBeyond"],"potions_floor_usage":[8,18,22,23,23,25,33],"damage_taken":[{"damage":0,"enemies":"Cultist","floor":1,"turns":4},{"damage":0,"enemies":"2 Louse","floor":2,"turns":4},{"damage":0,"enemies":"Small Slimes","floor":3,"turns":3},{"damage":4,"enemies":"Blue Slaver","floor":5,"turns":4},{"damage":0,"enemies":"2 Fungi Beasts","floor":7,"turns":3},{"damage":14,"enemies":"Gremlin Nob","floor":8,"turns":4},{"damage":10,"enemies":"Gremlin Gang","floor":11,"turns":4},{"damage":0,"enemies":"Lots of Slimes","floor":13,"turns":3},{"damage":0,"enemies":"The Guardian","floor":16,"turns":8},{"damage":17,"enemies":"3 Byrds","floor":18,"turns":6},{"damage":13,"enemies":"2 Thieves","floor":21,"turns":4},{"damage":7,"enemies":"Centurion and Healer","floor":22,"turns":6},{"damage":18,"enemies":"Gremlin Leader","floor":23,"turns":6},{"damage":0,"enemies":"Snake Plant","floor":25,"turns":3},{"damage":11,"enemies":"Book of Stabbing","floor":29,"turns":5},{"damage":0,"enemies":"Snecko","floor":31,"turns":4},{"damage":38,"enemies":"Champ","floor":33,"turns":10}],"seed_played":"5005848392320382912","potions_obtained":[{"floor":1,"key":"CunningPotion"},{"floor":7,"key":"FairyPotion"},{"floor":11,"key":"Regen Potion"},{"floor":18,"key":"Fruit Juice"},{"floor":21,"key":"SteroidPotion"},{"floor":22,"key":"PowerPotion"},{"floor":23,"key":"Energy Potion"},{"floor":25,"key":"SpeedPotion"},{"floor":29,"key":"Explosive Potion"},{"floor":31,"key":"Swift Potion"},{"floor":33,"key":"PowerPotion"}],"is_trial":false,"path_per_floor":["M","M","M","?","M","R","M","E","T","R","M","?","M","$","R","B",null,"M","?","?","M","M","E","R","M","T","T","$","E","R","M","R","B",null],"character_chosen":"THE_SILENT","items_purchased":["Membership Card","Shuriken","Footwork","Panache","Dagger Throw"],"campfire_rested":2,"item_purchase_floors":[14,14,14,28,28],"current_hp_per_floor":[59,59,59,24,20,39,39,25,25,25,15,15,15,30,30,30,57,45,45,45,32,40,22,43,43,43,43,58,47,62,62,71,33,62,62],"gold":134,"neow_bonus":"UPGRADE_CARD","is_daily":false,"chose_seed":false,"campfire_upgraded":4,"win_rate":0.0,"timestamp":1613708482,"path_taken":["M","M","M","?","M","R","M","E","T","R","M","?","?","$","R","BOSS","M","?","?","M","M","E","R","M","T","?","?","E","R","M","R","BOSS"],"items_purchased_type":["Relic","Relic","Card","Card","Card"],"build_version":"2020-12-22","purchased_purges":2,"victory":false,"max_hp_per_floor":[66,66,66,66,66,66,66,66,66,66,66,66,66,66,66,66,66,71,71,71,71,71,71,71,71,71,71,71,71,71,71,71,71,71,71],"card_choices":[{"not_picked":["Flechettes","Dagger Throw"],"picked":"Quick Slash","floor":1},{"not_picked":["Slice","Outmaneuver"],"picked":"Sucker Punch","floor":2},{"not_picked":["Prepared","Quick Slash"],"picked":"Dash","floor":3},{"not_picked":["Slice","PiercingWail"],"picked":"All Out Attack","floor":5},{"not_picked":["Riddle With Holes","Bane"],"picked":"Slice","floor":7},{"not_picked":["Unload","Sucker Punch"],"picked":"Well Laid Plans","floor":8},{"not_picked":["Acrobatics","Blade Dance"],"picked":"Flying Knee","floor":11},{"not_picked":["Doppelganger","Leg Sweep"],"picked":"Terror","floor":13},{"not_picked":["Grand Finale","Unload"],"picked":"Phantasmal Killer","floor":16},{"not_picked":["Prepared","Slice"],"picked":"Acrobatics","floor":18},{"not_picked":["Concentrate","Flying Knee+1"],"picked":"Deflect","floor":21},{"not_picked":["Dodge and Roll","Outmaneuver","Choke"],"picked":"SKIP","floor":22},{"not_picked":["Setup+1","Flying Knee","Deadly Poison"],"picked":"SKIP","floor":23},{"not_picked":["Finisher","Sucker Punch"],"picked":"Leg Sweep","floor":25},{"not_picked":["Wraith Form v2","Catalyst+1"],"picked":"Infinite Blades","floor":29},{"not_picked":["Reflex+1","Prepared"],"picked":"Deflect+1","floor":31},{"not_picked":["After Image","Burst"],"picked":"Malaise","floor":33}],"player_experience":1186767,"relics_obtained":[{"floor":8,"key":"White Beast Statue"},{"floor":9,"key":"Paper Crane"},{"floor":23,"key":"reliquary:ExpiredCoupon"},{"floor":26,"key":"Eternal Feather"},{"floor":27,"key":"Tiny Chest"},{"floor":29,"key":"Turnip"}],"event_choices":[{"damage_healed":0,"gold_gain":1,"player_choice":"Relic ","damage_taken":35,"max_hp_gain":0,"max_hp_loss":0,"event_name":"betterThird:BetterScrap","floor":4,"gold_loss":0,"cards_obtained":["Self Repair"]},{"damage_healed":0,"gold_gain":0,"player_choice":"Bought 1 Potion","damage_taken":0,"max_hp_gain":0,"max_hp_loss":0,"event_name":"The Woman in Blue","floor":12,"gold_loss":0},{"damage_healed":0,"gold_gain":0,"player_choice":"Inject Mutagens","damage_taken":0,"relics_obtained":["MutagenicStrength"],"max_hp_gain":0,"max_hp_loss":0,"event_name":"Drug Dealer","floor":19,"gold_loss":0},{"damage_healed":0,"gold_gain":0,"player_choice":"Smashed Altar","damage_taken":0,"max_hp_gain":0,"max_hp_loss":0,"event_name":"Forgotten Altar","floor":20,"gold_loss":0,"cards_obtained":["Decay"]}],"is_beta":false,"boss_relics":[{"not_picked":["reliquary:Ember","Black Star"],"picked":"reliquary:ThirdArm"},{"not_picked":["Runic Pyramid","reliquary:KinkedSpring"],"picked":"reliquary:WritOfMandamus"}],"items_purged_floors":[14,28],"is_endless":false,"potions_floor_spawned":[1,7,11,13,16,18,21,22,23,25,29,31,33],"ascension_level":20}}