{"host":"i0m6ffz3lpe3z1ky","time":1613770711,"event":{"mods":["Aspiration","BaseMod","Bestiary","BetterRewards","Colored Map","Conspire","Energized Spire","Highlight Path","Hubris","Ironclad Rager","Minty Spire (QoL Compilation)","Quick Restart","Reliquary","Shop Mod","Spicy Shops","StSLib","Thieving Mod"],"gold_per_floor":[115,115,41,61,61,94,94,125,125,125,135,165,182,132,132,235,235,250,250,250,146,146,146,177,206,206,206,232,77,106,124,124,228,228,241,128,128,141,51,85,85,419,419,419,419,419,419,433,433,433,433,433,320,354,354],"floor_reached":56,"language":"KOR","playtime":3472,"items_purged":["Strike_R","Strike_R","Strike_R"],"score":2490,"play_id":"93199974-70aa-4c05-9a74-cab2c8f73a1c","local_time":"20210220063831","is_ascension_mode":true,"campfire_choices":[{"data":"Barricade","floor":7,"key":"SMITH"},{"data":"Footwork","floor":10,"key":"SMITH"},{"data":"Storm","floor":15,"key":"SMITH"},{"floor":27,"key":"RECALL"},{"data":"Footwork+1","floor":32,"key":"SMITH"},{"data":"Footwork+2","floor":41,"key":"SMITH"},{"data":"Footwork+3","floor":44,"key":"SMITH"},{"data":"Footwork+4","floor":46,"key":"SMITH"},{"data":"Footwork+5","floor":47,"key":"SMITH"},{"data":"Footwork+6","floor":49,"key":"SMITH"},{"data":"Footwork+7","floor":52,"key":"SMITH"}],"circlet_count":0,"master_deck":["AscendersBane","Defend_R+1","Defend_R+1","Defend_R","Defend_R","Bash","Barricade+1","Body Slam","Second Wind","Immolate","Footwork+8","Storm+1","Dagger Spray","MasterReality+1","Creative AI+1","Shrug It Off","Creative AI+1","Corruption+1","Finesse+1","Double Energy","Crescendo+1","Seeing Red","Berserk+1","Bouncing Flask+1","Caltrops+2","Crippling Poison","hubris:EnhanceAbility+1","Purity","Escape Plan","Prepared","Caltrops+1"],"relics":["Burning Blood","conspire:TreasureMap","Bag of Preparation","aspiration:StickyExplosives_weak","hubris:AstralHammer","PrismaticShard","OrangePellets","Vajra","MealTicket","Eternal Feather","conspire:TopHat","conspire:DeflatedDodgeball","reliquary:JackalopeAntler","Prayer Wheel","Question Card","reliquary:BrokenClock","Tiny Chest","Frozen Eye","reliquary:HotPoker","reliquary:TuningFork","reliquary:RoseTintedGlasses","conspire:InfiniteJournal","Lee\u0027s Waffle","Sundial","Pen Nib","reliquary:FingerTrap","Membership Card","hubris:EmptyBottle","reliquary:Crutches","Juzu Bracelet","reliquary:ExpiredCoupon","reliquary:TridentHead","Omamori","hubris:TenFootPole","Matryoshka","reliquary:Bookmark","Cauldron","Dream Catcher","Ancient Tea Set","ClockworkSouvenir","WingedGreaves","reliquary:Tamtam","Happy Flower","reliquary:SilkGlove","reliquary:Spinner","Dead Branch","Darkstone Periapt","aspiration:Nostalgia","PureWater","HandDrill","Lizard Tail","Toy Ornithopter","aspiration:FrozenJewel","reliquary:PartyBalloon","Pantograph","reliquary:SharkskinSheath","Chemical X","Blue Candle","reliquary:Knoch","conspire:GiftBox","conspire:BottledYoYo","hubris:Towel","Potion Belt","Torii","Medical Kit","Charon\u0027s Ashes","Frozen Egg 2","Centennial Puzzle","Oddly Smooth Stone","conspire:SpecialSausage","MutagenicStrength","Bronze Scales","InkBottle","hubris:Reverence","hubris:MedicalManual","hubris:BottledRain","PreservedInsect","TungstenRod","Anchor","aspiration:SilentSkillbook","hubris:SlimyHat","reliquary:RosewoodLute","reliquary:NewFriend","conspire:DecoderRing","reliquary:Sideboard","Art of War","Old Coin","Shuriken","reliquary:BoilingFlask","Blood Vial","Bottled Lightning","War Paint","hubris:MysteriousPyramids","Self Forming Clay","reliquary:PrincelyHelmet"],"acts_visited":["Exordium","TheCity","TheBeyond","TheEnding"],"potions_floor_usage":[12,12,36,36,53,53],"damage_taken":[{"damage":0.0,"enemies":"Jaw Worm","floor":1.0,"turns":2.0},{"damage":2.0,"enemies":"2 Louse","floor":4.0,"turns":3.0},{"damage":1,"enemies":"3 Sentries","floor":6,"turns":4},{"damage":0,"enemies":"Lagavulin","floor":8,"turns":4},{"damage":0,"enemies":"Small Slimes","floor":11,"turns":2},{"damage":0,"enemies":"3 Sentries","floor":12,"turns":2},{"damage":0,"enemies":"Exordium Thugs","floor":13,"turns":1},{"damage":0,"enemies":"The Guardian","floor":16,"turns":5},{"damage":0,"enemies":"Spheric Guardian","floor":18,"turns":2},{"damage":0,"enemies":"Book of Stabbing","floor":24,"turns":2},{"damage":0,"enemies":"Slavers","floor":25,"turns":2},{"damage":0,"enemies":"Book of Stabbing","floor":28,"turns":2},{"damage":0,"enemies":"Gremlin Leader","floor":30,"turns":2},{"damage":0,"enemies":"Shell Parasite","floor":31,"turns":2},{"damage":0,"enemies":"Collector","floor":33,"turns":1},{"damage":0,"enemies":"Orb Walker","floor":35,"turns":1},{"damage":0,"enemies":"3 Shapes","floor":38,"turns":1},{"damage":0,"enemies":"Giant Head","floor":40,"turns":2},{"damage":0,"enemies":"Reptomancer","floor":42,"turns":2},{"damage":0,"enemies":"Jaw Worm Horde","floor":48,"turns":1},{"damage":0,"enemies":"Awakened One","floor":50,"turns":3},{"damage":0,"enemies":"Shield and Spear","floor":54,"turns":1},{"damage":0,"enemies":"The Heart","floor":55,"turns":4}],"seed_played":"-7183093904331259023","potions_obtained":[{"floor":0.0,"key":"Strength Potion"},{"floor":0.0,"key":"Dexterity Potion"},{"floor":4.0,"key":"Swift Potion"},{"floor":8,"key":"ColorlessPotion"},{"floor":30,"key":"conspire:TimeTravelPotion"},{"floor":35,"key":"ThievingMod:ThievingPotion"}],"is_trial":false,"path_per_floor":["M","?","$","M","$","E","R","E","T","R","M","E","M","?","R","B",null,"M","?","T","$","?","R","E","E","T","R","E","$","E","M","R","B",null,"M","$","?","M","?","E","R","E","T","R","T","R","R","M","R","B",null,"R","$","E","B",null],"character_chosen":"IRONCLAD","items_purchased":["Potion Belt","Corruption+1","TungstenRod","hubris:SlimyHat"],"campfire_rested":0,"item_purchase_floors":[3,21,29,36],"current_hp_per_floor":[87,87,87,87,87,87,87,87,87,87,87,87,87,87,87,87,87,87,87,87,87,87,87,87,87,87,87,87,87,87,87,87,87,87,87,87,87,87,87,87,87,87,87,87,87,87,87,87,87,87,87,87,87,87,87],"gold":354,"neow_bonus":"","is_daily":false,"chose_seed":false,"campfire_upgraded":10,"win_rate":0.0,"timestamp":1613770711,"path_taken":["M","?","$","M","$","E","R","E","T","R","M","E","M","?","R","BOSS","M","?","?","$","?","R","E","E","T","R","E","$","E","M","R","BOSS","M","$","?","M","?","E","R","E","T","R","?","R","R","M","R","BOSS","R","$","E","BOSS"],"items_purchased_type":["Relic","Card","Relic","Relic"],"build_version":"2020-12-22","purchased_purges":3,"victory":true,"max_hp_per_floor":[87,87,87,87,87,87,87,87,87,87,87,87,87,87,87,87,87,87,87,87,87,87,87,87,87,87,87,87,87,87,87,87,87,87,87,87,87,87,87,87,87,87,87,87,87,87,87,87,87,87,87,87,87,87,87],"card_choices":[{"not_picked":["Offering","Berserk","Feed"],"picked":"Barricade","floor":0.0},{"not_picked":["Accuracy","Gash","Body Slam"],"picked":"Footwork","floor":1.0},{"not_picked":["ThirdEye","Secret Weapon","Hologram","BowlingBash"],"picked":"SKIP","floor":1.0},{"not_picked":["Doom and Gloom","Rebound","Steam"],"picked":"Storm","floor":4.0},{"not_picked":["Rebound","conspire:Charge","Sword Boomerang"],"picked":"Dagger Spray","floor":4.0},{"not_picked":["Hologram","Warcry","Quick Slash","Consecrate"],"picked":"SKIP","floor":6},{"not_picked":["Leap","Sucker Punch","Apotheosis","hubris:Ssssneak"],"picked":"SKIP","floor":8},{"not_picked":["Flex","Barrage","Crescendo"],"picked":"MasterReality+1","floor":11},{"not_picked":["Tantrum","Lockon","Steam","WindmillStrike"],"picked":"SKIP","floor":11},{"not_picked":["Panacea","Ragnarok","conspire:ExplosiveBarrier"],"picked":"Creative AI+1","floor":12},{"not_picked":["Flex","Acrobatics","Heel Hook"],"picked":"Shrug It Off","floor":13},{"not_picked":["Coolheaded","Wild Strike","hubris:TrickCloak","Ball Lightning"],"picked":"SKIP","floor":13},{"not_picked":["Sadistic Nature+1","Thunder Strike","HandOfGreed"],"picked":"Creative AI+1","floor":16},{"not_picked":["CutThroughFate","Turbo+1","Flash of Steel","Pummel"],"picked":"SKIP","floor":18},{"not_picked":["Malaise","Crescendo","Anger","WheelKick"],"picked":"SKIP","floor":18},{"not_picked":["Reprogram","Fusion+1","Blur","Leg Sweep"],"picked":"SKIP","floor":24},{"not_picked":["Prepared+1","Dagger Throw","Bloodletting"],"picked":"Finesse+1","floor":25},{"not_picked":["PathToVictory+1","Flex","Prepared+1"],"picked":"Double Energy","floor":28},{"not_picked":["Streamline","Compile Driver","Wild Strike"],"picked":"Crescendo+1","floor":30},{"not_picked":["TalkToTheHand","Quick Slash","True Grit"],"picked":"Seeing Red","floor":31},{"not_picked":["Clothesline","Blizzard+1","CrushJoints","Expertise"],"picked":"SKIP","floor":31},{"not_picked":["Violence","Impervious","Grand Finale"],"picked":"Berserk+1","floor":33},{"not_picked":["Blood for Blood","Crescendo","Consecrate+1","Sucker Punch+1"],"picked":"Bouncing Flask+1","floor":35},{"not_picked":["Protect","Heavy Blade","hubris:DoWhile","Wild Strike+1","Reflex+1"],"picked":"SKIP","floor":35},{"not_picked":["Worship+1","Riddle With Holes","Chaos+1","hubris:Ssssneak"],"picked":"conspire:Banana+1","floor":38},{"not_picked":["Dagger Throw","Sucker Punch+1","Steam","Flex+1","hubris:Insight"],"picked":"SKIP","floor":38},{"not_picked":["ClearTheMind+1","Backflip","BowlingBash+1","Bludgeon","Dark Shackles"],"picked":"SKIP","floor":40},{"not_picked":["Sucker Punch","Thunderclap","Reckless Charge+1","Turbo","Blood for Blood"],"picked":"SKIP","floor":42},{"not_picked":["EmptyFist+1","Fasting2+1","Reprogram+1","Swivel+1"],"picked":"Entrench","floor":48},{"not_picked":["Warcry","Go for the Eyes","Predator+1","DeusExMachina"],"picked":"Finesse","floor":48},{"not_picked":["SignatureMove","Tactician+1","Armaments","ClearTheMind+1"],"picked":"Entrench","floor":54}],"player_experience":442250,"relics_obtained":[{"floor":6,"key":"Charon\u0027s Ashes"},{"floor":8,"key":"Frozen Egg 2"},{"floor":9,"key":"Centennial Puzzle"},{"floor":12,"key":"Oddly Smooth Stone"},{"floor":20,"key":"Bronze Scales"},{"floor":20,"key":"InkBottle"},{"floor":24,"key":"hubris:Reverence"},{"floor":25,"key":"hubris:MedicalManual"},{"floor":26,"key":"hubris:BottledRain"},{"floor":28,"key":"PreservedInsect"},{"floor":30,"key":"Anchor"},{"floor":40,"key":"Art of War"},{"floor":42,"key":"Old Coin"},{"floor":43,"key":"Shuriken"},{"floor":45,"key":"reliquary:BoilingFlask"},{"floor":54,"key":"reliquary:PrincelyHelmet"}],"event_choices":[{"cards_removed":["Strike_R"],"damage_healed":0,"gold_gain":0,"player_choice":"Card Removal","damage_taken":0,"max_hp_gain":0,"max_hp_loss":0,"event_name":"The Cleric","floor":14,"gold_loss":50},{"damage_healed":0,"gold_gain":0,"player_choice":"Inject Mutagens","damage_taken":0,"relics_obtained":["MutagenicStrength"],"max_hp_gain":0,"max_hp_loss":0,"event_name":"Drug Dealer","floor":19,"gold_loss":0},{"damage_healed":0,"gold_gain":0,"player_choice":"Ignored","damage_taken":0,"max_hp_gain":0,"max_hp_loss":0,"event_name":"Cursed Tome","floor":22,"gold_loss":0},{"cards_removed":["Strike_R"],"damage_healed":0,"gold_gain":0,"player_choice":"Upgrade and Remove","damage_taken":0,"max_hp_gain":0,"max_hp_loss":0,"event_name":"Designer","floor":39,"gold_loss":90,"cards_upgraded":["Caltrops"]}],"is_beta":false,"boss_relics":[{"not_picked":["aspiration:RunicSpoon","energizedSpire:DeadBattery"],"picked":"conspire:SpecialSausage"},{"not_picked":["energizedSpire:SpiderWeb","Velvet Choker"],"picked":"aspiration:SilentSkillbook"}],"items_purged_floors":[36,53,53],"is_endless":false,"potions_floor_spawned":[1,4,8,11,30,31,33,35,48],"ascension_level":10}}