{"host":"eutfwpehtd75iaf6","time":1613753422,"event":{"mods":["BaseMod","Colored Map","Marisa????????","Minty Spire (QoL Compilation)","Remilia??????","StSLib","The Senshi","The Servant 0.9.4"],"gold_per_floor":[112,122,137,150,161,187,187,222,222,233,249,140,140,140,140,242,242,257,172,122,134,144,144,144],"floor_reached":23,"language":"ENG","playtime":2144,"items_purged":["Strike_S"],"score":205,"play_id":"ae04b314-f7ca-47f8-9865-e3e5acead8b8","local_time":"20210219115022","is_ascension_mode":false,"campfire_choices":[{"floor":7,"key":"REST"},{"data":"PendulumOfEternity","floor":15,"key":"SMITH"}],"circlet_count":0,"master_deck":["Strike_S","Strike_S","Defend_S","Defend_S","Defend_S","Defend_S","KidneyShot","Exchange","Starlight","Defy","ShatteredReality","RealityMarble","Solidify","PendulumOfEternity+1","Alleviate","Ricochet","Snipe","MurderousAura","Contraction","InstantArmor+1","Rearm"],"relics":["Uniform","Bronze Scales","Lantern","HornCleat","MysterySword","MealTicket"],"acts_visited":["Exordium","TheCity"],"potions_floor_usage":[6,10,16,16],"damage_taken":[{"damage":0,"enemies":"Cultist","floor":1,"turns":4},{"damage":1,"enemies":"2 Louse","floor":2,"turns":3},{"damage":0,"enemies":"Small Slimes","floor":3,"turns":3},{"damage":4,"enemies":"Red Slaver","floor":4,"turns":3},{"damage":8,"enemies":"3 Louse","floor":5,"turns":4},{"damage":13,"enemies":"3 Sentries","floor":6,"turns":7},{"damage":5,"enemies":"Lagavulin","floor":8,"turns":7},{"damage":2,"enemies":"Exordium Thugs","floor":10,"turns":4},{"damage":10,"enemies":"Looter","floor":11,"turns":3},{"damage":34,"enemies":"The Guardian","floor":16,"turns":12},{"damage":0,"enemies":"Spheric Guardian","floor":18,"turns":4},{"damage":0,"enemies":"3 Byrds","floor":21,"turns":3},{"damage":49,"enemies":"Centurion and Healer","floor":22,"turns":8},{"damage":54,"enemies":"Slavers","floor":23,"turns":3}],"seed_played":"-8026008234815302286","potions_obtained":[{"floor":0,"key":"FairyPotion"},{"floor":0,"key":"BlessingOfTheForge"},{"floor":0,"key":"ColorlessPotion"},{"floor":1,"key":"Fire Potion"},{"floor":6,"key":"Weak Potion"},{"floor":8,"key":"Strength Potion"},{"floor":11,"key":"Fruit Juice"}],"is_trial":false,"path_per_floor":["M","M","M","M","M","E","R","E","T","M","M","$","?","$","R","B",null,"M","?","?","M","M","E"],"character_chosen":"THE_SERVANT","items_purchased":["Snipe"],"campfire_rested":1,"item_purchase_floors":[12],"current_hp_per_floor":[65,64,64,60,52,39,58,53,53,51,41,41,41,41,41,12,70,70,70,70,70,21,0,0],"gold":144,"neow_bonus":"THREE_SMALL_POTIONS","is_daily":false,"chose_seed":false,"campfire_upgraded":1,"win_rate":0.0,"timestamp":1613753422,"path_taken":["M","M","M","M","M","E","R","E","T","M","?","$","?","?","R","BOSS","M","?","?","M","M","E"],"items_purchased_type":["Card"],"build_version":"2020-12-22","purchased_purges":1,"victory":false,"max_hp_per_floor":[65,65,65,65,65,65,65,65,65,65,65,65,65,65,65,70,70,70,70,70,70,70,70,70],"card_choices":[{"not_picked":["Collapse","BestPractice"],"picked":"Starlight","floor":1},{"not_picked":["Spin","DoubleEdge","MoonPhase"],"picked":"SKIP","floor":2},{"not_picked":["Rearm","Rewind"],"picked":"Defy","floor":3},{"not_picked":["Replace","Spin"],"picked":"ShatteredReality","floor":4},{"not_picked":["Replace","Rewind"],"picked":"RealityMarble","floor":5},{"not_picked":["ShatteredReality","Replace"],"picked":"Solidify","floor":6},{"not_picked":["Starlight","Replace"],"picked":"PendulumOfEternity","floor":8},{"not_picked":["Unruled","BottledTime"],"picked":"Alleviate","floor":10},{"not_picked":["Spin","FastForward"],"picked":"Ricochet","floor":11},{"not_picked":["Initiator","Solidify"],"picked":"MurderousAura","floor":16},{"not_picked":["Sabotage","Spin"],"picked":"Contraction","floor":18},{"not_picked":["ShiftingGears","TimeWarp"],"picked":"InstantArmor+1","floor":21},{"not_picked":["Luminosity+1","Rewind"],"picked":"Rearm","floor":22}],"player_experience":129210,"relics_obtained":[{"floor":6,"key":"Bronze Scales"},{"floor":8,"key":"Lantern"},{"floor":9,"key":"HornCleat"}],"event_choices":[{"cards_removed":["Strike_S"],"damage_healed":0,"gold_gain":0,"player_choice":"Purged","damage_taken":0,"max_hp_gain":0,"max_hp_loss":0,"event_name":"Purifier","floor":13,"gold_loss":0},{"damage_healed":0,"gold_gain":0,"player_choice":"Obtained Relic","damage_taken":0,"relics_obtained":["MealTicket"],"max_hp_gain":0,"max_hp_loss":0,"event_name":"Addict","floor":19,"gold_loss":85},{"damage_healed":0,"gold_gain":0,"player_choice":"Bet on Murderer","damage_taken":0,"max_hp_gain":0,"max_hp_loss":0,"event_name":"The Joust","floor":20,"gold_loss":50}],"is_beta":false,"boss_relics":[{"not_picked":["Snecko Eye","Runic Dome"],"picked":"MysterySword"}],"items_purged_floors":[12],"is_endless":false,"potions_floor_spawned":[1,5,6,8,11],"killed_by":"Slavers","ascension_level":0}}