{"host":"sccdx89hs6cnwb1o","time":1613742070,"event":{"mods":["AchievementEnabler","BaseMod","Block Reminder","Colored Powertips","Highlight Path","Minty Spire (QoL Compilation)","Rare Cards Sparkle"],"gold_per_floor":[112,124,124,140,103,133,133,152,176,176,190,210,113,138,138,258,258,273,273,152,152,152,191,191,191,191,206,226,252,252,167,167,297,297,316,334,347,680,680,680,694,694,720,732,751,751,751,764,764,764,764],"floor_reached":50,"language":"DEU","playtime":3182,"items_purged":["Injury"],"score":539,"play_id":"23b16a91-ea44-4ad0-88e3-f797e57c062c","local_time":"20210219144110","is_ascension_mode":false,"campfire_choices":[{"floor":7,"key":"REST"},{"floor":15,"key":"REST"},{"floor":24,"key":"REST"},{"floor":30,"key":"REST"},{"floor":32,"key":"RECALL"},{"floor":40,"key":"REST"},{"floor":42,"key":"REST"},{"data":"Defragment","floor":47,"key":"SMITH"},{"data":"Loop","floor":49,"key":"SMITH"}],"circlet_count":0,"master_deck":["Strike_B","Strike_B","Strike_B","Strike_B","Defend_B","Defend_B","Defend_B","Defend_B","Zap","Dualcast","Go for the Eyes","Genetic Algorithm","Ball Lightning","Loop","Self Repair","Lockon","Loop+1","Defragment+1","Leap","Electrodynamics","CurseOfTheBell","Storm","Conserve Battery","Cold Snap","Conserve Battery+1","Cold Snap+1","Coolheaded","Panacea","Echo Form+1","Stack+1","Go for the Eyes+1","Force Field","Redo+1","Redo+1","Doubt","Reinforced Body+1"],"relics":["Cracked Core","NeowsBlessing","MealTicket","Bronze Scales","Calling Bell","Strawberry","Darkstone Periapt","FossilizedHelix","Enchiridion","White Beast Statue","Frozen Egg 2","Molten Egg 2","Ancient Tea Set","SlaversCollar","Potion Belt"],"acts_visited":["Exordium","TheCity","TheBeyond"],"potions_floor_usage":[16,33,36,45,45,50,50,50],"damage_taken":[{"damage":0,"enemies":"2 Louse","floor":1,"turns":1},{"damage":0,"enemies":"Jaw Worm","floor":2,"turns":1},{"damage":0,"enemies":"Cultist","floor":4,"turns":1},{"damage":56,"enemies":"3 Sentries","floor":6,"turns":8},{"damage":5,"enemies":"Exordium Wildlife","floor":8,"turns":4},{"damage":5,"enemies":"Blue Slaver","floor":11,"turns":2},{"damage":19,"enemies":"3 Louse","floor":12,"turns":3},{"damage":20,"enemies":"Gremlin Gang","floor":14,"turns":4},{"damage":20,"enemies":"The Guardian","floor":16,"turns":9},{"damage":6,"enemies":"Shell Parasite","floor":18,"turns":6},{"damage":30,"enemies":"Slavers","floor":23,"turns":3},{"damage":19,"enemies":"2 Thieves","floor":27,"turns":4},{"damage":5,"enemies":"Cultist and Chosen","floor":28,"turns":4},{"damage":63,"enemies":"Collector","floor":33,"turns":9},{"damage":0,"enemies":"3 Shapes","floor":35,"turns":5},{"damage":30,"enemies":"3 Darklings","floor":36,"turns":5},{"damage":25,"enemies":"Spire Growth","floor":37,"turns":7},{"damage":46,"enemies":"Writhing Mass","floor":41,"turns":6},{"damage":52,"enemies":"Transient","floor":44,"turns":5},{"damage":33,"enemies":"Maw","floor":45,"turns":10},{"damage":19,"enemies":"3 Darklings","floor":48,"turns":5},{"damage":72,"enemies":"Time Eater","floor":50,"turns":10}],"seed_played":"6233505315287596898","potions_obtained":[{"floor":4,"key":"Swift Potion"},{"floor":6,"key":"DistilledChaos"},{"floor":11,"key":"Dexterity Potion"},{"floor":16,"key":"SpeedPotion"},{"floor":23,"key":"AttackPotion"},{"floor":27,"key":"FairyPotion"},{"floor":33,"key":"FearPotion"},{"floor":35,"key":"Block Potion"},{"floor":36,"key":"Regen Potion"},{"floor":44,"key":"Energy Potion"},{"floor":45,"key":"FearPotion"},{"floor":48,"key":"AttackPotion"}],"is_trial":false,"path_per_floor":["M","M","?","M","$","E","R","M","T","?","M","M","$","M","R","B",null,"M","?","$","?","?","E","R","?","T","M","M","T","R","$","R","B",null,"M","M","M","?","?","R","M","R","T","M","M","?","R","M","R","B"],"character_chosen":"DEFECT","items_purchased":["Loop","Defragment","Leap","Cold Snap","Panacea"],"campfire_rested":6,"item_purchase_floors":[5,13,13,20,31],"current_hp_per_floor":[75,75,68,68,75,19,41,36,36,36,31,19,34,21,43,30,82,82,82,82,66,72,42,68,68,68,49,51,51,77,88,88,32,88,88,65,47,47,47,72,33,58,58,6,25,90,90,71,71,0,0],"gold":764,"neow_bonus":"THREE_ENEMY_KILL","is_daily":false,"chose_seed":false,"campfire_upgraded":2,"win_rate":0.0,"timestamp":1613742070,"path_taken":["M","M","?","M","$","E","R","M","T","?","M","M","$","M","R","BOSS","M","?","$","?","?","E","R","?","T","M","?","?","R","?","R","BOSS","M","M","M","?","?","R","M","R","T","M","M","?","R","M","R","BOSS"],"items_purchased_type":["Card","Card","Card","Card","Card"],"build_version":"2020-12-22","purchased_purges":1,"victory":false,"max_hp_per_floor":[75,75,75,75,75,75,75,75,75,75,75,75,75,75,75,75,82,82,82,82,82,88,88,88,88,88,88,88,88,88,88,88,88,88,88,88,88,88,84,84,84,84,84,84,84,90,90,90,90,90,90],"card_choices":[{"not_picked":["Tempest","Compile Driver"],"picked":"Go for the Eyes","floor":1},{"not_picked":["Skim","Barrage"],"picked":"Genetic Algorithm","floor":2},{"not_picked":["Lockon","Turbo"],"picked":"Ball Lightning","floor":4},{"not_picked":["Sweeping Beam","Doom and Gloom","Streamline"],"picked":"SKIP","floor":6},{"not_picked":["Barrage","Beam Cell"],"picked":"Self Repair","floor":8},{"not_picked":["Rebound","Rip and Tear"],"picked":"Lockon","floor":11},{"not_picked":["Self Repair","Hologram"],"picked":"Loop","floor":12},{"not_picked":["Rebound","Turbo","Consume"],"picked":"SKIP","floor":14},{"not_picked":["Reboot","Amplify"],"picked":"Electrodynamics","floor":16},{"not_picked":["Leap","Gash+1"],"picked":"Storm","floor":18},{"not_picked":["Beam Cell","Steam Power"],"picked":"Conserve Battery+1","floor":23},{"not_picked":["Streamline+1","Rebound+1"],"picked":"Cold Snap+1","floor":27},{"not_picked":["Glacier","Chaos"],"picked":"Coolheaded","floor":28},{"not_picked":["Biased Cognition+1","Machine Learning+1"],"picked":"Echo Form+1","floor":33},{"not_picked":["Lockon+1","BootSequence"],"picked":"Stack+1","floor":35},{"not_picked":["Steam","Hello World+1","Rebound+1"],"picked":"SKIP","floor":36},{"not_picked":["Turbo","Stack"],"picked":"Go for the Eyes+1","floor":37},{"not_picked":["Streamline+1","Beam Cell+1"],"picked":"Force Field","floor":41},{"not_picked":["Streamline+1","Leap"],"picked":"Redo+1","floor":44},{"not_picked":["Doom and Gloom+1","Turbo+1"],"picked":"Redo+1","floor":45},{"not_picked":["Leap","Tempest"],"picked":"Reinforced Body+1","floor":48}],"player_experience":75741,"relics_obtained":[{"floor":6,"key":"Bronze Scales"},{"floor":17,"key":"Strawberry"},{"floor":17,"key":"Darkstone Periapt"},{"floor":17,"key":"FossilizedHelix"},{"floor":21,"key":"Enchiridion"},{"floor":23,"key":"Frozen Egg 2"},{"floor":26,"key":"Molten Egg 2"},{"floor":29,"key":"Ancient Tea Set"},{"floor":43,"key":"Potion Belt"}],"event_choices":[{"damage_healed":0,"gold_gain":0,"player_choice":"Success","damage_taken":7,"relics_obtained":["MealTicket"],"max_hp_gain":0,"max_hp_loss":0,"event_name":"Scrap Ooze","floor":3,"gold_loss":0},{"damage_healed":0,"gold_gain":0,"player_choice":"Take Wound","damage_taken":0,"relics_obtained":["Golden Idol"],"max_hp_gain":0,"max_hp_loss":0,"event_name":"Golden Idol","floor":10,"gold_loss":0,"cards_obtained":["Injury"]},{"damage_healed":0,"gold_gain":0,"player_choice":"Read","damage_taken":0,"max_hp_gain":0,"max_hp_loss":0,"event_name":"The Library","floor":19,"gold_loss":0,"cards_obtained":["Conserve Battery"]},{"damage_healed":0,"gold_gain":0,"player_choice":"Obtained Book","damage_taken":16,"max_hp_gain":0,"max_hp_loss":0,"event_name":"Cursed Tome","floor":21,"gold_loss":0},{"damage_healed":0,"gold_gain":0,"player_choice":"Opened","damage_taken":0,"relics_obtained":["White Beast Statue"],"max_hp_gain":0,"max_hp_loss":0,"event_name":"The Mausoleum","floor":22,"gold_loss":0,"cards_obtained":["Writhe"]},{"cards_removed":["Writhe"],"damage_healed":0,"gold_gain":0,"player_choice":"Purged","damage_taken":0,"max_hp_gain":0,"max_hp_loss":0,"event_name":"Purifier","floor":25,"gold_loss":0},{"damage_healed":0,"gold_gain":333,"player_choice":"Gave Idol","damage_taken":0,"max_hp_gain":0,"max_hp_loss":0,"event_name":"The Moai Head","floor":38,"relics_lost":["Golden Idol"],"gold_loss":0},{"damage_healed":0,"gold_gain":0,"player_choice":"Max HP","damage_taken":0,"max_hp_gain":0,"max_hp_loss":4,"event_name":"Winding Halls","floor":39,"gold_loss":0},{"damage_healed":59,"gold_gain":0,"player_choice":"Heal","damage_taken":0,"max_hp_gain":0,"max_hp_loss":0,"event_name":"MindBloom","floor":46,"gold_loss":0,"cards_obtained":["Doubt"]}],"is_beta":false,"boss_relics":[{"not_picked":["Philosopher\u0027s Stone","Ectoplasm"],"picked":"Calling Bell"},{"not_picked":["Fusion Hammer","Tiny House"],"picked":"SlaversCollar"}],"items_purged_floors":[20],"is_endless":false,"potions_floor_spawned":[4,6,11,12,16,23,27,28,33,35,36,37,41,44,45,48],"killed_by":"Time Eater","ascension_level":0}}