{"host":"ox77rn1xcurm2t5a","time":1613767192,"event":{"mods":["2.2 Compatiblity","AchievementEnabler","Act Like it!","Aspiration","BaseMod","Best Route Mod","Better Match","Better Note","Better Sensory Stone","Block Reminder","Colored Map","Colored Powertips","Conjunction","Conspire","Custom Start","Energized Spire","GifTheSpireLib","Gold Saver","Gremlin Skip","Halation","Highlight Path","Hubris","Infinite Spire","Minty Spire (QoL Compilation)","Pale of the Ancients","Quick Restart","Reliquary","Replay The Spire","Reworked Bosses","ShortenTheSpire","Spire Exporter","StSLib","Stuff the Spire","Wandering Minibosses"],"gold_per_floor":[117,3061,3061,2657,2667,2702,2702,2702,2702,2257,2275,2275,2286,2306,2306,2402,2402,2418,1853,1863,1877,1877,2013,2013,2145,2145,2145,2287,2287,2287,2306,2306,2414,2414,2438,2448,2057,2057,2057,2165,2178,2298,2298,2320,2426,2426,2426,2528,2528,2558,2558],"floor_reached":50,"language":"ENG","playtime":1291,"items_purged":["Defend_R"],"score":1042,"play_id":"475885c4-b394-4563-bad7-eb0da5febca3","local_time":"20210219223952","is_ascension_mode":true,"campfire_choices":[{"floor":7.0,"key":"RECALL"},{"data":"Seeing Red","floor":12.0,"key":"SMITH"},{"data":"Bash","floor":15.0,"key":"SMITH"},{"data":"infinitespire:FinalStrike","floor":27.0,"key":"SMITH"},{"data":"Berserk","floor":30.0,"key":"SMITH"},{"data":"Violence","floor":32.0,"key":"SMITH"},{"floor":49.0,"key":"REST"}],"circlet_count":0,"master_deck":["Strike_R","Strike_R","Strike_R","Strike_R","Strike_R","Defend_R","Defend_R","Bash+1","Rage+1","Violence+1","Spot Weakness+1","Thunderclap","Perfected Strike","Seeing Red+1","Clash","Berserk+1","Headbutt","Anger+1","infinitespire:FinalStrike+1","Pommel Strike","Limit Break","Armaments+1","Spot Weakness+1","Heavy Blade+1","Rage+1","Battle Trance+1","Sword Boomerang+1"],"relics":["Burning Blood","NeowsBlessing","Shuriken","Orrery","Art of War","Paper Frog","conspire:InfiniteJournal","conspire:Boomerang","StuffTheSpire:TintedRock","StuffTheSpire:RunicConfusion","Eternal Feather","ClockworkSouvenir","StuffTheSpire:GrapeVine","Shovel","Happy Flower","halation:BlackBeret","infinitespire:Midas Blood","Boot","StuffTheSpire:Rhapsscallions","Mirror","OrangePellets","hubris:Metronome","reliquary:PurpleTingedLeaf","hubris:TenFootPole","reliquary:NewFriend","Replay:Towering Pillar of Hats","FossilizedHelix","reliquary:Aerogel"],"acts_visited":["Exordium","TheCity","TheBeyond"],"potions_floor_usage":[50],"damage_taken":[{"damage":0.0,"enemies":"Cultist","floor":1.0,"turns":1.0},{"damage":0.0,"enemies":"Small Slimes","floor":5.0,"turns":1.0},{"damage":0.0,"enemies":"3 Sentries","floor":6.0,"turns":2.0},{"damage":2.0,"enemies":"2 Louse","floor":11.0,"turns":2.0},{"damage":7.0,"enemies":"Large Slime","floor":13.0,"turns":4.0},{"damage":8.0,"enemies":"Blue Slaver","floor":14.0,"turns":2.0},{"damage":38.0,"enemies":"Slime Boss","floor":16.0,"turns":6.0},{"damage":2.0,"enemies":"3 Byrds","floor":18.0,"turns":4.0},{"damage":17.0,"enemies":"2 Thieves","floor":20.0,"turns":3.0},{"damage":0.0,"enemies":"Chosen and Byrds","floor":21.0,"turns":3.0},{"damage":8.0,"enemies":"Book of Stabbing","floor":23.0,"turns":3.0},{"damage":34.0,"enemies":"Slavers","floor":25.0,"turns":3.0},{"damage":10.0,"enemies":"Book of Stabbing","floor":28.0,"turns":3.0},{"damage":0.0,"enemies":"Shelled Parasite and Fungi","floor":31.0,"turns":3.0},{"damage":20.0,"enemies":"bossMod:newChamp","floor":33.0,"turns":5.0},{"damage":28.0,"enemies":"3 Shapes","floor":35.0,"turns":3.0},{"damage":0.0,"enemies":"Orb Walker","floor":36.0,"turns":2.0},{"damage":41.0,"enemies":"R_Hoarder","floor":40.0,"turns":5.0},{"damage":0.0,"enemies":"Transient","floor":41.0,"turns":5.0},{"damage":0.0,"enemies":"Nemesis","floor":42.0,"turns":1.0},{"damage":12.0,"enemies":"Sphere and 2 Shapes","floor":44.0,"turns":3.0},{"damage":21.0,"enemies":"Reptomancer","floor":45.0,"turns":4.0},{"damage":13.0,"enemies":"Giant Head","floor":48.0,"turns":5.0},{"damage":72,"enemies":"infinitespire:MassOfShapes","floor":50,"turns":4}],"seed_played":"2361253812608448001","potions_obtained":[{"floor":1.0,"key":"SteroidPotion"},{"floor":5.0,"key":"Death Potion"},{"floor":13.0,"key":"Ancient Potion"},{"floor":16.0,"key":"Strength Potion"},{"floor":18.0,"key":"SkillPotion"},{"floor":31.0,"key":"ElixirPotion"},{"floor":33.0,"key":"Ancient Potion"},{"floor":36.0,"key":"SkillPotion"},{"floor":41.0,"key":"SkillPotion"},{"floor":42.0,"key":"GamblersBrew"},{"floor":48.0,"key":"BlessingOfTheForge"}],"is_trial":false,"path_per_floor":["M","$","?","$","M","E","R","?","T","$","M","R","M","M","R","B",null,"M","$","M","M","?","E","AVR","E","T","R","E","?","R","M","R","B",null,"M","M","$","?","AVR","E","M","E","T","M","E","?","T","E","R","B"],"character_chosen":"IRONCLAD","items_purchased":["Rage+1","Violence","Shuriken","Orrery","Art of War","Strength Potion","Languid Potion","Paper Frog","Fruit Juice","Perfected Strike","conspire:Boomerang","StuffTheSpire:TintedRock","Eternal Feather","ClockworkSouvenir","StuffTheSpire:GrapeVine","Mirror","OrangePellets"],"campfire_rested":1,"item_purchase_floors":[2,2,2,2,2,2,2,4,4,4,10,10,19,19,19,37,37],"current_hp_per_floor":[78,78,78,83,85,85,85,85,85,85,85,85,84,82,82,50,76,80,80,69,75,69,67,67,39,39,51,47,50,59,65,77,63,82,60,66,66,66,66,40,48,55,55,50,37,37,37,31,72,0,0],"gold":2558,"neow_bonus":"THREE_ENEMY_KILL","is_daily":false,"chose_seed":false,"campfire_upgraded":5,"win_rate":0.0,"timestamp":1613767192,"path_taken":["M","?","?","$","M","E","R","?","T","$","M","R","M","M","R","BOSS","M","$","M","M","?","E","AVR","E","T","R","E","?","R","M","R","BOSS","M","M","$","?","AVR","E","M","E","T","M","E","?","?","E","R","BOSS"],"items_purchased_type":["Card","Card","Relic","Relic","Relic","Potion","Potion","Relic","Potion","Card","Relic","Relic","Relic","Relic","Relic","Relic","Relic"],"build_version":"2020-12-22","purchased_purges":1,"victory":false,"max_hp_per_floor":[80,80,80,85,85,85,85,85,85,85,85,85,85,85,85,85,85,85,85,85,85,85,85,85,85,85,85,85,88,88,88,88,88,88,88,88,88,88,88,88,88,88,88,88,88,88,88,88,88,88,88],"card_choices":[{"not_picked":["StuffTheSpire:RockThrow","True Grit","hubris:CleavingFinish"],"picked":"SKIP","floor":1.0},{"not_picked":["Warcry","Abandon"],"picked":"Spot Weakness","floor":2.0},{"not_picked":["Wild Strike","Eclipse"],"picked":"Thunderclap","floor":2.0},{"not_picked":["ReplayTheSpireMod:Stacked","ReplayTheSpireMod:Strike From Hell","StuffTheSpire:RockThrow"],"picked":"SKIP","floor":5.0},{"not_picked":["Dark Embrace","StuffTheSpire:BloodClot"],"picked":"Seeing Red","floor":6.0},{"not_picked":["Sword Boomerang","StuffTheSpire:Resist"],"picked":"Clash","floor":11.0},{"not_picked":["Carnage","Dual Wield","Havoc"],"picked":"SKIP","floor":13.0},{"not_picked":["hubris:ReadiedAction","StuffTheSpire:RagingBull","Power Through"],"picked":"SKIP","floor":14.0},{"not_picked":["Demonic Infusion","Feed"],"picked":"Berserk","floor":16.0},{"not_picked":["Entrench","Dual Wield","Iron Wave"],"picked":"SKIP","floor":18.0},{"not_picked":["Seeing Red","Uppercut"],"picked":"Headbutt","floor":20.0},{"not_picked":["Replay:Undeath\u0027s Touch+1","Cleave"],"picked":"Anger+1","floor":21.0},{"not_picked":["True Grit+1","Body Slam+1","Havoc"],"picked":"SKIP","floor":23.0},{"not_picked":["Bloodletting","Iron Wave","Burning Pact"],"picked":"SKIP","floor":25.0},{"not_picked":["Reckless Charge","Abandon","Run Through"],"picked":"SKIP","floor":28.0},{"not_picked":["StuffTheSpire:Slingshot","Defy Death"],"picked":"Pommel Strike","floor":31.0},{"not_picked":["StuffTheSpire:TitanForm","Fiend Fire"],"picked":"Limit Break","floor":33.0},{"not_picked":["Blood for Blood+1","Headbutt"],"picked":"Armaments+1","floor":35.0},{"not_picked":["Run Through","Seeing Red+1","StuffTheSpire:Slingshot+1"],"picked":"SKIP","floor":36.0},{"not_picked":["True Grit+1","Body Slam+1"],"picked":"Spot Weakness+1","floor":40.0},{"not_picked":["hubris:SharpeningStone","Spot Weakness"],"picked":"Heavy Blade+1","floor":41.0},{"not_picked":["Cleave","Body Slam"],"picked":"Rage+1","floor":42.0},{"not_picked":["Headbutt","Thunderclap"],"picked":"Battle Trance+1","floor":44.0},{"not_picked":["Bloodletting+1","Headbutt","Armaments"],"picked":"SKIP","floor":45.0},{"not_picked":["StuffTheSpire:TitanForm","ReplayTheSpireMod:Stacked+1"],"picked":"Sword Boomerang+1","floor":48.0}],"player_experience":3157933,"relics_obtained":[{"floor":6.0,"key":"conspire:InfiniteJournal"},{"floor":23.0,"key":"Shovel"},{"floor":25.0,"key":"halation:BlackBeret"},{"floor":26.0,"key":"infinitespire:Midas Blood"},{"floor":28.0,"key":"Boot"},{"floor":29.0,"key":"StuffTheSpire:Rhapsscallions"},{"floor":40.0,"key":"reliquary:PurpleTingedLeaf"},{"floor":42.0,"key":"hubris:TenFootPole"},{"floor":43.0,"key":"reliquary:NewFriend"},{"floor":45.0,"key":"Replay:Towering Pillar of Hats"},{"floor":47.0,"key":"FossilizedHelix"},{"floor":48.0,"key":"reliquary:Aerogel"}],"event_choices":[{"damage_healed":0.0,"max_hp_gain":0.0,"max_hp_loss":0.0,"gold_gain":0.0,"event_name":"Knowing Skull","player_choice":"","floor":22.0,"potions_obtained":[],"gold_loss":0.0,"damage_taken":6.0,"cards_obtained":[]},{"damage_healed":0.0,"max_hp_gain":0.0,"max_hp_loss":0.0,"gold_gain":0.0,"event_name":"Wheel of Change","player_choice":"Relic","floor":29.0,"gold_loss":0.0,"damage_taken":0.0},{"damage_healed":0.0,"max_hp_gain":0.0,"max_hp_loss":0.0,"gold_gain":0.0,"event_name":"conspire:Investor","player_choice":"Leave","floor":46.0,"gold_loss":0.0,"damage_taken":0.0}],"is_beta":false,"boss_relics":[{"not_picked":["energizedSpire:SpiderWeb","halation:Prosthetics"],"picked":"StuffTheSpire:RunicConfusion"},{"not_picked":["energizedSpire:StickyHand","energizedSpire:EnergizedDie","Electric Blood"]}],"items_purged_floors":[2],"is_endless":false,"potions_floor_spawned":[1,5,13,16,18,31,33,36,41,42,48],"killed_by":"infinitespire:MassOfShapes","ascension_level":8}}