{"host":"ow66nzv2xecjoor3","time":1613696948,"event":{"mods":["BaseMod","Bestiary","Block Reminder","Colored Powertips","Curses Come First","Highlight Path","Keyboard Shortcuts","Minty Spire (QoL Compilation)","Permanent Neow","Relic Stats","StSLib","UnlockEverythingMod"],"gold_per_floor":[113,113,130,143,162,187,202,213,213,213,232,247,85,95,95,172,172,182,182,193,211,156,187,203,203,203],"floor_reached":25,"language":"ENG","playtime":1141,"items_purged":["Strike_P"],"score":462,"play_id":"8fe9f3dc-f2dc-4cce-891f-f71bb441d828","local_time":"20210218190908","is_ascension_mode":true,"campfire_choices":[{"floor":10,"key":"REST"},{"data":"CrushJoints","floor":15,"key":"SMITH"}],"circlet_count":0,"master_deck":["AscendersBane","Defend_P+1","Defend_P+1","Eruption","Vigilance","Worship","Sanctity","Conclude","Tantrum","CrushJoints+1","CarveReality","DeceiveReality","Wireheading","Scrawl","Halt","Establishment","ThirdEye+1","Wireheading+1","WindmillStrike+1","CutThroughFate+1","Fasting2","ForeignInfluence","ClearTheMind","ReachHeaven","Prostrate","JustLucky","Wireheading"],"relics":["SlaversCollar","Centennial Puzzle","Gremlin Horn","Astrolabe","Bird Faced Urn"],"acts_visited":["Exordium","TheCity"],"potions_floor_usage":[14,16,18,20,23,23],"damage_taken":[{"damage":2.0,"enemies":"Small Slimes","floor":1.0,"turns":6.0},{"damage":0.0,"enemies":"Cultist","floor":3.0,"turns":3.0},{"damage":24.0,"enemies":"Jaw Worm","floor":4.0,"turns":7.0},{"damage":0.0,"enemies":"3 Louse","floor":5.0,"turns":2.0},{"damage":7.0,"enemies":"3 Sentries","floor":6.0,"turns":2.0},{"damage":0,"enemies":"Large Slime","floor":7,"turns":5},{"damage":0,"enemies":"2 Fungi Beasts","floor":8,"turns":2},{"damage":2,"enemies":"3 Louse","floor":11,"turns":3},{"damage":0,"enemies":"Large Slime","floor":12,"turns":3},{"damage":0,"enemies":"Blue Slaver","floor":14,"turns":2},{"damage":14,"enemies":"Hexaghost","floor":16,"turns":7},{"damage":19,"enemies":"3 Byrds","floor":18,"turns":6},{"damage":0,"enemies":"Spheric Guardian","floor":20,"turns":3},{"damage":6,"enemies":"3 Cultists","floor":21,"turns":5},{"damage":2,"enemies":"Gremlin Leader","floor":23,"turns":5},{"damage":27,"enemies":"Snake Plant","floor":24,"turns":5},{"damage":8,"enemies":"Slavers","floor":25,"turns":1}],"seed_played":"-7163596627041734406","potions_obtained":[{"floor":5.0,"key":"SteroidPotion"},{"floor":8,"key":"Energy Potion"},{"floor":11,"key":"Ancient Potion"},{"floor":12,"key":"ColorlessPotion"},{"floor":14,"key":"ColorlessPotion"},{"floor":16,"key":"Ambrosia"},{"floor":18,"key":"Strength Potion"},{"floor":20,"key":"LiquidMemories"}],"is_trial":false,"path_per_floor":["M","?","M","M","M","E","M","M","T","R","M","M","$","M","R","B",null,"M","?","M","M","$","E","M","E"],"character_chosen":"WATCHER","items_purchased":["Scrawl","Prostrate"],"campfire_rested":1,"item_purchase_floors":[13,22],"current_hp_per_floor":[59,39,39,15,15,8,8,8,8,28,26,26,26,26,26,12,54,35,35,35,29,29,27,2,0,0],"gold":203,"neow_bonus":"BOSS_RELIC","is_daily":false,"chose_seed":false,"campfire_upgraded":1,"win_rate":0.0,"timestamp":1613696948,"path_taken":["M","?","M","M","M","E","M","M","T","R","M","M","$","M","R","BOSS","M","?","M","M","$","E","M","E"],"items_purchased_type":["Card","Card"],"build_version":"2020-12-22","purchased_purges":1,"victory":false,"max_hp_per_floor":[68,68,68,68,68,68,68,68,68,68,68,68,68,68,68,68,68,68,68,68,68,68,68,68,68,68],"relic_stats":{"Centennial Puzzle":[21],"Gremlin Horn":[11,11],"counters":[17,67],"Astrolabe":["ThirdEye","Wireheading","WindmillStrike"],"Bird Faced Urn":[8],"obtain_stats":[{"SlaversCollar":0,"Centennial Puzzle":6,"Gremlin Horn":9,"Astrolabe":17,"Bird Faced Urn":23,"PureWater":0},{"SlaversCollar":0,"Centennial Puzzle":5,"Gremlin Horn":7,"Astrolabe":11,"Bird Faced Urn":15,"PureWater":0},{"SlaversCollar":0,"Centennial Puzzle":20,"Gremlin Horn":27,"Astrolabe":42,"Bird Faced Urn":61,"PureWater":0}]},"card_choices":[{"not_picked":["EmptyBody","BowlingBash"],"picked":"Worship","floor":1.0},{"not_picked":["Pray","WreathOfFlame"],"picked":"Sanctity","floor":3.0},{"not_picked":["DeceiveReality","BowlingBash"],"picked":"Conclude","floor":4.0},{"not_picked":["SignatureMove","Pray"],"picked":"Tantrum","floor":5.0},{"not_picked":["FlyingSleeves","SashWhip"],"picked":"CrushJoints","floor":6.0},{"not_picked":["Protect","Indignation"],"picked":"CarveReality","floor":7},{"not_picked":["Weave","PathToVictory"],"picked":"DeceiveReality","floor":8},{"not_picked":["Indignation","Crescendo"],"picked":"Wireheading","floor":11},{"not_picked":["Consecrate","Collect","FlyingSleeves"],"picked":"SKIP","floor":12},{"not_picked":["Wireheading","MentalFortress"],"picked":"Halt","floor":14},{"not_picked":["Omniscience","ConjureBlade"],"picked":"Establishment","floor":16},{"not_picked":["Evaluate","Vengeance"],"picked":"CutThroughFate+1","floor":18},{"not_picked":["FollowUp","BowlingBash"],"picked":"ClearTheMind","floor":20},{"not_picked":["Vengeance","BowlingBash"],"picked":"ReachHeaven","floor":21},{"not_picked":["SignatureMove","CutThroughFate"],"picked":"JustLucky","floor":23},{"not_picked":["SashWhip","ForeignInfluence"],"picked":"Wireheading","floor":24}],"player_experience":2882874,"relics_obtained":[{"floor":6.0,"key":"Centennial Puzzle"},{"floor":9,"key":"Gremlin Horn"},{"floor":23,"key":"Bird Faced Urn"}],"event_choices":[{"damage_healed":0.0,"max_hp_gain":0.0,"max_hp_loss":0.0,"gold_gain":0.0,"event_name":"Shining Light","player_choice":"Entered Light","floor":2.0,"gold_loss":0.0,"damage_taken":20.0,"cards_upgraded":["Defend_P","Defend_P"]},{"damage_healed":0,"gold_gain":0,"cards_transformed":["Defend_P","Defend_P"],"player_choice":"Became Test Subject","damage_taken":0,"max_hp_gain":0,"max_hp_loss":0,"event_name":"Drug Dealer","floor":19,"gold_loss":0,"cards_obtained":["Fasting2","ForeignInfluence"]}],"is_beta":false,"boss_relics":[{"not_picked":["Ectoplasm","SacredBark"],"picked":"Astrolabe"}],"items_purged_floors":[13],"is_endless":false,"potions_floor_spawned":[5,8,11,12,14,16,18,20],"killed_by":"Slavers","ascension_level":20}}