{"host":"2qv44oxt58ptq59r","time":1613771084,"event":{"mods":["AchievementEnabler","BaseMod","Colored Powertips","Highlight Path","Minty Spire (QoL Compilation)","Permanent Neow","StSLib"],"gold_per_floor":[114,131,8,8,28,63,63,89,115,143,243,243,256,268,268,368,368,384,404,15,15,26,26,26,26,26,42,42,58,77,77,77,77,77],"floor_reached":33,"language":"ENG","playtime":7178,"items_purged":["Strike_R"],"score":401,"play_id":"7660bf3d-942a-4cb6-8c37-848d04809ebc","local_time":"20210219214444","is_ascension_mode":true,"campfire_choices":[{"data":"Uppercut","floor":7,"key":"SMITH"},{"floor":12,"key":"REST"},{"data":"Fire Breathing","floor":15,"key":"SMITH"},{"floor":23,"key":"REST"},{"floor":28,"key":"REST"},{"data":"Corruption","floor":32,"key":"SMITH"}],"circlet_count":0,"master_deck":["AscendersBane","Strike_R","Strike_R","Strike_R","Strike_R","Defend_R","Defend_R","Defend_R","Defend_R","Bash","Carnage","Shrug It Off","Uppercut+1","Fire Breathing+1","Flame Barrier","Headbutt","Inflame","Corruption+1","Intimidate+1","Headbutt+1","Shrug It Off","Shame","Metallicize","Heavy Blade+1","Heavy Blade","Thunderclap"],"relics":["Burning Blood","NeowsBlessing","Nunchaku","Bag of Marbles","PreservedInsect","Orichalcum","StrikeDummy","OrangePellets","Toy Ornithopter","Meat on the Bone","GremlinMask","Sundial"],"acts_visited":["Exordium","TheCity"],"potions_floor_usage":[6,8,16,19,22,33],"damage_taken":[{"damage":0,"enemies":"Jaw Worm","floor":1,"turns":1},{"damage":0,"enemies":"Cultist","floor":2,"turns":1},{"damage":0,"enemies":"Small Slimes","floor":5,"turns":2},{"damage":37,"enemies":"Gremlin Nob","floor":6,"turns":5},{"damage":17,"enemies":"Lagavulin","floor":8,"turns":5},{"damage":25,"enemies":"Gremlin Nob","floor":10,"turns":4},{"damage":0,"enemies":"2 Fungi Beasts","floor":13,"turns":3},{"damage":3,"enemies":"Looter","floor":14,"turns":3},{"damage":46,"enemies":"Hexaghost","floor":16,"turns":10},{"damage":42,"enemies":"3 Byrds","floor":18,"turns":6},{"damage":19,"enemies":"2 Thieves","floor":19,"turns":5},{"damage":17,"enemies":"Centurion and Healer","floor":22,"turns":8},{"damage":42,"enemies":"Shelled Parasite and Fungi","floor":27,"turns":11},{"damage":9,"enemies":"Cultist and Chosen","floor":29,"turns":7},{"damage":4,"enemies":"Snecko","floor":30,"turns":5},{"damage":61,"enemies":"Collector","floor":33,"turns":5}],"seed_played":"2748721519934733184","potions_obtained":[{"floor":2,"key":"Fire Potion"},{"floor":6,"key":"ColorlessPotion"},{"floor":13,"key":"DuplicationPotion"},{"floor":18,"key":"Weak Potion"},{"floor":29,"key":"Energy Potion"}],"is_trial":false,"path_per_floor":["M","M","$","?","M","E","R","E","T","E","?","R","M","M","R","B",null,"M","M","$","?","M","R","$","?","T","M","R","M","M","?","R","B"],"character_chosen":"IRONCLAD","items_purchased":["PowerPotion","OrangePellets","Toy Ornithopter","PowerPotion","Shrug It Off"],"campfire_rested":3,"item_purchase_floors":[3,20,20,20,20],"current_hp_per_floor":[78,80,80,80,80,49,49,38,38,19,19,43,49,52,52,12,63,27,14,14,14,20,44,44,44,44,20,44,53,55,55,55,0,0],"gold":77,"neow_bonus":"THREE_ENEMY_KILL","is_daily":false,"chose_seed":false,"campfire_upgraded":3,"win_rate":0.0,"timestamp":1613771084,"path_taken":["M","M","$","?","?","E","R","E","T","E","?","R","M","?","R","BOSS","M","M","$","?","M","R","$","?","T","M","R","?","M","?","R","BOSS"],"items_purchased_type":["Potion","Relic","Relic","Potion","Card"],"build_version":"2020-12-22","purchased_purges":1,"victory":false,"max_hp_per_floor":[80,80,80,80,80,80,80,80,80,80,80,80,80,80,80,80,80,80,80,80,80,80,80,80,80,80,80,80,80,80,80,80,80,80],"card_choices":[{"not_picked":["Perfected Strike","Shrug It Off"],"picked":"Carnage","floor":1},{"not_picked":["Pommel Strike","Clothesline"],"picked":"Shrug It Off","floor":2},{"not_picked":["Iron Wave","Infernal Blade","Clash"],"picked":"SKIP","floor":5},{"not_picked":["Flame Barrier","Feel No Pain"],"picked":"Uppercut","floor":6},{"not_picked":["Clothesline","Anger"],"picked":"Fire Breathing","floor":8},{"not_picked":["Exhume","Pommel Strike"],"picked":"Flame Barrier","floor":10},{"not_picked":["Shrug It Off","Carnage"],"picked":"Headbutt","floor":13},{"not_picked":["Warcry","Iron Wave"],"picked":"Inflame","floor":14},{"not_picked":["Berserk","Fiend Fire"],"picked":"Corruption","floor":16},{"not_picked":["Body Slam","Havoc+1"],"picked":"Intimidate+1","floor":18},{"not_picked":["Perfected Strike+1","Clash"],"picked":"Headbutt+1","floor":19},{"not_picked":["Body Slam","Perfected Strike"],"picked":"Metallicize","floor":22},{"not_picked":["Cleave","Offering"],"picked":"Heavy Blade+1","floor":27},{"not_picked":["Iron Wave","Warcry"],"picked":"Heavy Blade","floor":29},{"not_picked":["Carnage","Shrug It Off"],"picked":"Thunderclap","floor":30}],"player_experience":5775594,"relics_obtained":[{"floor":6,"key":"Bag of Marbles"},{"floor":8,"key":"PreservedInsect"},{"floor":9,"key":"Orichalcum"},{"floor":10,"key":"StrikeDummy"},{"floor":26,"key":"Sundial"}],"event_choices":[{"damage_healed":0,"gold_gain":0,"player_choice":"Gave Potion","damage_taken":0,"relics_obtained":["Nunchaku"],"max_hp_gain":0,"max_hp_loss":0,"event_name":"WeMeetAgain","floor":4,"gold_loss":0},{"damage_healed":0,"gold_gain":100,"player_choice":"Pray","damage_taken":0,"max_hp_gain":0,"max_hp_loss":0,"event_name":"Golden Shrine","floor":11,"gold_loss":0},{"damage_healed":0,"gold_gain":0,"player_choice":"Stole Relic","damage_taken":0,"relics_obtained":["Meat on the Bone"],"max_hp_gain":0,"max_hp_loss":0,"event_name":"Addict","floor":21,"gold_loss":0,"cards_obtained":["Shame"]},{"damage_healed":0,"gold_gain":0,"player_choice":"Trade","damage_taken":0,"relics_obtained":["GremlinMask"],"max_hp_gain":0,"max_hp_loss":0,"event_name":"FaceTrader","floor":25,"gold_loss":0},{"damage_healed":0,"gold_gain":0,"player_choice":"Ignored","damage_taken":0,"max_hp_gain":0,"max_hp_loss":0,"event_name":"Ghosts","floor":31,"gold_loss":0}],"is_beta":false,"boss_relics":[{"not_picked":["Fusion Hammer","Ectoplasm","Runic Dome"]}],"items_purged_floors":[3],"is_endless":false,"potions_floor_spawned":[2,6,13,18,29],"killed_by":"Collector","ascension_level":10}}