{"host":"8d3fefv2347kqkpz","time":1613770456,"event":{"mods":["AchievementEnabler","BaseMod","Better Vampires","BetterRewards","Colored Map","Colored Powertips","Downfall","Emptier Cage","Highlight Path","Marked Mod","Minty Spire (QoL Compilation)","Permanent Neow","Quick Restart","Rare Cards Sparkle","Relic Stats","Say the Spire","Spicy Shops","StSLib","Waifu the Spire"],"gold_per_floor":[110,110,210,225,235,263,273,273,273,305,130,163,163,197,197,299,299,316,316,316,334,59,88,102,129,152,152,152,178,197,227,227,322,322,341,120,0,50,50,50,64,95,95,123,123,139,170,216,216,216],"floor_reached":51,"language":"ZHS","playtime":1431,"items_purged":["Flechettes","Eviscerate","Dagger Spray","Escape Plan","PiercingWail"],"score":1362,"play_id":"f779a317-b94c-4d9c-bbc4-f04cf7ec1ffe","local_time":"20210220053416","daily_mods":["SealedDeck","Heirloom","Elite Swarm"],"is_ascension_mode":false,"campfire_choices":[{"data":"Tactician","floor":8,"key":"SMITH"},{"data":"Adrenaline","floor":13,"key":"SMITH"},{"data":"Grand Finale","floor":15,"key":"SMITH"},{"data":"Terror","floor":28,"key":"SMITH"},{"data":"Backflip","floor":32,"key":"SMITH"},{"data":"Acrobatics","floor":40,"key":"SMITH"},{"data":"Prepared","floor":45,"key":"SMITH"}],"circlet_count":0,"master_deck":["Leg Sweep+1","Prepared+1","Tactician+1","Acrobatics+1","Terror+1","Grand Finale+1","Adrenaline+1","Backflip+1","Acrobatics+1"],"relics":["Ring of the Snake","StoneCalendar","Meat on the Bone","Paper Crane","Shuriken","Blood Vial","War Paint","Busted Crown","Regal Pillow","Mango","Vajra","Sundial","Thread and Needle","Coffee Dripper","Red Mask","WingedGreaves","CeramicFish","Darkstone Periapt","StrikeDummy","Lantern","Lizard Tail"],"acts_visited":["Exordium","TheCity","TheBeyond"],"potions_floor_usage":[],"damage_taken":[{"damage":0,"enemies":"Small Slimes","floor":1,"turns":2},{"damage":0,"enemies":"2 Louse","floor":4,"turns":1},{"damage":0,"enemies":"Cultist","floor":5,"turns":1},{"damage":4,"enemies":"3 Sentries","floor":6,"turns":4},{"damage":0,"enemies":"Looter","floor":7,"turns":2},{"damage":0,"enemies":"Lagavulin","floor":10,"turns":2},{"damage":0,"enemies":"3 Sentries","floor":12,"turns":1},{"damage":0,"enemies":"Gremlin Nob","floor":14,"turns":2},{"damage":0,"enemies":"Slime Boss","floor":16,"turns":1},{"damage":0,"enemies":"Chosen","floor":18,"turns":1},{"damage":0,"enemies":"3 Byrds","floor":21,"turns":1},{"damage":0,"enemies":"Slavers","floor":23,"turns":1},{"damage":0,"enemies":"Snecko","floor":24,"turns":1},{"damage":0,"enemies":"Book of Stabbing","floor":25,"turns":1},{"damage":0,"enemies":"Gremlin Leader","floor":29,"turns":1},{"damage":0,"enemies":"Sentry and Sphere","floor":30,"turns":1},{"damage":0,"enemies":"Book of Stabbing","floor":31,"turns":1},{"damage":0,"enemies":"Champ","floor":33,"turns":1},{"damage":0,"enemies":"Orb Walker","floor":35,"turns":1},{"damage":0,"enemies":"Mind Bloom Boss Battle","floor":38,"turns":1},{"damage":0,"enemies":"3 Shapes","floor":41,"turns":1},{"damage":0,"enemies":"Reptomancer","floor":42,"turns":1},{"damage":0,"enemies":"Giant Head","floor":44,"turns":1},{"damage":0,"enemies":"Maw","floor":46,"turns":1},{"damage":0,"enemies":"Nemesis","floor":47,"turns":1},{"damage":0,"enemies":"2 Orb Walkers","floor":48,"turns":1},{"damage":0,"enemies":"Awakened One","floor":50,"turns":2}],"seed_played":"4193745189191911341","potions_obtained":[{"floor":1,"key":"Poison Potion"},{"floor":4,"key":"Ancient Potion"},{"floor":14,"key":"Energy Potion"},{"floor":23,"key":"LiquidBronze"}],"is_trial":true,"path_per_floor":["M","?","?","M","M","E","M","R","T","E","$","E","R","E","R","B",null,"M","?","?","M","$","E","M","E","T","$","R","E","M","E","R","B",null,"M","$","?","?","?","R","M","E","T","E","R","M","E","?","R","B",null],"character_chosen":"THE_SILENT","items_purchased":["Acrobatics"],"campfire_rested":0,"item_purchase_floors":[36],"current_hp_per_floor":[70,75,75,75,75,71,71,71,71,71,71,71,71,73,73,75,75,75,75,75,75,75,89,89,89,89,89,89,89,89,89,89,89,89,89,89,89,89,89,89,89,89,89,89,89,89,89,89,89,89],"gold":216,"neow_bonus":"","is_daily":false,"chose_seed":false,"campfire_upgraded":7,"win_rate":0.0,"timestamp":1613770456,"path_taken":["M","?","?","M","M","E","M","R","T","E","$","E","R","E","R","BOSS","M","?","?","?","$","E","M","E","T","$","R","E","M","E","R","BOSS","M","$","?","?","?","R","M","E","T","E","R","?","E","?","R","BOSS"],"items_purchased_type":["Card"],"build_version":"2020-12-22","purchased_purges":5,"victory":true,"max_hp_per_floor":[70,75,75,75,75,75,75,75,75,75,75,75,75,75,75,75,75,75,75,75,75,75,89,89,89,89,89,89,89,89,89,89,89,89,89,89,89,89,89,89,89,89,89,89,89,89,89,89,89,89],"relic_stats":{"Darkstone Periapt":0,"Regal Pillow":0,"counters":[27,35],"CeramicFish":0,"StoneCalendar":[0],"War Paint":["Leg Sweep","Acrobatics"],"Blood Vial":4,"Lizard Tail":0,"Busted Crown":36,"Shuriken":[13],"Sundial":[56],"obtain_stats":[{"Darkstone Periapt":43,"Regal Pillow":20,"Lantern":47,"CeramicFish":42,"Vajra":26,"StoneCalendar":0,"Mango":23,"Thread and Needle":31,"Paper Crane":9,"War Paint":14,"Blood Vial":12,"Lizard Tail":48,"Busted Crown":17,"Shuriken":10,"Sundial":29,"WingedGreaves":38,"Coffee Dripper":34,"Red Mask":37,"StrikeDummy":44,"Ring of the Snake":0,"Meat on the Bone":6},{"Darkstone Periapt":22,"Regal Pillow":10,"Lantern":25,"CeramicFish":22,"Vajra":14,"StoneCalendar":0,"Mango":12,"Thread and Needle":17,"Paper Crane":5,"War Paint":8,"Blood Vial":7,"Lizard Tail":26,"Busted Crown":9,"Shuriken":6,"Sundial":15,"WingedGreaves":20,"Coffee Dripper":18,"Red Mask":19,"StrikeDummy":23,"Ring of the Snake":0,"Meat on the Bone":4},{"Darkstone Periapt":29,"Regal Pillow":17,"Lantern":32,"CeramicFish":29,"Vajra":21,"StoneCalendar":0,"Mango":19,"Thread and Needle":24,"Paper Crane":10,"War Paint":15,"Blood Vial":13,"Lizard Tail":33,"Busted Crown":16,"Shuriken":12,"Sundial":22,"WingedGreaves":27,"Coffee Dripper":25,"Red Mask":26,"StrikeDummy":30,"Ring of the Snake":0,"Meat on the Bone":8}],"Ring of the Snake":[54],"Meat on the Bone":0},"card_choices":[{"not_picked":["Riddle With Holes","PiercingWail","Heel Hook"],"picked":"SKIP","floor":1},{"not_picked":["Blade Dance","Dodge and Roll","Dagger Spray"],"picked":"SKIP","floor":4},{"not_picked":["Deflect","Underhanded Strike","Cloak And Dagger"],"picked":"SKIP","floor":5},{"not_picked":["Envenom","Die Die Die","Bullet Time"],"picked":"SKIP","floor":6},{"not_picked":["Backflip","Deflect","Expertise"],"picked":"SKIP","floor":7},{"not_picked":["A Thousand Cuts","Adrenaline"],"picked":"Grand Finale","floor":10},{"not_picked":["Storm of Steel","Burst"],"picked":"Adrenaline","floor":12},{"not_picked":["A Thousand Cuts","Glass Knife","Bullet Time"],"picked":"SKIP","floor":14},{"not_picked":["Blade Dance"],"picked":"SKIP","floor":18},{"not_picked":["Backflip"],"picked":"SKIP","floor":21},{"not_picked":["Envenom"],"picked":"SKIP","floor":23},{"not_picked":["Masterful Stab"],"picked":"SKIP","floor":24},{"not_picked":["Burst"],"picked":"SKIP","floor":25},{"not_picked":["Burst"],"picked":"SKIP","floor":29},{"not_picked":["Bane+1"],"picked":"SKIP","floor":30},{"not_picked":["Phantasmal Killer"],"picked":"SKIP","floor":31},{"not_picked":["Deadly Poison"],"picked":"SKIP","floor":35},{"not_picked":["Cloak And Dagger+1"],"picked":"SKIP","floor":41},{"not_picked":["Burst"],"picked":"SKIP","floor":42},{"not_picked":["Doppelganger"],"picked":"SKIP","floor":44},{"not_picked":["Dagger Spray+1"],"picked":"SKIP","floor":46},{"not_picked":["Doppelganger"],"picked":"SKIP","floor":47}],"player_experience":483850,"relics_obtained":[{"floor":6,"key":"Meat on the Bone"},{"floor":9,"key":"Paper Crane"},{"floor":10,"key":"Shuriken"},{"floor":12,"key":"Blood Vial"},{"floor":14,"key":"War Paint"},{"floor":20,"key":"Regal Pillow"},{"floor":23,"key":"Mango"},{"floor":26,"key":"Vajra"},{"floor":29,"key":"Sundial"},{"floor":31,"key":"Thread and Needle"},{"floor":38,"key":"WingedGreaves"},{"floor":42,"key":"CeramicFish"},{"floor":43,"key":"Darkstone Periapt"},{"floor":44,"key":"StrikeDummy"},{"floor":47,"key":"Lantern"},{"floor":48,"key":"Lizard Tail"}],"event_choices":[{"damage_healed":0,"gold_gain":0,"player_choice":"Donut","damage_taken":0,"max_hp_gain":5,"max_hp_loss":0,"event_name":"Big Fish","floor":2,"gold_loss":0},{"damage_healed":0,"gold_gain":100,"player_choice":"Pray","damage_taken":0,"max_hp_gain":0,"max_hp_loss":0,"event_name":"Golden Shrine","floor":3,"gold_loss":0},{"damage_healed":0,"gold_gain":0,"player_choice":"Read","damage_taken":0,"max_hp_gain":0,"max_hp_loss":0,"event_name":"The Library","floor":19,"gold_loss":0,"cards_obtained":["Backflip"]},{"damage_healed":0,"gold_gain":0,"player_choice":"Relic","damage_taken":0,"max_hp_gain":0,"max_hp_loss":0,"event_name":"Wheel of Change","floor":20,"gold_loss":0},{"damage_healed":0,"gold_gain":0,"player_choice":"Paid","damage_taken":0,"relics_obtained":["Red Mask"],"max_hp_gain":0,"max_hp_loss":0,"event_name":"Tomb of Lord Red Mask","floor":37,"gold_loss":120},{"damage_healed":0,"gold_gain":0,"player_choice":"Fight","damage_taken":0,"max_hp_gain":0,"max_hp_loss":0,"event_name":"MindBloom","floor":38,"gold_loss":0},{"damage_healed":0,"gold_gain":0,"player_choice":"Memory 1","damage_taken":0,"max_hp_gain":0,"max_hp_loss":0,"event_name":"SensoryStone","floor":39,"gold_loss":0},{"damage_healed":0,"gold_gain":0,"player_choice":"Fight","damage_taken":0,"max_hp_gain":0,"max_hp_loss":0,"event_name":"Mysterious Sphere","floor":48,"gold_loss":0}],"is_beta":false,"boss_relics":[{"not_picked":["Calling Bell","Fusion Hammer"],"picked":"Busted Crown"},{"not_picked":["Tiny House","Astrolabe"],"picked":"Coffee Dripper"}],"items_purged_floors":[11,11,22,22,36],"is_endless":false,"potions_floor_spawned":[1,4,14,16,23,24,30,38,41,46,47],"ascension_level":0}}