{"host":"6vtgmkkqqeew181q","time":1613696950,"event":{"mods":["100% Spire Juice","BaseMod","Better Skull","Better Third Choice","BetterRewards","Colored Powertips","Downfall","Faster Ascension Climbing","Highlight Path","Minty Spire (QoL Compilation)","Reliquary","Replay The Spire","Spire Birthday Party","StSLib","The IronCluck","The Jungle"],"gold_per_floor":[109,126,126,17,32,59,59,91,91,91,91,91,32,47,61,79,79,79,79],"floor_reached":18,"language":"ENG","playtime":1009,"items_purged":[],"score":261,"play_id":"a983ebb5-2e63-4db2-81e0-1192f7bc909a","local_time":"20210218170910","is_ascension_mode":true,"campfire_choices":[{"floor":7,"key":"REST"},{"floor":12,"key":"REST"},{"data":"Moonworks:Ambush","floor":17,"key":"SMITH"}],"circlet_count":0,"master_deck":["AscendersBane","Moonworks:Strike","Moonworks:Strike","Moonworks:Strike","Moonworks:Strike","Moonworks:Defend","Moonworks:Defend","Moonworks:Defend","Moonworks:Defend","Moonworks:Ambush+1","Moonworks:LongDistanceShot","Moonworks:BackdoorTrade","Moonworks:EvilSpyWorkPreparation","Moonworks:CompletionReward","Moonworks:SakisCookie","Moonworks:NicePresent","Moonworks:BindingChains","Moonworks:JonathanRush+1","Moonworks:RagingMadness","Moonworks:JonathanRush","Moonworks:NicePresent","Moonworks:IndiscriminateFireSupport"],"relics":["Moonworks:BrokenBomb","Moonworks:Homemark","Thread and Needle","sneckomod:BlankCard","ReplayFunnel","Blue Doll"],"acts_visited":["Exordium"],"potions_floor_usage":[4,6,18,18,18],"damage_taken":[{"damage":0,"enemies":"2 Louse","floor":1,"turns":3},{"damage":8,"enemies":"Small Slimes","floor":2,"turns":5},{"damage":3,"enemies":"Jaw Worm","floor":4,"turns":4},{"damage":6,"enemies":"Lots of Slimes","floor":5,"turns":4},{"damage":25,"enemies":"Lagavulin","floor":6,"turns":6},{"damage":21,"enemies":"Gremlin Nob","floor":8,"turns":4},{"damage":9,"enemies":"Exordium Thugs","floor":14,"turns":4},{"damage":0,"enemies":"Large Slime","floor":15,"turns":6},{"damage":0,"enemies":"Blue Slaver","floor":16,"turns":3},{"damage":22,"enemies":"Hexaghost","floor":18,"turns":5}],"seed_played":"-1048910390820043946","potions_obtained":[{"floor":2,"key":"Adrenaline Potion"},{"floor":4,"key":"Venom Potion"},{"floor":8,"key":"bronze:BurnAndBuffPotion"},{"floor":14,"key":"Venom Potion"},{"floor":16,"key":"Block Potion"}],"is_trial":false,"path_per_floor":["M","M","$","M","M","E","R","E","T","PTL","PTL","R","$","M","M","M","R","B"],"character_chosen":"THE_STARBREAKER","items_purchased":["Moonworks:JonathanRush+1","Moonworks:RagingMadness"],"campfire_rested":2,"item_purchase_floors":[13,13],"current_hp_per_floor":[54,46,46,43,37,12,30,11,11,11,11,29,29,20,20,20,20,0,0],"gold":79,"neow_bonus":"","is_daily":false,"chose_seed":false,"campfire_upgraded":1,"win_rate":0.0,"timestamp":1613696950,"path_taken":["M","M","$","M","M","E","R","E","T","PTL","PTL","R","$","M","M","M","R","BOSS"],"items_purchased_type":["Card","Card"],"build_version":"2020-12-22","purchased_purges":0,"victory":false,"max_hp_per_floor":[60,60,60,60,60,60,60,60,60,60,60,60,60,60,60,60,60,60,60],"card_choices":[{"not_picked":["Moonworks:AwakeningOfTalent","Moonworks:IntelligenceOfficer"],"picked":"Moonworks:BackdoorTrade","floor":1},{"not_picked":["Moonworks:ImmovableObject","Moonworks:JonathanRush"],"picked":"Moonworks:EvilSpyWorkPreparation","floor":2},{"not_picked":["Moonworks:RedAndBlue","Moonworks:StiffCrystal"],"picked":"Moonworks:CompletionReward","floor":4},{"not_picked":["Moonworks:BackdoorTrade","Moonworks:LulusLuckyEgg"],"picked":"Moonworks:SakisCookie","floor":5},{"not_picked":["Moonworks:LulusLuckyEgg","Moonworks:ImOnFire"],"picked":"Moonworks:NicePresent","floor":6},{"not_picked":["Moonworks:StiffCrystal","Moonworks:CookingTime"],"picked":"Moonworks:BindingChains","floor":8},{"not_picked":["Moonworks:BigMagnum","Moonworks:ScrambledEve"],"picked":"Moonworks:JonathanRush","floor":14},{"not_picked":["Moonworks:RedAndBlue","Moonworks:BigMagnum"],"picked":"Moonworks:NicePresent","floor":15},{"not_picked":["Moonworks:MiracleRedBeanIceCream","Moonworks:BigMagnum"],"picked":"Moonworks:IndiscriminateFireSupport","floor":16}],"player_experience":670161,"relics_obtained":[{"floor":6,"key":"sneckomod:BlankCard"},{"floor":8,"key":"ReplayFunnel"},{"floor":9,"key":"Blue Doll"}],"event_choices":[],"is_beta":false,"boss_relics":[],"items_purged_floors":[],"is_endless":false,"potions_floor_spawned":[2,4,8,14,16],"killed_by":"Hexaghost","ascension_level":10}}