{"host":"raaimkojny05jekw","time":1613747713,"event":{"mods":["AchievementEnabler","BaseMod","Colored Map","Colored Powertips","DeckTracker","Minty Spire (QoL Compilation)","Quick Restart","Rare Cards Sparkle","everything is the same but u backflip on backflip"],"gold_per_floor":[113,124,139,154,29,29,61,136,136,84,84,104,104,104,104,225,225,250,250,268,282,296,340,340,365,417,458,213,229,244,41,41,41,41],"floor_reached":33,"language":"KOR","playtime":1025,"items_purged":["Strike_R"],"score":487,"play_id":"8fa4cb03-c500-46f9-a3fb-693f0e17fc3b","local_time":"20210220001513","is_ascension_mode":true,"campfire_choices":[{"data":"Perfected Strike","floor":6,"key":"SMITH"},{"data":"Shockwave","floor":15,"key":"SMITH"},{"floor":24,"key":"REST"},{"data":"Perfected Strike","floor":32,"key":"SMITH"}],"circlet_count":0,"master_deck":["AscendersBane","Strike_R","Strike_R","Strike_R","Strike_R","Defend_R","Defend_R","Defend_R","Defend_R","Bash","Reaper","Twin Strike","Pommel Strike","Shockwave+1","Perfected Strike+1","Warcry","Perfected Strike","Fire Breathing","Berserk+1","Ghostly Armor","Perfected Strike+1","Perfected Strike+1","Battle Trance","Rage","Bloodletting","Battle Trance","Perfected Strike+1","Shrug It Off"],"relics":["Burning Blood","Omamori","Centennial Puzzle","Golden Idol","Philosopher\u0027s Stone","Bottled Tornado","Lantern","Akabeko","Meat on the Bone","Sling"],"acts_visited":["Exordium","TheCity"],"potions_floor_usage":[4,16,16,22,23,27,33,33],"damage_taken":[{"damage":7,"enemies":"Small Slimes","floor":1,"turns":4},{"damage":15,"enemies":"2 Louse","floor":2,"turns":4},{"damage":1,"enemies":"Cultist","floor":3,"turns":3},{"damage":9,"enemies":"Lots of Slimes","floor":4,"turns":3},{"damage":24,"enemies":"Gremlin Nob","floor":7,"turns":4},{"damage":13,"enemies":"Gremlin Gang","floor":12,"turns":6},{"damage":32,"enemies":"Hexaghost","floor":16,"turns":8},{"damage":9,"enemies":"Chosen","floor":18,"turns":3},{"damage":2,"enemies":"Spheric Guardian","floor":20,"turns":3},{"damage":25,"enemies":"Snake Plant","floor":21,"turns":3},{"damage":8,"enemies":"3 Cultists","floor":22,"turns":4},{"damage":64,"enemies":"Gremlin Leader","floor":23,"turns":6},{"damage":3,"enemies":"Snecko","floor":25,"turns":3},{"damage":34,"enemies":"Book of Stabbing","floor":27,"turns":4},{"damage":16,"enemies":"Shelled Parasite and Fungi","floor":29,"turns":4},{"damage":3,"enemies":"Snake Plant","floor":30,"turns":2},{"damage":90,"enemies":"Automaton","floor":33,"turns":6}],"seed_played":"-8288922224619356754","potions_obtained":[{"floor":2,"key":"Energy Potion"},{"floor":4,"key":"Weak Potion"},{"floor":7,"key":"DuplicationPotion"},{"floor":18,"key":"DuplicationPotion"},{"floor":21,"key":"ColorlessPotion"},{"floor":23,"key":"Regen Potion"},{"floor":25,"key":"Explosive Potion"},{"floor":29,"key":"ColorlessPotion"},{"floor":30,"key":"BlessingOfTheForge"}],"is_trial":false,"path_per_floor":["M","M","M","M","$","R","E","?","T","$","?","M","?","?","R","B",null,"M","?","M","M","M","E","R","M","T","E","$","M","M","$","R","B"],"character_chosen":"IRONCLAD","items_purchased":["Perfected Strike","Perfected Strike","Meat on the Bone","Sling","Shrug It Off"],"campfire_rested":1,"item_purchase_floors":[5,10,28,31,31],"current_hp_per_floor":[74,71,76,77,77,77,62,51,51,51,51,53,33,33,33,13,63,60,60,64,45,67,23,47,50,50,34,34,40,55,55,55,0,0],"gold":41,"neow_bonus":"ONE_RANDOM_RARE_CARD","is_daily":false,"chose_seed":false,"campfire_upgraded":3,"win_rate":0.0,"timestamp":1613747713,"path_taken":["M","M","M","M","$","R","E","?","T","$","?","M","?","?","R","BOSS","M","?","M","?","?","E","R","?","T","E","$","M","M","$","R","BOSS"],"items_purchased_type":["Card","Card","Relic","Relic","Card"],"build_version":"2020-12-22","purchased_purges":1,"victory":false,"max_hp_per_floor":[80,80,80,80,80,80,80,80,80,80,80,80,80,80,80,80,80,80,80,80,80,80,80,80,80,80,80,80,80,80,80,80,80,80],"card_choices":[{"not_picked":["Thunderclap","Entrench"],"picked":"Twin Strike","floor":1},{"not_picked":["Searing Blow","Warcry"],"picked":"Pommel Strike","floor":2},{"not_picked":["Iron Wave","Pommel Strike"],"picked":"Shockwave","floor":3},{"not_picked":["Body Slam","Reckless Charge","Rampage"],"picked":"SKIP","floor":4},{"not_picked":["Heavy Blade","Clash"],"picked":"Warcry","floor":7},{"not_picked":["Body Slam","Uppercut"],"picked":"Fire Breathing","floor":12},{"not_picked":["Juggernaut","Limit Break"],"picked":"Berserk","floor":16},{"not_picked":["Havoc","Pommel Strike"],"picked":"Ghostly Armor","floor":18},{"not_picked":["Shrug It Off","Rage+1"],"picked":"Perfected Strike+1","floor":20},{"not_picked":["Sword Boomerang","Dark Embrace+1","Cleave"],"picked":"SKIP","floor":21},{"not_picked":["Sword Boomerang","Thunderclap"],"picked":"Perfected Strike+1","floor":22},{"not_picked":["Dropkick","Spot Weakness"],"picked":"Battle Trance","floor":23},{"not_picked":["Body Slam","Dual Wield"],"picked":"Rage","floor":25},{"not_picked":["Reaper","Ghostly Armor+1"],"picked":"Bloodletting","floor":27},{"not_picked":["Dropkick","Rampage"],"picked":"Battle Trance","floor":29},{"not_picked":["Pommel Strike","Uppercut"],"picked":"Perfected Strike","floor":30}],"player_experience":775498,"relics_obtained":[{"floor":7,"key":"Omamori"},{"floor":9,"key":"Centennial Puzzle"},{"floor":23,"key":"Bottled Tornado"},{"floor":26,"key":"Lantern"},{"floor":27,"key":"Akabeko"}],"event_choices":[{"damage_healed":0,"gold_gain":75,"player_choice":"Gather Gold","damage_taken":11,"max_hp_gain":0,"max_hp_loss":0,"event_name":"World of Goop","floor":8,"gold_loss":0},{"damage_healed":0,"gold_gain":0,"player_choice":"Ignored","damage_taken":0,"max_hp_gain":0,"max_hp_loss":0,"event_name":"Liars Game","floor":11,"gold_loss":0},{"damage_healed":0,"gold_gain":0,"player_choice":"Take Damage","damage_taken":20,"relics_obtained":["Golden Idol"],"max_hp_gain":0,"max_hp_loss":0,"event_name":"Golden Idol","floor":13,"gold_loss":0},{"damage_healed":0,"gold_gain":0,"player_choice":"Bought 0 Potions","damage_taken":0,"max_hp_gain":0,"max_hp_loss":0,"event_name":"The Woman in Blue","floor":14,"gold_loss":0},{"damage_healed":0,"gold_gain":0,"player_choice":"Forge","damage_taken":0,"max_hp_gain":0,"max_hp_loss":0,"event_name":"Accursed Blacksmith","floor":19,"gold_loss":0,"cards_upgraded":["Berserk"]}],"is_beta":false,"boss_relics":[{"not_picked":["Runic Pyramid","Ectoplasm"],"picked":"Philosopher\u0027s Stone"}],"items_purged_floors":[5],"is_endless":false,"potions_floor_spawned":[2,4,7,18,21,23,25,29,30],"killed_by":"Automaton","ascension_level":12}}