{"host":"onk0sru1v5nf4gev","time":1613741498,"event":{"mods":["AchievementEnabler","BaseMod","Downfall","Googly Eyes","Hermit","Minty Spire (QoL Compilation)","Quick Restart","Replay The Spire","StSLib","SuperFastMode","The Cursed"],"gold_per_floor":[114,30,46,64,79,109,109,55,55,55,68,83,103,119,119,220,220,231,231,247,346,358,358,375,375,375,375,375],"floor_reached":27,"language":"FRA","playtime":978,"items_purged":[],"score":263,"play_id":"99cac463-5a10-4bcc-8875-6fcd29de1515","local_time":"20210219143138","is_ascension_mode":true,"campfire_choices":[{"data":"Double Tap","floor":7.0,"key":"SMITH"},{"floor":10.0,"key":"REST"},{"floor":23.0,"key":"REST"},{"floor":25.0,"key":"REST"}],"circlet_count":0,"master_deck":["Strike_R","Strike_R","Strike_R","Strike_R","Defend_R","Defend_R","Defend_R","Bash","Double Tap+1","Heavy Blade","Perfected Strike","Thunderclap","Replay:Undeath\u0027s Touch","Cleave","Replay:Undeath\u0027s Touch","Armaments+1","Replay:Undeath\u0027s Touch+1","Flex","Pommel Strike","Immolate+1","Eclipse+1","Whirlwind+1","Run Through+1","Pommel Strike+1","Dual Wield","Sword Boomerang+1"],"relics":["Burning Blood","Golden Egg","Gremlin Horn","Astrolabe","Nilry\u0027s Codex","Girya"],"acts_visited":["Exordium","TheCity"],"potions_floor_usage":[27],"damage_taken":[{"damage":11.0,"enemies":"Cultist","floor":1.0,"turns":4.0},{"damage":5.0,"enemies":"Small Slimes","floor":3.0,"turns":3.0},{"damage":3.0,"enemies":"2 Louse","floor":4.0,"turns":3.0},{"damage":15.0,"enemies":"Gremlin Gang","floor":5.0,"turns":4.0},{"damage":25.0,"enemies":"Gremlin Nob","floor":6.0,"turns":4.0},{"damage":0.0,"enemies":"2 Fungi Beasts","floor":11.0,"turns":3.0},{"damage":7.0,"enemies":"Looter","floor":12.0,"turns":3.0},{"damage":20.0,"enemies":"Gremlin Gang","floor":13.0,"turns":3.0},{"damage":0.0,"enemies":"2 Fungi Beasts","floor":14.0,"turns":1.0},{"damage":63.0,"enemies":"Hexaghost","floor":16.0,"turns":8.0},{"damage":31.0,"enemies":"2 Thieves","floor":18.0,"turns":3.0},{"damage":6.0,"enemies":"Spheric Guardian","floor":20.0,"turns":2.0},{"damage":24.0,"enemies":"Snake Plant","floor":22.0,"turns":2.0},{"damage":23.0,"enemies":"Centurion and Healer","floor":24.0,"turns":3.0},{"damage":56,"enemies":"Book of Stabbing","floor":27,"turns":4}],"seed_played":"-6435723941996827526","potions_obtained":[{"floor":4.0,"key":"BlessingOfTheForge"},{"floor":11.0,"key":"Adrenaline Potion"},{"floor":12.0,"key":"SteroidPotion"},{"floor":14.0,"key":"AttackPotion"},{"floor":16.0,"key":"FearPotion"},{"floor":22.0,"key":"Explosive Potion"},{"floor":24.0,"key":"LiquidMemories"}],"is_trial":false,"path_per_floor":["M","$","M","M","M","E","R","$","T","R","M","M","M","M","R","B",null,"M","?","M","?","M","R","M","R","T","E"],"character_chosen":"IRONCLAD","items_purchased":["Rupture","Perfected Strike","Armaments"],"campfire_rested":3,"item_purchase_floors":[2,2,8],"current_hp_per_floor":[75,75,76,79,70,51,51,51,51,75,80,79,65,71,80,23,80,55,39,39,39,21,45,28,52,52,0,0],"gold":375,"neow_bonus":"ONE_RANDOM_RARE_CARD","is_daily":false,"chose_seed":false,"campfire_upgraded":1,"win_rate":0.0,"timestamp":1613741498,"path_taken":["M","$","M","?","?","E","R","$","T","R","?","M","M","M","R","BOSS","M","?","M","?","M","R","M","R","T","E"],"items_purchased_type":["Card","Card","Card"],"build_version":"2020-12-22","purchased_purges":0,"victory":false,"max_hp_per_floor":[80,80,80,80,80,80,80,80,80,80,80,80,80,80,80,80,80,80,80,80,80,80,80,80,80,80,80,80],"card_choices":[{"not_picked":["Cleave","Clothesline"],"picked":"Heavy Blade","floor":1.0},{"not_picked":["True Grit","Pommel Strike"],"picked":"Thunderclap","floor":3.0},{"not_picked":["Dark Embrace","Warcry"],"picked":"Replay:Undeath\u0027s Touch","floor":4.0},{"not_picked":["Dropkick","Abandon"],"picked":"Cleave","floor":5.0},{"not_picked":["Anger","Hemokinesis"],"picked":"Replay:Undeath\u0027s Touch","floor":6.0},{"not_picked":["Sentinel","Fire Breathing"],"picked":"Replay:Undeath\u0027s Touch","floor":11.0},{"not_picked":["Warcry","True Grit"],"picked":"Flex","floor":12.0},{"not_picked":["Run Through","Sword Boomerang"],"picked":"Pommel Strike","floor":13.0},{"not_picked":["Flex","Dark Embrace"],"picked":"Immolate","floor":14.0},{"not_picked":["Corruption","Replay:Many Hands"],"picked":"Eclipse","floor":16.0},{"not_picked":["Thunderclap","Clash"],"picked":"Dual Wield","floor":18.0},{"not_picked":["Twin Strike","Body Slam","Run Through"],"picked":"SKIP","floor":20.0},{"not_picked":["Twin Strike","Sentinel"],"picked":"Sword Boomerang+1","floor":22.0},{"not_picked":["ReplayTheSpireMod:Strike From Hell+1","Defy Death","Havoc"],"picked":"SKIP","floor":24.0}],"player_experience":291225,"relics_obtained":[{"floor":6.0,"key":"Golden Egg"},{"floor":9.0,"key":"Gremlin Horn"},{"floor":19.0,"key":"Nilry\u0027s Codex"},{"floor":26.0,"key":"Girya"}],"event_choices":[{"damage_healed":0.0,"max_hp_gain":0.0,"max_hp_loss":0.0,"gold_gain":0.0,"event_name":"Cursed Tome","player_choice":"Obtained Book","floor":19.0,"gold_loss":0.0,"damage_taken":16.0},{"damage_healed":0.0,"max_hp_gain":0.0,"max_hp_loss":0.0,"gold_gain":99.0,"event_name":"Nest","player_choice":"Stole From Cult","floor":21.0,"gold_loss":0.0,"damage_taken":0.0}],"is_beta":false,"boss_relics":[{"not_picked":["Ooze Armor","Replay:Grab Bag"],"picked":"Astrolabe"}],"items_purged_floors":[],"is_endless":false,"potions_floor_spawned":[4,11,12,14,16,22,24],"killed_by":"Book of Stabbing","ascension_level":4}}