{"host":"17hbxmotjlknbpr0","time":1613707973,"event":{"mods":["Act Like it!","BaseMod","BetterRewards","Chat Monstrosity","Colored Powertips","Conspire","Downfall","Friendly Minions","FruityMod","Googly Eyes","GungeonMod","Hallownest","Hermit","Hero for Fun","HololiveMod","Hubris","Infinite Spire","Jorbs\u0027s Wanderer Trilogy","Lobotomy","Marisa????????","Mimic Mod","Minty Spire (QoL Compilation)","Pikachu Mod","READ ME - Snecko Mod","Random Character Button","Rare Cards Sparkle","RatMod","Shop Mod","Small Relic Pack","Somnambulant","StSLib","SuperFastMode","Td1madao Mod","The Bladedancer","The Blue Laboratory","The Bug Knight","The Clintock","The Construct","The Cursed","The Disciple","The Forsaken","The Hierophant","The IronCluck","The Mystic","The Necromancer","The Poker Player","The Problem Sleuth","The Runesmith","The Sage","The Saiyan","The Senshi","The Wild Card","Trackpad","Yuri Mod","egg","thorton"],"gold_per_floor":[113,133,133,133,149,180,180,194,242,242,242,259,259,271,271,370,370,390,390,404,404,98,98,109,109,164,164,164,179,26,39,39,139,139,151,166,179,179,192,192,192,92,92,109,109,121,121,140,140,140],"floor_reached":51,"language":"ENG","playtime":4234,"items_purged":["Writhe"],"score":501,"play_id":"9ec8bf74-e320-4e81-bcb6-9ac9ba45139c","local_time":"20210218231253","is_ascension_mode":false,"campfire_choices":[{"floor":7,"key":"REST"},{"floor":13,"key":"REST"},{"floor":15,"key":"RECALL"},{"floor":23,"key":"REST"},{"data":"relicPack:StarPlatinum","floor":25,"key":"SMITH"},{"data":"hermit:Snapshot","floor":28,"key":"SMITH"},{"floor":32,"key":"REST"},{"floor":45,"key":"REST"},{"floor":47,"key":"REST"},{"data":"hubris:Fate","floor":49,"key":"SMITH"}],"circlet_count":0,"master_deck":["hermit:Strike_Hermit","hermit:Strike_Hermit","hermit:Strike_Hermit","hermit:Strike_Hermit","hermit:Defend_Hermit","hermit:Defend_Hermit","hermit:Defend_Hermit","hermit:Defend_Hermit+1","hermit:Snapshot+1","hermit:Covet","hermit:BigShot","hermit:Snipe","hermit:Glare","hermit:HighCaliber","hermit:Headshot","hermit:Headshot","hermit:Brawl","hermit:Dissolve","relicPack:StarPlatinum+1","hermit:Maintenance+1","hermit:Misfire+1","hermit:ShadowCloak","hermit:BigShot","hermit:Quickdraw","hermit:Dive","hermit:Roughhouse","hermit:Dive","hermit:Vantage","hermit:Roughhouse","hubris:Fate+1","hermit:PistolWhip+1","hermit:Dive","hermit:LoneWolf","hermit:Quickdraw"],"relics":["hermit:Momento","Runesmith:Locket","Hallownest:DreamNailRelic","trackpad:SappingStone","relicPack:StarArrow","infinitespire:CheckeredPen","infinitespire:Lucky Rock","Vajra","trackpad:CultistFigurine","Sozu","hubris:EmptyBottle","trackpad:BottledTsunami","hubris:PeanutButter","infinitespire:Satchel"],"acts_visited":["Hallownest:Greenpath","Hallownest:CityofTears","Hallownest:KingdomsEdge"],"potions_floor_usage":[16,33,33],"damage_taken":[{"damage":0,"enemies":"Hallownest:monsterHuskWarrior","floor":1,"turns":4},{"damage":0,"enemies":"2_ Uuma","floor":2,"turns":6},{"damage":8,"enemies":"Hallownest:2_MossCreeps","floor":5,"turns":6},{"damage":35,"enemies":"Hallownest:eliteCrystalGuardian","floor":6,"turns":6},{"damage":6,"enemies":"Hallownest:Guard_and_Warrior","floor":8,"turns":4},{"damage":1,"enemies":"Hallownest:Wandering_and_Horned","floor":12,"turns":4},{"damage":0,"enemies":"Hallownest:monsterMossCharger","floor":14,"turns":3},{"damage":45,"enemies":"Hallownest:BossHornet","floor":16,"turns":7},{"damage":27,"enemies":"Hallownest:Guard_and_Sentry","floor":18,"turns":5},{"damage":0,"enemies":"Hallownest:2_Mistakes","floor":20,"turns":5},{"damage":20,"enemies":"Hallownest:monsterShrumalOgre","floor":24,"turns":5},{"damage":19,"enemies":"Hallownest:Warrior_and_Youth","floor":29,"turns":5},{"damage":11,"enemies":"Hallownest:3_Mistakes","floor":31,"turns":5},{"damage":0,"enemies":"Hallownest:BossGrimm","floor":33,"turns":8},{"damage":11,"enemies":"Hallownest:Shield_Heavy","floor":35,"turns":5},{"damage":30,"enemies":"Hallownest:3_Siblings","floor":36,"turns":6},{"damage":10,"enemies":"Hallownest:2_Wing_and_1_Kings","floor":37,"turns":7},{"damage":14,"enemies":"Hallownest:2_Wandering_and_1_Horned","floor":39,"turns":6},{"damage":13,"enemies":"Hallownest:2_Soldiers_and_1_Guardian","floor":44,"turns":6},{"damage":0,"enemies":"Hallownest:monsterPrimalAspid","floor":46,"turns":3},{"damage":22,"enemies":"Hallownest:Xero_Hu_Marmu","floor":48,"turns":6},{"damage":0,"enemies":"Hallownest:BossGreyPrinceZote","floor":50,"turns":1}],"seed_played":"4561656655401873859","potions_obtained":[{"floor":1,"key":"hermit:BlackBile"},{"floor":2,"key":"blueLaboratory:Moonshine"},{"floor":6,"key":"blueLaboratory:EnragingPotion"},{"floor":8,"key":"Weak Potion"},{"floor":20,"key":"DemoMod:LeadSkinPotion"},{"floor":29,"key":"Energy Potion"}],"is_trial":false,"path_per_floor":["M","M","?","?","M","E","R","M","T","?","?","M","R","M","R","B",null,"M","?","M","?","$","R","M","R","T","?","R","M","$","M","R","B",null,"M","M","M","AVR","M","?","T","?","T","M","R","M","R","M","R","B",null],"character_chosen":"HERMIT","items_purchased":["infinitespire:Lucky Rock","hermit:ShadowCloak","trackpad:CultistFigurine"],"campfire_rested":6,"item_purchase_floors":[22,22,30],"current_hp_per_floor":[54,54,54,54,46,11,33,27,27,27,27,26,48,48,48,3,75,48,48,48,48,48,70,50,50,50,50,50,31,31,20,42,42,75,64,34,24,24,10,25,25,25,25,12,34,34,56,49,49,49],"gold":140,"neow_bonus":"ONE_RARE_RELIC","is_daily":false,"chose_seed":false,"campfire_upgraded":3,"win_rate":0.0,"timestamp":1613707973,"path_taken":["M","M","?","?","M","E","R","M","T","?","?","M","R","M","R","BOSS","M","?","M","?","$","R","M","R","T","?","R","M","?","?","R","BOSS","M","M","M","AVR","?","?","?","?","T","M","R","?","R","M","R","BOSS"],"items_purchased_type":["Relic","Card","Relic"],"build_version":"2020-12-22","purchased_purges":1,"victory":true,"max_hp_per_floor":[75,75,75,75,75,75,75,75,75,75,75,75,75,75,75,75,75,75,75,75,75,75,75,75,75,75,75,75,75,75,75,75,75,75,75,75,75,75,75,75,75,75,75,75,75,75,75,75,75,75],"card_choices":[{"not_picked":["hermit:Showdown","hermit:Snipe"],"picked":"hermit:BigShot","floor":1},{"not_picked":["hermit:Feint","hermit:Roulette"],"picked":"hermit:Snipe","floor":2},{"not_picked":["hermit:TrackingShot","hermit:Cheat"],"picked":"hermit:Glare","floor":5},{"not_picked":["hermit:EternalForm","hermit:Snipe"],"picked":"hermit:HighCaliber","floor":6},{"not_picked":["hermit:BodyArmor","hermit:Snipe"],"picked":"hermit:Headshot","floor":8},{"not_picked":["hermit:Reprieve","hermit:ItchyTrigger"],"picked":"hermit:Headshot","floor":12},{"not_picked":["hermit:Glare","hermit:Dive"],"picked":"hermit:Brawl","floor":14},{"not_picked":["hermit:HighNoon","hermit:OverwhelmingPower"],"picked":"hermit:Dissolve","floor":16},{"not_picked":["hermit:Virtue","hermit:Dive"],"picked":"hermit:Maintenance","floor":18},{"not_picked":["hermit:Roulette","hermit:Manifest"],"picked":"hermit:Misfire+1","floor":20},{"not_picked":["hermit:TrackingShot","hermit:ShadowCloak"],"picked":"hermit:BigShot","floor":24},{"not_picked":["hermit:LowProfile","hermit:GoldenBullet"],"picked":"hermit:Quickdraw","floor":29},{"not_picked":["hermit:LowProfile","hermit:FromBeyond"],"picked":"hermit:Dive","floor":31},{"not_picked":["hermit:FatalDesire","hermit:Purgatory"],"picked":"hermit:Roughhouse","floor":33},{"not_picked":["hermit:Deadeye","hermit:Ricochet"],"picked":"hermit:Dive","floor":35},{"not_picked":["hermit:Feint","hermit:FlashPowder+1"],"picked":"hermit:Vantage","floor":36},{"not_picked":["hermit:BodyArmor","hermit:FlashPowder"],"picked":"hermit:Roughhouse","floor":37},{"not_picked":["hermit:TakeCover+1","hermit:CalledShot"],"picked":"hermit:PistolWhip+1","floor":39},{"not_picked":["hermit:LowProfile+1","hermit:Manifest+1"],"picked":"hermit:Dive","floor":44},{"not_picked":["hermit:GoldenBullet+1","hermit:TrackingShot+1"],"picked":"hermit:LoneWolf","floor":46},{"not_picked":["hermit:Virtue+1","hermit:Deadeye+1"],"picked":"hermit:Quickdraw","floor":48}],"player_experience":154911,"relics_obtained":[{"floor":6,"key":"trackpad:SappingStone"},{"floor":26,"key":"Vajra"},{"floor":41,"key":"trackpad:BottledTsunami"},{"floor":43,"key":"infinitespire:Satchel"}],"event_choices":[],"is_beta":false,"boss_relics":[{"not_picked":["hubris:HollowSoul","relicPack:ShieldShield"],"picked":"relicPack:StarArrow"},{"not_picked":["Velvet Choker","Runic Dome"],"picked":"Sozu"}],"items_purged_floors":[22],"is_endless":false,"potions_floor_spawned":[1,2,6,8,20,29,35,44],"ascension_level":0}}