{"host":"pqhwp6kmk3x070f7","time":1613720495,"event":{"mods":["Act Like it!","BaseMod","Better Altar","Better Match","Better Note","Better Sensory Stone","Better Skull","Better Third Choice","Downfall","Energized Spire","Hermit","Hubris","Infinite Spire","Minty Spire (QoL Compilation)","Reliquary","Replay The Spire","Ruina","StSLib","The Marked"],"gold_per_floor":[113,113,130,55,55,87,87,97,97,123,141,168,178,33,33,129,129,149,149,149,167,167,195,195,212,239,269,169,169,180,28,28,131,131,146,146,146,146,161,161,188,188,188,188,32,47,0,100,100,100],"floor_reached":51,"language":"ENG","playtime":6786,"items_purged":["Defend_R","Strike_R","Strike_R"],"score":804,"play_id":"ccdd856f-dd5a-49a1-8524-381def64cf81","local_time":"20210218234135","is_ascension_mode":true,"campfire_choices":[{"floor":7,"key":"REST"},{"floor":15,"key":"DIG"},{"floor":24,"key":"REST"},{"floor":29,"key":"REST"},{"floor":32,"key":"REST"},{"floor":40,"key":"REST"},{"floor":42,"key":"REST"},{"data":"Metallicize","floor":44,"key":"SMITH"},{"data":"Rupture","floor":49,"key":"SMITH"}],"circlet_count":0,"master_deck":["Strike_R","Strike_R","Strike_R","Defend_R","Defend_R","Defend_R","Bash+1","Shrug It Off","Metallicize+1","Burning Pact","Massacre","Inflame","Rage","Demon Form+1","Rupture+1","Battle Trance+1","Limit Break+1","Seeing Red","Barricade+1","infinitespire:Starlight","Inflame+1","Replay:Undeath\u0027s Touch+1"],"relics":["reliquary:RustamsPendant","WarpedTongs","Letter Opener","reliquary:Vitrine","Pet Ghost","Blood Vial","Oddly Smooth Stone","Red Skull","Mark of Pain","reliquary:GummyVitamins","hubris:Towel","Golden Egg","Vajra","Letter Opener","Regal Pillow","energizedSpire:RedRose","Happy Flower","infinitespire:CheckeredPen","ReplayTheSpireMod:Shallot","reliquary:ExpiredCoupon","Red Mask"],"acts_visited":["Exordium","Exordium","TheBeyond"],"potions_floor_usage":[6,10,16,25,27,35,50],"damage_taken":[{"damage":5,"enemies":"Small Slimes","floor":1,"turns":5},{"damage":0,"enemies":"Cultist","floor":3,"turns":4},{"damage":23,"enemies":"3 Sentries","floor":6,"turns":9},{"damage":1,"enemies":"2 Louse","floor":8,"turns":3},{"damage":3,"enemies":"Lagavulin","floor":10,"turns":6},{"damage":5,"enemies":"Blue Slaver","floor":11,"turns":4},{"damage":4,"enemies":"3 Sentries","floor":12,"turns":5},{"damage":0,"enemies":"Exordium Thugs","floor":13,"turns":4},{"damage":22,"enemies":"The Guardian","floor":16,"turns":9},{"damage":41,"enemies":"ruina:Nosferatu","floor":18,"turns":6},{"damage":10,"enemies":"ruina:2_Scarecrows","floor":21,"turns":4},{"damage":21,"enemies":"ruina:Mountain","floor":23,"turns":6},{"damage":13,"enemies":"ruina:Woodsman","floor":25,"turns":3},{"damage":4,"enemies":"ruina:ServantOfWrath","floor":27,"turns":5},{"damage":0,"enemies":"ruina:KingOfGreed","floor":30,"turns":3},{"damage":48,"enemies":"ruina:JesterOfNihil","floor":33,"turns":7},{"damage":25,"enemies":"Orb Walker","floor":35,"turns":5},{"damage":9,"enemies":"3 Shapes","floor":39,"turns":2},{"damage":38,"enemies":"Nemesis","floor":41,"turns":6},{"damage":8,"enemies":"Transient","floor":46,"turns":5},{"damage":74,"enemies":"Donu and Deca","floor":50,"turns":7}],"seed_played":"-362901871340256348","potions_obtained":[{"floor":1,"key":"Block Potion"},{"floor":8,"key":"Weak Potion"},{"floor":12,"key":"BlessingOfTheForge"},{"floor":16,"key":"DuplicationPotion"},{"floor":18,"key":"Swift Potion"},{"floor":27,"key":"Elixir"},{"floor":39,"key":"Explosive Potion"}],"is_trial":false,"path_per_floor":["M","?","M","$","?","E","R","M","T","E","M","E","M","$","R","B",null,"M","AVR","?","M","?","E","R","M","T","E","?","R","M","$","R","B",null,"M","AVR","?","?","M","R","E","R","T","R","$","M","?","?","R","B",null],"character_chosen":"IRONCLAD","items_purchased":["Oddly Smooth Stone","Regal Pillow","reliquary:ExpiredCoupon"],"campfire_rested":6,"item_purchase_floors":[14,31,45],"current_hp_per_floor":[75,75,75,75,75,52,76,75,75,72,67,63,65,65,65,45,80,39,39,39,31,31,12,36,25,25,23,23,47,49,49,80,32,80,55,55,35,35,28,67,41,80,80,80,80,72,72,72,72,10],"gold":100,"neow_bonus":"BOSS_RELIC","is_daily":false,"chose_seed":false,"campfire_upgraded":2,"win_rate":0.0,"timestamp":1613720495,"path_taken":["M","?","M","?","?","E","R","M","T","E","M","E","?","$","R","BOSS","M","AVR","?","M","?","E","R","M","T","E","?","R","M","$","R","BOSS","M","AVR","?","?","M","R","E","R","T","R","$","M","?","?","R","BOSS"],"items_purchased_type":["Relic","Relic","Relic"],"build_version":"2020-12-22","purchased_purges":3,"victory":true,"max_hp_per_floor":[80,80,80,80,80,80,80,80,80,80,80,80,80,80,80,80,80,80,80,80,80,80,80,80,80,80,80,80,80,80,80,80,80,80,80,80,80,80,80,80,80,80,80,80,80,80,80,80,80,80],"card_choices":[{"not_picked":["Thunderclap","Flex"],"picked":"Shrug It Off","floor":1},{"not_picked":["Cleave","Anger"],"picked":"Metallicize","floor":3},{"not_picked":["Run Through","Heavy Blade"],"picked":"Burning Pact","floor":6},{"not_picked":["Clothesline","Wild Strike","Body Slam"],"picked":"SKIP","floor":8},{"not_picked":["Perfected Strike","Heavy Blade"],"picked":"Massacre","floor":10},{"not_picked":["Shrug It Off","ReplayTheSpireMod:Strike From Hell"],"picked":"Inflame","floor":11},{"not_picked":["Exhume","Shrug It Off"],"picked":"Rage","floor":12},{"not_picked":["Clothesline","True Grit","Wild Strike"],"picked":"SKIP","floor":13},{"not_picked":["Feed","Eclipse"],"picked":"Demon Form","floor":16},{"not_picked":["Body Slam","Run Through","ReplayTheSpireMod:Strike From Hell"],"picked":"SKIP","floor":18},{"not_picked":["Replay:Undeath\u0027s Touch+1","Shrug It Off","Flame Barrier"],"picked":"SKIP","floor":21},{"not_picked":["Sword Boomerang","Reckless Charge"],"picked":"Rupture","floor":23},{"not_picked":["Warcry","Sword Boomerang"],"picked":"Battle Trance+1","floor":25},{"not_picked":["Twin Strike","Abandon+1","Power Through"],"picked":"SKIP","floor":27},{"not_picked":["Offering","Fiend Fire"],"picked":"Limit Break","floor":28},{"not_picked":["Sword Boomerang","Clothesline"],"picked":"Seeing Red","floor":30},{"not_picked":["Limit Break","Juggernaut"],"picked":"Barricade","floor":33},{"not_picked":["Anger+1","Spot Weakness","Body Slam+1"],"picked":"SKIP","floor":35},{"not_picked":["infinitespire:FinalStrike","infinitespire:Collect"],"picked":"infinitespire:Starlight","floor":37},{"not_picked":["Feel No Pain","Thunderclap"],"picked":"Inflame+1","floor":39},{"not_picked":["Disarm","hubris:SharpeningStone","Sever Soul+1"],"picked":"SKIP","floor":41},{"not_picked":["Anger","Ghostly Armor+1"],"picked":"Replay:Undeath\u0027s Touch+1","floor":46}],"player_experience":1382962,"relics_obtained":[{"floor":6,"key":"Letter Opener"},{"floor":9,"key":"reliquary:Vitrine"},{"floor":10,"key":"Pet Ghost"},{"floor":12,"key":"Blood Vial"},{"floor":15,"key":"Red Skull"},{"floor":23,"key":"Golden Egg"},{"floor":26,"key":"Vajra"},{"floor":27,"key":"reliquary:SculptingSteel"},{"floor":41,"key":"infinitespire:CheckeredPen"},{"floor":43,"key":"ReplayTheSpireMod:Shallot"}],"event_choices":[{"damage_healed":0,"gold_gain":0,"player_choice":"Upgraded","damage_taken":0,"max_hp_gain":0,"max_hp_loss":0,"event_name":"Upgrade Shrine","floor":2,"gold_loss":0,"cards_upgraded":["Bash"]},{"damage_healed":0,"gold_gain":0,"player_choice":"Rummage","damage_taken":0,"relics_obtained":["WarpedTongs"],"max_hp_gain":0,"max_hp_loss":0,"event_name":"Accursed Blacksmith","floor":5,"gold_loss":0,"cards_obtained":["Pain"]},{"damage_healed":0,"gold_gain":0,"player_choice":"Paid","damage_taken":0,"relics_obtained":["Red Mask"],"max_hp_gain":0,"max_hp_loss":0,"event_name":"Tomb of Lord Red Mask","floor":47,"gold_loss":47},{"damage_healed":0,"gold_gain":100,"player_choice":"Pray","damage_taken":0,"max_hp_gain":0,"max_hp_loss":0,"event_name":"Golden Shrine","floor":48,"gold_loss":0}],"is_beta":false,"boss_relics":[{"not_picked":["Cursed Key","Ring of Chaos"],"picked":"Mark of Pain"},{"not_picked":["Black Star","Runic Cube"],"picked":"energizedSpire:RedRose"}],"items_purged_floors":[4,19,36],"is_endless":false,"potions_floor_spawned":[1,8,10,12,16,18,27,39],"ascension_level":3}}