{"host":"fv2k0lzl4ivow5fw","time":1613719036,"event":{"mods":["Aspiration","BaseMod","Downfall","Infinite Spire","Marisa????????","Minty Spire (QoL Compilation)","Reliquary","Replay The Spire","StSLib","The Animator","The Servant 0.9.4"],"gold_per_floor":[130,305,332,349,374,403,449,472,472,472,573,596,660,670,670,775,775,797,816,916,932,957,990,1027,1041,1041,902,931,954,954,973,973,1075,1075,1094,1094,1132,37,37,62,62,81,130,143,174,174,230,253,253,261,261,261,592,596,596],"floor_reached":54,"language":"ENG","playtime":8590,"items_purged":["animator:Strike","animator:Defend"],"score":1034,"play_id":"e1b137f3-bc10-4c2c-883c-3a75d17bbafa","local_time":"20210218231716","is_ascension_mode":false,"campfire_choices":[{"floor":10.0,"key":"REST"},{"data":"animator:GazelDwargon","floor":15.0,"key":"SMITH"},{"floor":32.0,"key":"RECALL"},{"floor":49.0,"key":"DIG"},{"data":"animator:HinaKagiyama","floor":52.0,"key":"SMITH"}],"circlet_count":0,"master_deck":["animator:Strike_Konosuba","animator:Defend_Konosuba","animator:Strike","animator:Strike","animator:Defend","animator:Defend","animator:Kazuma","animator:Aqua","animator:OrikoMikuni","Doubt","animator:Mitsurugi","animator:IrohaTamaki","animator:YachiyoNanami","animator:Chris","animator:Verdia","animator:MetalKnight","animator:Mitsurugi","animator:RoryMercury","animator:YunYun","animator:Verdia","animator:Wiz","animator:GazelDwargon","animator:Hans","animator:MetalKnight","animator:Megumin","downfall:Haunted","downfall:Haunted","Writhe","downfall:Aged","animator:AcuraShin","Hallucinations","animator:Chris","animator:Kuribayashi","animator:Kuribayashi","animator:YaoHaDucy","animator:Shuna","animator:HomuraAkemi","animator:Evileye","Bandage Up","animator:Aqua","animator:ItamiYouji","animator:Shuna","animator:NagisaMomoe","animator:TanyaDegurechaff","animator:MisakiNakahara","animator:TukaLunaMarceau","Wraith","animator:Vanir","animator:HinaKagiyama","animator:Curse_Dizziness","animator:TukaLunaMarceau","animator:PandorasActor","animator:Vanir","Amnesia","animator:Bozes","animator:Verdia"],"relics":["animator:TheEgnaroPiece","animator:LivingPicture","animator:TheMissingPiece"],"acts_visited":["Exordium","TheCity","TheBeyond","TheEnding","EYB:TheUnnamedReign"],"potions_floor_usage":[],"damage_taken":[{"damage":4.0,"enemies":"Cultist","floor":1.0,"turns":5.0},{"damage":0.0,"enemies":"Small Slimes","floor":3.0,"turns":7.0},{"damage":0.0,"enemies":"2 Louse","floor":4.0,"turns":3.0},{"damage":11.0,"enemies":"Large Slime","floor":5.0,"turns":12.0},{"damage":40.0,"enemies":"3 Sentries","floor":6.0,"turns":20.0},{"damage":14.0,"enemies":"Exordium Thugs","floor":7.0,"turns":9.0},{"damage":0.0,"enemies":"Looter","floor":8.0,"turns":4.0},{"damage":0.0,"enemies":"2 Fungi Beasts","floor":12.0,"turns":4.0},{"damage":3.0,"enemies":"Lagavulin","floor":13.0,"turns":8.0},{"damage":0.0,"enemies":"3 Louse","floor":14.0,"turns":3.0},{"damage":0.0,"enemies":"Slime Boss","floor":16.0,"turns":8.0},{"damage":7.0,"enemies":"Shell Parasite","floor":18.0,"turns":7.0},{"damage":11.0,"enemies":"Spheric Guardian","floor":19.0,"turns":6.0},{"damage":17.0,"enemies":"3 Cultists","floor":21.0,"turns":5.0},{"damage":19.0,"enemies":"Centurion and Healer","floor":22.0,"turns":8.0},{"damage":21.0,"enemies":"Gremlin Leader","floor":23.0,"turns":6.0},{"damage":27.0,"enemies":"Shelled Parasite and Fungi","floor":24.0,"turns":3.0},{"damage":7.0,"enemies":"Snake Plant","floor":25.0,"turns":3.0},{"damage":15.0,"enemies":"Replay:Snechameleon","floor":28.0,"turns":3.0},{"damage":26.0,"enemies":"Centurion and Healer","floor":29.0,"turns":4.0},{"damage":0.0,"enemies":"Snecko","floor":31.0,"turns":3.0},{"damage":49.0,"enemies":"Automaton","floor":33.0,"turns":10.0},{"damage":0.0,"enemies":"Orb Walker","floor":35.0,"turns":2.0},{"damage":13.0,"enemies":"3 Shapes","floor":37.0,"turns":2.0},{"damage":0.0,"enemies":"Nemesis","floor":40.0,"turns":4.0},{"damage":0.0,"enemies":"Transient","floor":42.0,"turns":5.0},{"damage":0.0,"enemies":"Spire Growth","floor":44.0,"turns":2.0},{"damage":0.0,"enemies":"Reptomancer","floor":45.0,"turns":2.0},{"damage":14.0,"enemies":"Maw","floor":47.0,"turns":6.0},{"damage":0.0,"enemies":"Transient","floor":48.0,"turns":7.0},{"damage":28.0,"enemies":"Time Eater","floor":50.0,"turns":7.0},{"damage":32,"enemies":"animator:UNNAMED_CULTIST_1","floor":54,"turns":8}],"seed_played":"-4241014691168696452","potions_obtained":[{"floor":3.0,"key":"Cursed Concoction"},{"floor":6.0,"key":"FearPotion"},{"floor":8.0,"key":"sneckomod:MuddlingPotion"},{"floor":13.0,"key":"SteroidPotion"},{"floor":18.0,"key":"hexamod:SoulburnPotion"},{"floor":19.0,"key":"SkillPotion"},{"floor":29.0,"key":"Block Potion"},{"floor":37.0,"key":"AttackPotion"},{"floor":42.0,"key":"champ:CounterPotion"},{"floor":45.0,"key":"Weak Potion"},{"floor":47.0,"key":"Strength Potion"}],"is_trial":false,"path_per_floor":["M","?","M","M","M","E","M","M","T","R","?","M","E","M","R","B",null,"M","M","?","M","M","E","M","M","T","?","E","M","AVR","M","R","B",null,"M","?","M","$","?","E","?","M","T","M","E","?","M","M","R","B",null,"R","??","M"],"character_chosen":"THE_ANIMATOR","items_purchased":["animator:WizardHat","infinitespire:ShieldingShard","Frozen Eye","animator:TanyaDegurechaff","animator:MisakiNakahara","animator:TukaLunaMarceau"],"campfire_rested":1,"item_purchase_floors":[38,38,38,38,38,38],"current_hp_per_floor":[70,70,72,73,64,27,15,17,17,48,31,33,32,44,56,60,77,72,61,66,51,47,38,25,32,32,32,30,16,16,30,54,32,85,85,85,74,74,74,76,76,78,78,82,84,84,73,77,85,57,85,85,86,54,54],"gold":596,"neow_bonus":"TEN_PERCENT_HP_BONUS","is_daily":false,"chose_seed":false,"campfire_upgraded":2,"win_rate":0.0,"timestamp":1613719036,"path_taken":["M","?","M","M","M","E","M","M","T","R","?","?","E","M","R","BOSS","M","M","?","M","M","E","M","M","T","?","E","M","AVR","M","R","BOSS","M","?","M","$","?","E","?","M","T","M","E","?","M","M","R","BOSS","R","??","M"],"items_purchased_type":["Relic","Relic","Relic","Card","Card","Card"],"build_version":"2020-12-22","purchased_purges":2,"victory":false,"max_hp_per_floor":[72,72,72,73,73,74,74,74,74,74,75,75,75,75,75,77,77,77,77,82,82,83,83,83,83,83,83,84,84,84,84,84,85,85,85,85,85,85,85,85,85,85,85,85,85,85,85,85,85,85,85,85,86,86,86],"card_choices":[{"not_picked":["animator:Gillette","animator:Kazuma"],"picked":"animator:OrikoMikuni","floor":1.0},{"not_picked":["animator:Verdia","animator:Tyuule"],"picked":"animator:Mitsurugi","floor":3.0},{"not_picked":["animator:SayakaMiki","animator:SuzuneAmano"],"picked":"animator:IrohaTamaki","floor":4.0},{"not_picked":["animator:SayakaMiki","animator:OrikoMikuni"],"picked":"animator:YachiyoNanami","floor":5.0},{"not_picked":["animator:Millim","animator:Souei"],"picked":"animator:Chris","floor":6.0},{"not_picked":["animator:Kaijin","animator:TukaLunaMarceau"],"picked":"animator:Verdia","floor":7.0},{"not_picked":["animator:Hakurou","animator:Entoma"],"picked":"animator:MetalKnight","floor":8.0},{"not_picked":["animator:YaoHaDucy","animator:Tatsumaki"],"picked":"animator:Mitsurugi","floor":11.0},{"not_picked":["animator:Sebas","animator:Shion"],"picked":"animator:RoryMercury","floor":11.0},{"not_picked":["animator:Vesta","animator:Hakurou"],"picked":"animator:YunYun","floor":11.0},{"not_picked":["animator:Vanir","animator:Aqua"],"picked":"animator:Verdia","floor":12.0},{"not_picked":["animator:SuzuneAmano","animator:YuiTsuruno"],"picked":"animator:Wiz","floor":13.0},{"not_picked":["animator:Gillette","animator:Sebas"],"picked":"animator:GazelDwargon","floor":14.0},{"not_picked":["animator:Boros","animator:ChaikaTrabant"],"picked":"animator:Hans","floor":16.0},{"not_picked":["animator:Vanir","animator:SuzuneAmano"],"picked":"animator:MetalKnight+1","floor":18.0},{"not_picked":["animator:Chris","animator:Aqua"],"picked":"animator:Megumin","floor":19.0},{"not_picked":["animator:Sonic","animator:Millim+1"],"picked":"animator:Chris","floor":21.0},{"not_picked":["animator:SilverFang+1","animator:YachiyoNanami"],"picked":"animator:Kuribayashi","floor":22.0},{"not_picked":["animator:Genos","animator:ChaikaBohdan"],"picked":"animator:Kuribayashi+1","floor":23.0},{"not_picked":["animator:Tyuule","animator:Kuribayashi"],"picked":"animator:YaoHaDucy","floor":24.0},{"not_picked":["animator:Demiurge+1","animator:MumenRider"],"picked":"animator:Shuna","floor":25.0},{"not_picked":["animator:Layla+1","animator:Kuribayashi"],"picked":"animator:HomuraAkemi","floor":28.0},{"not_picked":["animator:Benimaru","animator:OrikoMikuni"],"picked":"animator:Evileye","floor":29.0},{"not_picked":["animator:Chris","animator:Vanir"],"picked":"animator:Aqua","floor":31.0},{"not_picked":["animator:MadokaKaname","animator:Albedo"],"picked":"animator:ItamiYouji","floor":33.0},{"not_picked":["animator:SilverFang+1","animator:Arpeggio+1"],"picked":"animator:Shuna+1","floor":35.0},{"not_picked":["animator:OrikoMikuni+1","animator:MetalKnight"],"picked":"animator:NagisaMomoe","floor":37.0},{"not_picked":["animator:OrikoMikuni","animator:MumenRider"],"picked":"animator:Vanir+1","floor":40.0},{"not_picked":["animator:Tyuule","animator:LeleiLaLalena"],"picked":"animator:TukaLunaMarceau","floor":42.0},{"not_picked":["animator:YuiTsuruno+1","animator:Hakurou+1"],"picked":"animator:PandorasActor","floor":44.0},{"not_picked":["animator:SayakaMiki+1","animator:Sebas+1"],"picked":"animator:Vanir+1","floor":45.0},{"not_picked":["animator:Chris","animator:Sonic+1"],"picked":"animator:Bozes+1","floor":47.0},{"not_picked":["animator:Aqua","animator:Chris"],"picked":"animator:Verdia","floor":48.0}],"player_experience":121310,"relics_obtained":[{"floor":6.0,"key":"Golden Egg"},{"floor":9.0,"key":"Eternal Feather"},{"floor":13.0,"key":"Meat on the Bone"},{"floor":23.0,"key":"Gambling Chip"},{"floor":28.0,"key":"infinitespire:Eraser"},{"floor":34.0,"key":"reliquary:Knoch"},{"floor":34.0,"key":"aspiration:FetidBarrel"},{"floor":34.0,"key":"infinitespire:Golems Mask"},{"floor":40.0,"key":"Akabeko"},{"floor":43.0,"key":"Replay:Baseball"},{"floor":45.0,"key":"Mercury Hourglass"},{"floor":46.0,"key":"ReplayTheSpireMod:Ring of Challenge"},{"floor":46.0,"key":"Ring of Peace"},{"floor":49.0,"key":"reliquary:Boomerang"},{"floor":53,"key":"animator:TheEgnaroPiece"}],"event_choices":[{"damage_healed":0.0,"max_hp_gain":0.0,"max_hp_loss":0.0,"gold_gain":175.0,"event_name":"Liars Game","player_choice":"AGREE","floor":2.0,"gold_loss":0.0,"damage_taken":0.0,"cards_obtained":["Doubt"]},{"damage_healed":0.0,"max_hp_gain":0.0,"max_hp_loss":0.0,"gold_gain":0.0,"event_name":"WeMeetAgain","player_choice":"Paid Gold","floor":27.0,"gold_loss":139.0,"damage_taken":0.0,"relics_obtained":["aspiration:VileToxins"]},{"damage_healed":0.0,"max_hp_gain":0.0,"max_hp_loss":0.0,"gold_gain":0.0,"event_name":"Tomb of Lord Red Mask","player_choice":"Ignored","floor":36.0,"gold_loss":0.0,"damage_taken":0.0},{"damage_healed":0.0,"max_hp_gain":0.0,"max_hp_loss":0.0,"gold_gain":0.0,"event_name":"OrinTheCat","player_choice":"Ignored","floor":39.0,"gold_loss":0.0,"damage_taken":0.0}],"is_beta":false,"boss_relics":[{"not_picked":["Replay:Wanted Poster","Cursed Key"],"picked":"animator:VividPicture"},{"not_picked":["Replay:Bronze Core","Kintsugi"],"picked":"Calling Bell"}],"items_purged_floors":[30,38],"is_endless":false,"potions_floor_spawned":[3,6,8,13,14,18,19,21,23,29,37,42,45,47],"killed_by":"animator:UNNAMED_CULTIST_1","ascension_level":0}}