{"host":"5n1fl7z5i1vf7jan","time":1613734978,"event":{"mods":["BaseMod","Minty Spire (QoL Compilation)","Quick Restart","Relic Stats"],"gold_per_floor":[362,381,176,146,160,170,203,203,203,2,2,20,20,41,41,115,115,128,128,28,53,53,53,88,88,114,114,149,160,180,191,191,267,267,281,291,291,291,316,316,351,573,620,341,352,364,90,101,101,101,101,101,101,101,131,131,131],"floor_reached":56,"language":"ENG","playtime":2434,"items_purged":["Strike_B","Strike_B","Strike_B","Defend_B"],"score":1851,"play_id":"c6b2e423-6c7f-4e9e-af50-2dfaceee2854","local_time":"20210219034258","is_ascension_mode":true,"campfire_choices":[{"data":"Doom and Gloom","floor":8.0,"key":"SMITH"},{"data":"Coolheaded","floor":11.0,"key":"SMITH"},{"floor":15.0,"key":"REST"},{"data":"Defragment","floor":23.0,"key":"SMITH"},{"floor":25.0,"key":"REST"},{"floor":27.0,"key":"REST"},{"data":"Seek","floor":32.0,"key":"SMITH"},{"data":"Biased Cognition","floor":40.0,"key":"SMITH"},{"floor":49.0,"key":"RECALL"},{"data":"Apotheosis","floor":53.0,"key":"SMITH"}],"circlet_count":0,"master_deck":["AscendersBane","Defend_B","Defend_B","Defend_B","Zap","Dualcast","Coolheaded+1","BootSequence","FTL","Steam","Genetic Algorithm","Doom and Gloom+1","Cold Snap","Seek+1","Biased Cognition+1","Capacitor","Biased Cognition","Defragment+1","Necronomicurse","Loop","Streamline","Reinforced Body","Force Field","Go for the Eyes","Core Surge","Dark Shackles","Ball Lightning","Self Repair","Apotheosis+1"],"relics":["Cracked Core","Bird Faced Urn","Emotion Chip","DataDisk","Odd Mushroom","Philosopher\u0027s Stone","Necronomicon","Red Mask","Meat on the Bone","Matryoshka","Inserter","Regal Pillow","The Courier","Gambling Chip","Centennial Puzzle","Bottled Lightning","Anchor","OrangePellets","Lantern"],"acts_visited":["TheCity","TheBeyond","TheEnding"],"potions_floor_usage":[],"damage_taken":[{"damage":10.0,"enemies":"Small Slimes","floor":1.0,"turns":4.0},{"damage":1.0,"enemies":"Cultist","floor":2.0,"turns":3.0},{"damage":0.0,"enemies":"2 Louse","floor":5.0,"turns":2.0},{"damage":3.0,"enemies":"Blue Slaver","floor":6.0,"turns":3.0},{"damage":14.0,"enemies":"Lagavulin","floor":7.0,"turns":8.0},{"damage":0.0,"enemies":"2 Fungi Beasts","floor":12.0,"turns":2.0},{"damage":0.0,"enemies":"The Mushroom Lair","floor":14.0,"turns":2.0},{"damage":11.0,"enemies":"The Guardian","floor":16.0,"turns":10.0},{"damage":6.0,"enemies":"Shell Parasite","floor":18.0,"turns":5.0},{"damage":0.0,"enemies":"Masked Bandits","floor":21.0,"turns":3.0},{"damage":51.0,"enemies":"Gremlin Leader","floor":24.0,"turns":6.0},{"damage":18.0,"enemies":"Book of Stabbing","floor":28.0,"turns":4.0},{"damage":5.0,"enemies":"Spheric Guardian","floor":29.0,"turns":3.0},{"damage":0.0,"enemies":"Centurion and Healer","floor":30.0,"turns":4.0},{"damage":4.0,"enemies":"Sentry and Sphere","floor":31.0,"turns":5.0},{"damage":11.0,"enemies":"Collector","floor":33.0,"turns":7.0},{"damage":6.0,"enemies":"3 Shapes","floor":35.0,"turns":4.0},{"damage":0.0,"enemies":"Orb Walker","floor":36.0,"turns":4.0},{"damage":0.0,"enemies":"Mind Bloom Boss Battle","floor":39.0,"turns":7.0},{"damage":28.0,"enemies":"Giant Head","floor":41.0,"turns":8.0},{"damage":0.0,"enemies":"Maw","floor":45.0,"turns":7.0},{"damage":2.0,"enemies":"Jaw Worm Horde","floor":46.0,"turns":3.0},{"damage":0.0,"enemies":"Transient","floor":48.0,"turns":6.0},{"damage":11.0,"enemies":"Donu and Deca","floor":50.0,"turns":10.0},{"damage":18.0,"enemies":"Time Eater","floor":51.0,"turns":9.0},{"damage":41.0,"enemies":"Shield and Spear","floor":55.0,"turns":6.0},{"damage":46,"enemies":"The Heart","floor":56,"turns":5}],"seed_played":"2844386057060973682","potions_obtained":[{"floor":4.0,"key":"Block Potion"},{"floor":7.0,"key":"Explosive Potion"},{"floor":14.0,"key":"ColorlessPotion"},{"floor":16.0,"key":"SpeedPotion"},{"floor":28.0,"key":"LiquidMemories"},{"floor":29.0,"key":"FocusPotion"},{"floor":35.0,"key":"SneckoOil"},{"floor":39.0,"key":"DistilledChaos"},{"floor":46.0,"key":"LiquidMemories"}],"is_trial":false,"path_per_floor":["M","M","$","?","M","M","E","R","T","$","R","M","?","?","R","B",null,"M","?","$","?","?","R","E","R","T","R","E","M","M","M","R","B",null,"M","M","?","T","?","R","E","?","T","$","M","M","$","M","R","B","B",null,"R","$","E","B"],"character_chosen":"DEFECT","items_purchased":["FTL","Regen Potion","DataDisk","Cold Snap","OrangePellets","Block Potion","Apotheosis"],"campfire_rested":3,"item_purchase_floors":[3,3,10,10,44,44,47],"current_hp_per_floor":[36,35,35,35,35,32,33,33,33,33,33,33,33,33,54,47,65,65,44,44,50,50,50,7,28,28,49,39,38,46,50,50,49,66,67,71,71,71,71,71,49,49,49,49,68,71,71,71,71,71,55,67,67,67,36,0,0],"gold":131,"neow_bonus":"TWO_FIFTY_GOLD","is_daily":false,"chose_seed":false,"campfire_upgraded":6,"win_rate":0.0,"timestamp":1613734978,"path_taken":["M","M","$","?","?","M","E","R","T","$","R","M","?","?","R","BOSS","M","?","$","?","?","R","E","R","T","R","E","M","M","M","R","BOSS","M","?","?","?","?","R","E","?","T","$","M","M","$","M","R","BOSS","BOSS","R","$","E","BOSS"],"items_purchased_type":["Card","Potion","Relic","Card","Relic","Potion","Card"],"build_version":"2020-12-22","purchased_purges":4,"victory":false,"max_hp_per_floor":[71,71,71,71,71,71,71,71,71,71,71,71,71,71,71,71,71,71,71,71,71,71,71,71,71,71,71,71,71,71,71,71,71,71,71,71,71,71,71,71,71,71,71,71,71,71,71,71,71,71,71,71,71,71,71,71,71],"relic_stats":{"OrangePellets":[12],"Emotion Chip":[67,28,24,15,0],"Regal Pillow":0,"Centennial Puzzle":[15],"Inserter":[32],"counters":[27,139],"Bird Faced Urn":[124],"Gambling Chip":[16],"Necronomicon":[33],"obtain_stats":[{"Regal Pillow":38,"Lantern":55,"Inserter":34,"The Courier":38,"Odd Mushroom":14,"OrangePellets":44,"Emotion Chip":9,"DataDisk":10,"Centennial Puzzle":41,"Anchor":43,"Matryoshka":28,"Bird Faced Urn":7,"Gambling Chip":39,"Philosopher\u0027s Stone":17,"Necronomicon":19,"Red Mask":21,"Bottled Lightning":43,"Cracked Core":0,"Meat on the Bone":24},{"Regal Pillow":18,"Lantern":26,"Inserter":16,"The Courier":18,"Odd Mushroom":7,"OrangePellets":20,"Emotion Chip":5,"DataDisk":5,"Centennial Puzzle":20,"Anchor":20,"Matryoshka":12,"Bird Faced Urn":5,"Gambling Chip":19,"Philosopher\u0027s Stone":8,"Necronomicon":9,"Red Mask":10,"Bottled Lightning":20,"Cracked Core":0,"Meat on the Bone":11},{"Regal Pillow":78,"Lantern":134,"Inserter":71,"The Courier":78,"Odd Mushroom":24,"OrangePellets":93,"Emotion Chip":20,"DataDisk":20,"Centennial Puzzle":93,"Anchor":93,"Matryoshka":52,"Bird Faced Urn":20,"Gambling Chip":85,"Philosopher\u0027s Stone":34,"Necronomicon":39,"Red Mask":42,"Bottled Lightning":93,"Cracked Core":0,"Meat on the Bone":48}],"Meat on the Bone":0},"card_choices":[{"not_picked":["Rebound","Stack"],"picked":"Coolheaded","floor":1.0},{"not_picked":["Go for the Eyes","Undo"],"picked":"BootSequence","floor":2.0},{"not_picked":["Redo","Turbo"],"picked":"Steam","floor":5.0},{"not_picked":["Scrape","Gash"],"picked":"Genetic Algorithm","floor":6.0},{"not_picked":["Stack","Steam Power"],"picked":"Doom and Gloom","floor":7.0},{"not_picked":["Redo","Gash"],"picked":"Seek","floor":12.0},{"not_picked":["Streamline","Leap"],"picked":"Capacitor","floor":14.0},{"not_picked":["All For One","Rainbow"],"picked":"Biased Cognition","floor":16.0},{"not_picked":["Sweeping Beam","Rip and Tear"],"picked":"Defragment","floor":18.0},{"not_picked":["Undo","White Noise"],"picked":"Loop","floor":21.0},{"not_picked":["Rainbow","Rebound+1"],"picked":"Streamline","floor":24.0},{"not_picked":["Turbo","Fission"],"picked":"Reinforced Body","floor":28.0},{"not_picked":["Cold Snap","Sweeping Beam","Recycle+1"],"picked":"SKIP","floor":29.0},{"not_picked":["Barrage+1","Hologram"],"picked":"Force Field","floor":30.0},{"not_picked":["Steam","Undo"],"picked":"Go for the Eyes","floor":31.0},{"not_picked":["Reboot","Electrodynamics"],"picked":"Core Surge","floor":33.0},{"not_picked":["Rebound","Sweeping Beam","Leap"],"picked":"SKIP","floor":35.0},{"not_picked":["Fusion","Reinforced Body","Go for the Eyes+1"],"picked":"SKIP","floor":36.0},{"not_picked":["Magnetism","Jack Of All Trades"],"picked":"Dark Shackles","floor":37.0},{"not_picked":["Scrape+1","Force Field+1"],"picked":"Ball Lightning","floor":39.0},{"not_picked":["Leap","Genetic Algorithm"],"picked":"Self Repair","floor":41.0},{"not_picked":["Ball Lightning","Beam Cell+1","Hologram"],"picked":"SKIP","floor":45.0},{"not_picked":["Go for the Eyes","Skim","Rebound+1"],"picked":"SKIP","floor":46.0},{"not_picked":["Beam Cell","Undo","Fusion"],"picked":"SKIP","floor":48.0},{"not_picked":["Rebound","Redo","Aggregate"],"picked":"SKIP","floor":55.0}],"player_experience":362872,"relics_obtained":[{"floor":7.0,"key":"Bird Faced Urn"},{"floor":9.0,"key":"Emotion Chip"},{"floor":14.0,"key":"Odd Mushroom"},{"floor":19.0,"key":"Necronomicon"},{"floor":21.0,"key":"Red Mask"},{"floor":24.0,"key":"Meat on the Bone"},{"floor":28.0,"key":"Matryoshka"},{"floor":38.0,"key":"Regal Pillow"},{"floor":38.0,"key":"The Courier"},{"floor":39.0,"key":"Gambling Chip"},{"floor":41.0,"key":"Centennial Puzzle"},{"floor":43.0,"key":"Bottled Lightning"},{"floor":43.0,"key":"Anchor"},{"floor":55.0,"key":"Lantern"}],"event_choices":[{"damage_healed":0.0,"max_hp_gain":0.0,"max_hp_loss":0.0,"gold_gain":0.0,"event_name":"The Woman in Blue","player_choice":"Bought 2 Potions","floor":4.0,"gold_loss":0.0,"damage_taken":0.0},{"damage_healed":0.0,"max_hp_gain":0.0,"max_hp_loss":0.0,"gold_gain":0.0,"cards_transformed":["Strike_B"],"event_name":"Living Wall","player_choice":"Change","floor":13.0,"gold_loss":0.0,"damage_taken":0.0,"cards_obtained":["Biased Cognition"]},{"damage_healed":0.0,"max_hp_gain":0.0,"max_hp_loss":0.0,"gold_gain":0.0,"event_name":"Mushrooms","player_choice":"Fought Mushrooms","floor":14.0,"gold_loss":0.0,"damage_taken":0.0},{"damage_healed":0.0,"max_hp_gain":0.0,"max_hp_loss":0.0,"gold_gain":0.0,"event_name":"Cursed Tome","player_choice":"Obtained Book","floor":19.0,"gold_loss":0.0,"damage_taken":21.0},{"damage_healed":0.0,"max_hp_gain":0.0,"max_hp_loss":0.0,"gold_gain":0.0,"event_name":"Masked Bandits","player_choice":"Fought Bandits","floor":21.0,"gold_loss":0.0,"damage_taken":0.0},{"damage_healed":0.0,"max_hp_gain":0.0,"max_hp_loss":0.0,"gold_gain":0.0,"event_name":"FaceTrader","player_choice":"Leave","floor":22.0,"gold_loss":0.0,"damage_taken":0.0},{"damage_healed":0.0,"max_hp_gain":0.0,"max_hp_loss":0.0,"gold_gain":0.0,"event_name":"SensoryStone","player_choice":"Memory 1","floor":37.0,"gold_loss":0.0,"damage_taken":0.0},{"damage_healed":0.0,"max_hp_gain":0.0,"max_hp_loss":0.0,"gold_gain":0.0,"event_name":"MindBloom","player_choice":"Fight","floor":39.0,"gold_loss":0.0,"damage_taken":0.0},{"damage_healed":0.0,"max_hp_gain":0.0,"max_hp_loss":0.0,"gold_gain":222.0,"event_name":"Tomb of Lord Red Mask","player_choice":"Wore Mask","floor":42.0,"gold_loss":0.0,"damage_taken":0.0}],"is_beta":false,"boss_relics":[{"not_picked":["Coffee Dripper","Fusion Hammer"],"picked":"Philosopher\u0027s Stone"},{"not_picked":["Empty Cage","Busted Crown"],"picked":"Inserter"}],"items_purged_floors":[3,20,44,47],"is_endless":false,"potions_floor_spawned":[5,7,14,16,28,29,35,39,46],"killed_by":"The Heart","ascension_level":20}}