{"host":"ojme7g6xlqwffsso","time":1613698089,"event":{"mods":["BaseMod","Downfall","Minty Spire (QoL Compilation)","Relic Stats","StSLib"],"gold_per_floor":[115,131,149,165,17,17,42,42,42,59,78,109,284,59,59,59,59],"floor_reached":16,"language":"ENG","playtime":453,"items_purged":["Doubt"],"score":190,"play_id":"fc20470e-0fd2-4e42-a2e7-820fd99ccaac","local_time":"20210219102809","is_ascension_mode":true,"campfire_choices":[{"data":"Zap","floor":6.0,"key":"SMITH"},{"data":"Chaos","floor":8.0,"key":"SMITH"},{"floor":15.0,"key":"REST"}],"circlet_count":0,"master_deck":["AscendersBane","Strike_B","Strike_B","Strike_B","Strike_B","Defend_B","Defend_B","Defend_B","Defend_B","Zap+1","Dualcast","Coolheaded","Rebound","Chaos+1","Compile Driver","White Noise","Go for the Eyes","Streamline","Auto Shields","Ball Lightning","Conserve Battery","FTL","Coolheaded","Hologram"],"relics":["Busted Crown","Pear","Ornamental Fan","Question Card"],"acts_visited":["Exordium"],"potions_floor_usage":[16],"damage_taken":[{"damage":1.0,"enemies":"Cultist","floor":1.0,"turns":4.0},{"damage":3.0,"enemies":"Jaw Worm","floor":2.0,"turns":4.0},{"damage":7.0,"enemies":"Small Slimes","floor":3.0,"turns":4.0},{"damage":0.0,"enemies":"Looter","floor":4.0,"turns":4.0},{"damage":31.0,"enemies":"3 Sentries","floor":7.0,"turns":7.0},{"damage":5.0,"enemies":"3 Louse","floor":10.0,"turns":3.0},{"damage":1.0,"enemies":"Blue Slaver","floor":11.0,"turns":4.0},{"damage":25.0,"enemies":"Gremlin Nob","floor":12.0,"turns":4.0},{"damage":20,"enemies":"The Guardian","floor":16,"turns":5}],"seed_played":"-4244170086568748857","potions_obtained":[{"floor":2.0,"key":"PotionOfCapacity"},{"floor":4.0,"key":"ColorlessPotion"},{"floor":12.0,"key":"FocusPotion"}],"is_trial":false,"path_per_floor":["M","M","M","M","$","R","E","R","T","M","M","E","?","$","R","B"],"character_chosen":"DEFECT","items_purchased":["Compile Driver","White Noise","Go for the Eyes","FTL","Coolheaded","Hologram"],"campfire_rested":1,"item_purchase_floors":[5,5,5,14,14,14],"current_hp_per_floor":[63,60,53,53,53,53,32,32,32,27,26,1,1,1,25,5,5],"gold":59,"neow_bonus":"BOSS_RELIC","is_daily":false,"chose_seed":false,"campfire_upgraded":2,"win_rate":0.0,"timestamp":1613698089,"path_taken":["M","?","M","M","$","R","E","R","T","M","M","E","?","$","R","BOSS"],"items_purchased_type":["Card","Card","Card","Card","Card","Card"],"build_version":"2020-12-22","purchased_purges":1,"victory":false,"max_hp_per_floor":[71,71,71,71,71,71,81,81,81,81,81,81,81,81,81,81,81],"relic_stats":{"Busted Crown":16,"counters":[9,39],"Ornamental Fan":[36],"Question Card":0,"obtain_stats":[{"Busted Crown":0,"Pear":7,"Ornamental Fan":9,"Cracked Core":0,"Question Card":12},{"Busted Crown":0,"Pear":5,"Ornamental Fan":5,"Cracked Core":0,"Question Card":8},{"Busted Crown":0,"Pear":23,"Ornamental Fan":23,"Cracked Core":0,"Question Card":34}]},"card_choices":[{"not_picked":["Stack"],"picked":"SKIP","floor":1.0},{"not_picked":[],"picked":"Coolheaded","floor":2.0},{"not_picked":[],"picked":"Rebound","floor":3.0},{"not_picked":[],"picked":"Chaos","floor":4.0},{"not_picked":[],"picked":"Streamline","floor":7.0},{"not_picked":[],"picked":"Auto Shields","floor":10.0},{"not_picked":[],"picked":"Ball Lightning","floor":11.0},{"not_picked":[],"picked":"Conserve Battery","floor":12.0}],"player_experience":1096858,"relics_obtained":[{"floor":7.0,"key":"Pear"},{"floor":9.0,"key":"Ornamental Fan"},{"floor":12.0,"key":"Question Card"}],"event_choices":[{"damage_healed":0.0,"max_hp_gain":0.0,"max_hp_loss":0.0,"gold_gain":175.0,"event_name":"Liars Game","player_choice":"AGREE","floor":13.0,"gold_loss":0.0,"damage_taken":0.0,"cards_obtained":["Doubt"]}],"is_beta":false,"boss_relics":[],"items_purged_floors":[14],"is_endless":false,"potions_floor_spawned":[2,4,12],"killed_by":"The Guardian","ascension_level":14}}