{"host":"iy54rgx5egu9t31x","time":1613742473,"event":{"mods":["2.2 Compatiblity","Act Like it!","Always Whale","BaseMod","Downfall","Gensokyo","Marisa¡]Ãú«B¡@Å]²z¨F¡^","Minty Spire (QoL Compilation)","Quick Restart","StSLib","SuperFastMode"],"gold_per_floor":[99,122,122,141,162,205,229,329,323,18,18,27,68,110,129,442,442,142,179,204,226,3,25,25,25,34,82,108,108,136,372,397,503,503,503,522,847,847,194,194,217,43,66,66,87,129,129,157,183,183,183,220,14,14,214,214,214],"floor_reached":55,"language":"ZHS","playtime":2876,"items_purged":["Shame"],"score":997,"play_id":"cee8d692-8930-4e36-beba-54afab00d6e5","local_time":"20210219214753","is_ascension_mode":true,"campfire_choices":[{"floor":1.0,"key":"RECALL"},{"data":"Gensokyo:CrescentMoonSlash","floor":18.0,"key":"SMITH"},{"floor":25.0,"key":"REST"},{"data":"champ:UltimateStance","floor":35.0,"key":"SMITH"},{"data":"champ:IgnorePain","floor":40.0,"key":"SMITH"},{"data":"champ:StrikeOfGenius","floor":44,"key":"SMITH"},{"data":"champ:GladiatorStyle","floor":47,"key":"SMITH"},{"floor":54,"key":"REST"}],"circlet_count":0,"master_deck":["champ:Strike","champ:Strike","champ:Strike","champ:Strike","champ:Defend+1","champ:Defend","champ:Defend+1","champ:Defend","champ:Execute","champ:Taunt","CurseOfTheBell","champ:PerfectedStrike","champ:DefensiveShout+1","champ:Duel","champ:DeathBlow","champ:GladiatorForm+1","Gensokyo:RPG","Gensokyo:CrescentMoonSlash+1","champ:FocusedBerserking+1","champ:Shatter","champ:CrownThrow","champ:IgnorePain+1","champ:PerfectedStrike+1","champ:Shatter+1","champ:UltimateStance+1","champ:TornadoPunch","champ:DefensiveShout+1","champ:GutPunch+1","champ:EnragedBash+1","champ:AdrenalArmor+1","champ:SkillfulDodge","champ:Haymaker+1","champ:HoldFirm","champ:LastStand","champ:FalseCounter","champ:Parry+1","Gensokyo:RustyChest","Gensokyo:Kunekune","champ:PerfectedStrike+1","champ:StrikeOfGenius+1","champ:RisingSlash","champ:PerfectedStrike","champ:FaceSlap+1","champ:GladiatorStyle+1","champ:ViciousMockery+1","champ:BladeFlurry+1","champ:ShieldSlam+1","champ:RapidStrikes"],"relics":["Calling Bell","CeramicFish","Gremlin Horn","Torii","Bag of Preparation","ClockworkSouvenir","WingedGreaves","Pear","sneckomod:BlankCard","Bottled Lightning","SlaversCollar","downfall:HeartBlessingRed","downfall:HeartBlessingGreen","downfall:HeartBlessingBlue","Mango","champ:BerserkersGuideToSlaughter","Darkstone Periapt","Dead Branch","White Beast Statue","Meat on the Bone","Runic Dome","Letter Opener","Oddly Smooth Stone","War Paint","Art of War","Turnip","Strawberry","champ:DefensiveTrainingManual"],"acts_visited":["Gensokyo:Gensokyo","Gensokyo:Gensokyoer","Gensokyo:Gensokyoest","TheEnding"],"potions_floor_usage":[46,50,50,50,55,55],"damage_taken":[{"damage":20.0,"enemies":"Gensokyo:3_Fairies","floor":2.0,"turns":5.0},{"damage":1.0,"enemies":"Gensokyo:2_Kodama","floor":4.0,"turns":3.0},{"damage":18.0,"enemies":"Gensokyo:Gryphon","floor":5.0,"turns":3.0},{"damage":17.0,"enemies":"Gensokyo:Cirno","floor":6.0,"turns":5.0},{"damage":20.0,"enemies":"downfall:FleeingMerchant","floor":9.0,"turns":4.0},{"damage":28.0,"enemies":"Gensokyo:Aya","floor":13.0,"turns":5.0},{"damage":26.0,"enemies":"Gensokyo:Mamizou","floor":14.0,"turns":7.0},{"damage":6.0,"enemies":"Gensokyo:3_Kodama","floor":15.0,"turns":3.0},{"damage":90.0,"enemies":"DF_ARCHETYPE_STREAMLINE","floor":16.0,"turns":12.0},{"damage":41.0,"enemies":"Gensokyo:CosmicMonolith","floor":19.0,"turns":5.0},{"damage":27.0,"enemies":"Gensokyo:Chomper","floor":20.0,"turns":3.0},{"damage":65.0,"enemies":"Gensokyo:Swordslinger","floor":21.0,"turns":4.0},{"damage":16.0,"enemies":"Gensokyo:Slime_Group","floor":23.0,"turns":4.0},{"damage":43.0,"enemies":"Gensokyo:Koishi","floor":27.0,"turns":5.0},{"damage":13.0,"enemies":"Gensokyo:Wraith","floor":28.0,"turns":4.0},{"damage":10.0,"enemies":"Gensokyo:3_Gloops","floor":30.0,"turns":3.0},{"damage":34.0,"enemies":"Gensokyo:Tenshi","floor":31.0,"turns":5.0},{"damage":21.0,"enemies":"Gensokyo:Mirror_and_Dog","floor":32.0,"turns":4.0},{"damage":73.0,"enemies":"IC_MUSHROOM_ARCHETYPE","floor":33.0,"turns":10.0},{"damage":47.0,"enemies":"Gensokyo:AncientGuardian","floor":36.0,"turns":6.0},{"damage":6.0,"enemies":"Gensokyo:3_Bats","floor":37.0,"turns":7.0},{"damage":11.0,"enemies":"downfall:FleeingMerchant","floor":42.0,"turns":4.0},{"damage":19,"enemies":"Gensokyo:AtlasGolem","floor":43,"turns":4},{"damage":29,"enemies":"Gensokyo:4_Bats","floor":45,"turns":3},{"damage":25,"enemies":"Gensokyo:Marisa","floor":46,"turns":3},{"damage":10,"enemies":"Gensokyo:3_Boulders","floor":48,"turns":4},{"damage":59,"enemies":"Gensokyo:Rafflesia","floor":49,"turns":7},{"damage":76,"enemies":"WA_ARCHETYPE_DIVINITY","floor":50,"turns":9},{"damage":65,"enemies":"downfall:CharBossMerchant","floor":52,"turns":6},{"damage":192,"enemies":"downfall:NeowBoss","floor":55,"turns":17}],"seed_played":"-3690747750674111564","potions_obtained":[{"floor":2.0,"key":"champ:OpenerPotion"},{"floor":13.0,"key":"AttackPotion"},{"floor":15.0,"key":"Weak Potion"},{"floor":16.0,"key":"SteroidPotion"},{"floor":20.0,"key":"Strength Potion"},{"floor":23.0,"key":"Dexterity Potion"},{"floor":28.0,"key":"DuplicationPotion"},{"floor":30.0,"key":"Energy Potion"},{"floor":31.0,"key":"Strength Potion"},{"floor":32.0,"key":"EssenceOfSteel"},{"floor":33.0,"key":"champ:CounterPotion"},{"floor":36.0,"key":"EssenceOfSteel"},{"floor":37.0,"key":"Energy Potion"},{"floor":42.0,"key":"FearPotion"},{"floor":46,"key":"Fire Potion"},{"floor":48,"key":"Guardian:BlockOnCardUsePotion"},{"floor":52,"key":"champ:OpenerPotion"}],"is_trial":false,"path_per_floor":["R","M","?","M","M","E","T","?","$","COS","T","?","E","E","M","B",null,"R","M","M","M","COS","M","T","R","?","E","M","T","M","E","M","B",null,"R","M","M","?","COS","R","T","$","M","R","M","E","R","M","M","B",null,"E","$","R","B"],"character_chosen":"THE_CHAMP","items_purchased":["War Paint","champ:RisingSlash","AttackPotion","champ:OpenerPotion","champ:RapidStrikes"],"campfire_rested":2,"item_purchase_floors":[42,42,53,53,53],"current_hp_per_floor":[90,90,90,89,81,79,79,79,79,79,79,66,68,67,66,8,100,110,94,82,36,36,30,30,67,73,50,52,52,62,63,69,58,130,130,113,122,122,122,122,122,129,125,125,126,130,130,130,83,59,137,87,87,128,0,0,0],"gold":214,"neow_bonus":"BOSS_RELIC","is_daily":false,"chose_seed":false,"campfire_upgraded":5,"win_rate":0.0,"timestamp":1613742473,"path_taken":["R","M","?","M","M","E","T","?","?","COS","?","?","E","E","M","BOSS","R","M","M","M","COS","M","T","R","?","E","M","?","M","E","M","BOSS","R","M","?","?","COS","R","T","$","M","R","M","E","R","M","M","BOSS","E","$","R","BOSS"],"items_purchased_type":["Relic","Card","Potion","Potion","Card"],"build_version":"2020-12-22","purchased_purges":1,"victory":false,"max_hp_per_floor":[90,90,90,90,90,90,90,90,90,90,90,90,100,100,100,100,100,110,110,110,124,124,124,124,124,130,130,130,130,130,130,130,130,130,130,130,130,130,130,130,130,130,130,130,130,130,130,130,137,137,137,137,137,137,137,137,137],"card_choices":[{"not_picked":["champ:HeartStrike","champ:BladeFlurry"],"picked":"champ:PerfectedStrike","floor":2.0},{"not_picked":["champ:Circumvent","champ:BerserkersShout"],"picked":"champ:DefensiveShout","floor":4.0},{"not_picked":["champ:BerserkersShout","champ:FanOfKnives"],"picked":"champ:Duel","floor":5.0},{"not_picked":["champ:FalseCounter","champ:FanOfKnives"],"picked":"champ:DeathBlow","floor":6.0},{"not_picked":["champ:BladeFlurry","champ:DefensiveShout"],"picked":"champ:GladiatorForm","floor":9.0},{"not_picked":["champ:EndlessRage","champ:Duel"],"picked":"champ:FocusedBerserking","floor":13.0},{"not_picked":["champ:CalledShot","champ:IgnorePain"],"picked":"champ:Shatter","floor":14.0},{"not_picked":["champ:EndlessRage","champ:BerserkersShout"],"picked":"champ:CrownThrow","floor":15.0},{"not_picked":["champ:SteelEdge","champ:Devastate"],"picked":"champ:IgnorePain","floor":16.0},{"not_picked":["champ:DeathBlow+1","champ:BladeFlurry+1"],"picked":"champ:PerfectedStrike+1","floor":19.0},{"not_picked":["champ:HeartStrike","champ:DefensiveShout"],"picked":"champ:Shatter+1","floor":19.0},{"not_picked":["champ:SetATrap+1","champ:EnGarde"],"picked":"champ:UltimateStance","floor":20.0},{"not_picked":["champ:FanOfKnives","champ:PerfectedStrike"],"picked":"champ:TornadoPunch","floor":21.0},{"not_picked":["champ:BerserkersShout","champ:IronFortress"],"picked":"champ:DefensiveShout+1","floor":23.0},{"not_picked":["champ:FalseCounter+1","champ:Duel+1"],"picked":"champ:GutPunch+1","floor":27.0},{"not_picked":["champ:CrookedStrike","champ:AdrenalArmor"],"picked":"champ:EnragedBash+1","floor":27.0},{"not_picked":["champ:UltimateStance","champ:Backstep"],"picked":"champ:AdrenalArmor+1","floor":28.0},{"not_picked":["champ:EnragedBash","champ:Shatter"],"picked":"champ:SkillfulDodge","floor":30.0},{"not_picked":["champ:FlashCut+1","champ:FancyFootwork"],"picked":"champ:Haymaker+1","floor":31.0},{"not_picked":["champ:Haymaker","champ:Shatter"],"picked":"champ:HoldFirm","floor":32.0},{"not_picked":["champ:VampiricStrike","champ:SwordThrow"],"picked":"champ:LastStand","floor":33.0},{"not_picked":["champ:TornadoPunch","champ:DefensiveShout+1"],"picked":"champ:FalseCounter","floor":36.0},{"not_picked":["champ:RapidStrikes","champ:PerfectedStrike+1"],"picked":"champ:Parry+1","floor":37.0},{"not_picked":["champ:Endure+1","champ:Shatter+1"],"picked":"champ:PerfectedStrike+1","floor":42.0},{"not_picked":["champ:Encircle+1","champ:Circumvent"],"picked":"champ:StrikeOfGenius","floor":42.0},{"not_picked":["champ:CrownThrow+1","champ:Haymaker+1"],"picked":"champ:PerfectedStrike","floor":43},{"not_picked":["champ:Backstep","champ:PerfectedStrike"],"picked":"champ:FaceSlap+1","floor":45},{"not_picked":["champ:GutPunch","champ:StanceDance"],"picked":"champ:GladiatorStyle","floor":46},{"not_picked":["champ:StanceDance","champ:CalledShot"],"picked":"champ:ViciousMockery+1","floor":48},{"not_picked":["champ:HeartStrike","champ:BringItOn"],"picked":"champ:BladeFlurry+1","floor":49},{"not_picked":["champ:StanceDance","champ:Shatter"],"picked":"champ:ShieldSlam+1","floor":52}],"player_experience":1103385,"relics_obtained":[{"floor":0.0,"key":"CeramicFish"},{"floor":0.0,"key":"Gremlin Horn"},{"floor":0.0,"key":"Torii"},{"floor":6.0,"key":"Bag of Preparation"},{"floor":11.0,"key":"WingedGreaves"},{"floor":13.0,"key":"Pear"},{"floor":14.0,"key":"Bottled Lightning"},{"floor":24.0,"key":"Darkstone Periapt"},{"floor":27.0,"key":"Dead Branch"},{"floor":29.0,"key":"White Beast Statue"},{"floor":31.0,"key":"Meat on the Bone"},{"floor":41.0,"key":"Oddly Smooth Stone"},{"floor":46,"key":"Art of War"},{"floor":52,"key":"champ:DefensiveTrainingManual"}],"event_choices":[],"is_beta":false,"boss_relics":[{"not_picked":["Runic Pyramid","Tiny House"],"picked":"SlaversCollar"},{"not_picked":["Astrolabe","Empty Cage"],"picked":"Runic Dome"}],"items_purged_floors":[53],"is_endless":false,"potions_floor_spawned":[2,13,15,16,20,23,28,30,31,32,33,36,37,42,43,45,46,48,49,52],"killed_by":"downfall:NeowBoss","ascension_level":2}}