{"host":"ox77rn1xcurm2t5a","time":1613765359,"event":{"mods":["2.2 Compatiblity","AchievementEnabler","Act Like it!","Aspiration","BaseMod","Best Route Mod","Better Match","Better Note","Better Sensory Stone","Block Reminder","Colored Map","Colored Powertips","Conjunction","Conspire","Custom Start","Energized Spire","GifTheSpireLib","Gold Saver","Gremlin Skip","Halation","Highlight Path","Hubris","Infinite Spire","Minty Spire (QoL Compilation)","Pale of the Ancients","Quick Restart","Reliquary","Replay The Spire","Reworked Bosses","ShortenTheSpire","Spire Exporter","StSLib","Stuff the Spire","Wandering Minibosses"],"gold_per_floor":[312,312,312,41,55,55,88,100,125,160,160,180,180,195,195,300,300,314,314,314,514,514,514,541,553,553,553,553],"floor_reached":27,"language":"ENG","playtime":613,"items_purged":[],"score":332,"play_id":"87f2e3f0-2233-46f7-b250-09faba4056d8","local_time":"20210219220919","is_ascension_mode":true,"campfire_choices":[{"floor":6,"key":"RECALL"},{"data":"Berserk","floor":13,"key":"SMITH"},{"data":"Perfected Strike","floor":15,"key":"SMITH"},{"data":"Cleave","floor":23,"key":"SMITH"}],"circlet_count":0,"master_deck":["Strike_R+1","Strike_R+1","Strike_R+1","Strike_R+1","Strike_R+1","Defend_R","Defend_R","Defend_R","Bash+1","Perfected Strike+1","Cleave+1","Berserk+1","Berserk+1","Cleave","Pommel Strike+1","Spot Weakness","Anger"],"relics":["Burning Blood","Matryoshka","Replay:Multitool","conspire:TopHat","Replay:Bottled Eggs","Odd Mushroom","reliquary:Craggleroot","Iron Hammer","MealTicket","StuffTheSpire:GrapeVine","reliquary:IridiumChain"],"acts_visited":["Exordium","TheCity"],"potions_floor_usage":[7,10,16,18,24],"damage_taken":[{"damage":9,"enemies":"2 Louse","floor":1,"turns":4},{"damage":0,"enemies":"Small Slimes","floor":5,"turns":3},{"damage":13,"enemies":"Gremlin Nob","floor":7,"turns":4},{"damage":4,"enemies":"Jaw Worm","floor":8,"turns":3},{"damage":21,"enemies":"3 Sentries","floor":10,"turns":5},{"damage":10,"enemies":"The Mushroom Lair","floor":12,"turns":3},{"damage":11,"enemies":"Looter","floor":14,"turns":4},{"damage":20,"enemies":"Fading Forest","floor":16,"turns":11},{"damage":37,"enemies":"3 Byrds","floor":18,"turns":5},{"damage":64,"enemies":"Slavers","floor":24,"turns":5},{"damage":6,"enemies":"Spheric Guardian","floor":25,"turns":3},{"damage":13,"enemies":"Snecko","floor":27,"turns":2}],"seed_played":"-7268730708862166938","potions_obtained":[{"floor":1,"key":"EssenceOfSteel"},{"floor":8,"key":"Cursed Concoction"},{"floor":14,"key":"Strength Potion"},{"floor":16,"key":"conspire:TimeTravelPotion"},{"floor":18,"key":"PowerPotion"}],"is_trial":false,"path_per_floor":["M","?","?","$","M","R","E","M","T","E","R","?","R","M","R","B",null,"M","?","?","?","AVR","R","E","M","T","M"],"character_chosen":"IRONCLAD","items_purchased":["Perfected Strike","Matryoshka"],"campfire_rested":0,"item_purchase_floors":[4,4],"current_hp_per_floor":[69,69,69,69,75,75,68,70,70,55,79,75,75,70,70,64,76,68,68,68,68,68,68,10,10,10,0,0],"gold":553,"neow_bonus":"UPGRADE_CARD","is_daily":false,"chose_seed":false,"campfire_upgraded":3,"win_rate":0.0,"timestamp":1613765359,"path_taken":["M","?","?","$","M","R","E","M","T","E","R","?","R","M","R","BOSS","M","?","?","?","AVR","R","E","M","T","M"],"items_purchased_type":["Card","Relic"],"build_version":"2020-12-22","purchased_purges":0,"victory":false,"max_hp_per_floor":[80,80,80,80,80,80,80,80,80,80,80,80,80,80,80,80,80,80,80,80,80,80,80,80,80,80,80,80],"card_choices":[{"not_picked":["ReplayTheSpireMod:Stacked","Clothesline","Iron Wave"],"picked":"SKIP","floor":1},{"not_picked":["Wild Strike","Hemokinesis","True Grit"],"picked":"SKIP","floor":5},{"not_picked":["StuffTheSpire:Slingshot","ReplayTheSpireMod:Corrosion Curse"],"picked":"Cleave","floor":7},{"not_picked":["Ghostly Armor","Wild Strike"],"picked":"Berserk","floor":8},{"not_picked":["Cleave","Entrench","Abandon"],"picked":"SKIP","floor":10},{"not_picked":["Life Link","Sword Boomerang"],"picked":"Berserk","floor":12},{"not_picked":["Abandon","Blood for Blood"],"picked":"Cleave","floor":14},{"not_picked":["Wild Strike","Body Slam"],"picked":"Pommel Strike+1","floor":18},{"not_picked":["Havoc","Clothesline+1"],"picked":"Spot Weakness","floor":24},{"not_picked":["hubris:SharpeningStone+1","StuffTheSpire:RockThrow+1"],"picked":"Anger","floor":25}],"player_experience":3157933,"relics_obtained":[{"floor":7,"key":"Replay:Multitool"},{"floor":9,"key":"conspire:TopHat"},{"floor":10,"key":"Replay:Bottled Eggs"},{"floor":12,"key":"Odd Mushroom"},{"floor":24,"key":"MealTicket"},{"floor":26,"key":"StuffTheSpire:GrapeVine"},{"floor":26,"key":"reliquary:IridiumChain"}],"event_choices":[{"damage_healed":0,"gold_gain":0,"player_choice":"Disagree","damage_taken":0,"max_hp_gain":0,"max_hp_loss":0,"event_name":"conspire:LoneGhost","floor":2,"gold_loss":0},{"damage_healed":0,"gold_gain":0,"player_choice":"Fought Mushrooms","damage_taken":0,"max_hp_gain":0,"max_hp_loss":0,"event_name":"Mushrooms","floor":12,"gold_loss":0},{"cards_removed":["Defend_R"],"damage_healed":0,"gold_gain":0,"player_choice":"Offered Basic","damage_taken":0,"max_hp_gain":0,"max_hp_loss":0,"event_name":"Bonfire Elementals","floor":19,"gold_loss":0},{"damage_healed":0,"gold_gain":0,"player_choice":"Ignored","damage_taken":0,"max_hp_gain":0,"max_hp_loss":0,"event_name":"Transmorgrifier","floor":20,"gold_loss":0},{"damage_healed":0,"gold_gain":200,"player_choice":"Gold","damage_taken":0,"max_hp_gain":0,"max_hp_loss":0,"event_name":"Wheel of Change","floor":21,"gold_loss":0}],"is_beta":false,"boss_relics":[{"not_picked":["aspiration:SecretTechniqueScroll","hubris:BlackHole"],"picked":"reliquary:Craggleroot"}],"items_purged_floors":[],"is_endless":false,"potions_floor_spawned":[1,8,14,16,18],"killed_by":"Snecko","ascension_level":8}}