{"host":"nv1rw0372aj1kj6e","time":1613768980,"event":{"mods":["AchievementEnabler","BaseMod","Minty Spire (QoL Compilation)","Rare Cards Sparkle","Replay The Spire","StSLib","everything is the same but u backflip on backflip"],"gold_per_floor":[117,40,100,100,111,111,137,151,151,151,151,169,203,203,203,299,299,279,295,295,305,60,86,86,86,109,122,136,165,184,184,184,289,289,304,324,74,74,93,125,125,152,200,214,214,214,232,282,282,282],"floor_reached":51,"language":"ENG","playtime":5269,"items_purged":["Defend_G"],"score":1146,"play_id":"15e06cd8-6ba9-48da-8532-9788b00fb8d3","local_time":"20210219220940","is_ascension_mode":true,"campfire_choices":[{"data":"Neutralize","floor":6,"key":"SMITH"},{"data":"Sucker Punch","floor":10,"key":"SMITH"},{"data":"Draining Mist","floor":15,"key":"SMITH"},{"data":"Replay:Undeath\u0027s Touch","floor":24,"key":"SMITH"},{"data":"ReplayTheSpireMod:Exploit Weakness","floor":32,"key":"SMITH"},{"data":"ReplayUltimateDefense","floor":41,"key":"SMITH"},{"data":"Reprogram","floor":45,"key":"SMITH"},{"data":"Crow Ritual","floor":49,"key":"SMITH"}],"circlet_count":0,"master_deck":["Strike_G","Strike_G","Strike_G","Strike_G","Defend_G","Defend_G+1","Defend_G","Defend_G","Survivor+1","Neutralize+1","Poisoned Stab","ReplayTheSpireMod:Speed Training","Caltrops","ReplayTheSpireMod:Exploit Weakness+1","ReplayTheSpireMod:Speed Training+1","Draining Mist+1","Sucker Punch+1","Burst+1","Cloak And Dagger","Backstab","ReplayTheSpireMod:Speed Training","Crippling Poison","ReplayTheSpireMod:From All Sides","Dagger Throw+1","Crippling Poison+1","Poisoned Stab","Deflect","Replay:Undeath\u0027s Touch+1","Toxin Wave","Conserve Battery","Prostrate+1","ReplayUltimateDefense+1","Madness","Madness","Finesse+1","Seek","Reprogram+1","Crow Ritual+1","Pommel Strike+1","ReplayTheSpireMod:Exploit Weakness+1"],"relics":["NeowsBlessing","Sizzling Blood","Incense Burner","Eternal Feather","FossilizedHelix","Ring of Chaos","Nloth\u0027s Gift","PrismaticShard","ReplayFunnel","ReplayTheSpireMod:Shallot","War Paint","Gremlin Horn","Painkiller Herb","Chameleon Ring","Lantern","Snake Skull","Replay:Mystery Machine","Tough Bandages"],"acts_visited":["Exordium","TheCity","TheBeyond"],"potions_floor_usage":[13,18,18,18,35,39,39,42,48],"damage_taken":[{"damage":0,"enemies":"Cultist","floor":1,"turns":1},{"damage":0,"enemies":"Small Slimes","floor":5,"turns":1},{"damage":0,"enemies":"3 Sentries","floor":7,"turns":2},{"damage":2,"enemies":"2 Louse","floor":8,"turns":2},{"damage":1,"enemies":"Large Slime","floor":12,"turns":8},{"damage":9,"enemies":"Lagavulin","floor":13,"turns":5},{"damage":5,"enemies":"Hexaghost","floor":16,"turns":9},{"damage":0,"enemies":"2 Thieves","floor":18,"turns":4},{"damage":0,"enemies":"3 Byrds","floor":19,"turns":4},{"damage":34,"enemies":"3 Cultists","floor":21,"turns":8},{"damage":0,"enemies":"Book of Stabbing","floor":23,"turns":8},{"damage":0,"enemies":"Cultist and Chosen","floor":27,"turns":8},{"damage":1,"enemies":"Snecko","floor":28,"turns":6},{"damage":39,"enemies":"Gremlin Leader","floor":29,"turns":11},{"damage":0,"enemies":"3 Cultists","floor":30,"turns":5},{"damage":32,"enemies":"Automaton","floor":33,"turns":14},{"damage":0,"enemies":"3 Shapes","floor":35,"turns":4},{"damage":9,"enemies":"3 Darklings","floor":36,"turns":5},{"damage":12,"enemies":"Transient","floor":39,"turns":5},{"damage":31,"enemies":"Giant Head","floor":40,"turns":15},{"damage":0,"enemies":"Reptomancer","floor":42,"turns":5},{"damage":24,"enemies":"Spire Growth","floor":44,"turns":6},{"damage":0,"enemies":"4 Shapes","floor":47,"turns":7},{"damage":0,"enemies":"2 Orb Walkers","floor":48,"turns":5},{"damage":0,"enemies":"Time Eater","floor":50,"turns":15}],"seed_played":"-1448066135127816011","potions_obtained":[{"floor":3,"key":"ColorlessPotion"},{"floor":5,"key":"Energy Potion"},{"floor":8,"key":"EssenceOfSteel"},{"floor":16,"key":"EssenceOfSteel"},{"floor":19,"key":"Ancient Potion"},{"floor":28,"key":"GamblersBrew"},{"floor":30,"key":"Fire Potion"},{"floor":33,"key":"Death Potion"},{"floor":36,"key":"DistilledChaos"},{"floor":40,"key":"AttackPotion"},{"floor":44,"key":"Elixir"},{"floor":47,"key":"ColorlessPotion"}],"is_trial":false,"path_per_floor":["M","$","?","?","M","R","E","M","T","R","?","M","E","?","R","B",null,"M","M","?","M","$","E","R","?","T","M","M","E","M","?","R","B",null,"?","?","T","?","?","E","T","E","T","?","T","?","?","?","T","B",null],"character_chosen":"THE_SILENT","items_purchased":["ReplayTheSpireMod:Speed Training","PrismaticShard","Deflect","Chameleon Ring"],"campfire_rested":0,"item_purchase_floors":[2,22,22,37],"current_hp_per_floor":[63,63,35,39,43,43,47,49,49,58,58,61,56,41,53,52,69,73,74,74,44,44,48,63,63,63,67,70,35,39,39,57,29,63,67,62,62,53,45,18,39,43,43,23,44,44,48,52,74,74],"gold":282,"neow_bonus":"THREE_ENEMY_KILL","is_daily":false,"chose_seed":false,"campfire_upgraded":8,"win_rate":0.0,"timestamp":1613768980,"path_taken":["M","?","?","?","M","R","E","M","T","R","?","?","E","?","R","BOSS","M","M","?","?","$","E","R","?","T","?","M","E","M","?","R","BOSS","?","?","T","?","?","E","T","E","T","?","T","?","?","?","T","BOSS"],"items_purchased_type":["Card","Relic","Card","Relic"],"build_version":"2020-12-22","purchased_purges":1,"victory":true,"max_hp_per_floor":[70,70,70,74,74,74,74,74,74,74,74,74,74,74,74,74,74,74,74,74,74,74,74,74,74,74,74,74,74,74,74,74,74,74,74,74,74,74,74,74,74,74,74,74,74,74,74,74,74,74],"card_choices":[{"not_picked":["Quick Slash","Crippling Poison"],"picked":"Poisoned Stab","floor":1},{"not_picked":["Cloak And Dagger","Sneak Up"],"picked":"Caltrops","floor":3},{"not_picked":["Dagger Spray","Underhanded Strike"],"picked":"ReplayTheSpireMod:Exploit Weakness","floor":3},{"not_picked":["Acrobatics","Outmaneuver"],"picked":"ReplayTheSpireMod:Speed Training","floor":5},{"not_picked":["Dodge and Roll","Glass Knife"],"picked":"Draining Mist","floor":7},{"not_picked":["Backflip","Dagger Throw"],"picked":"Sucker Punch","floor":8},{"not_picked":["Outmaneuver","Distraction"],"picked":"ReplayTheSpireMod:Speed Training","floor":12},{"not_picked":["Well Laid Plans","Prepared"],"picked":"Crippling Poison","floor":13},{"not_picked":["Storm of Steel","Tools of the Trade"],"picked":"ReplayTheSpireMod:From All Sides","floor":16},{"not_picked":["ReplayTheSpireMod:Speed Training+1","Slice"],"picked":"Dagger Throw+1","floor":18},{"not_picked":["Concentrate","Outmaneuver+1"],"picked":"Crippling Poison+1","floor":19},{"not_picked":["Atom Bomb","Skewer"],"picked":"Poisoned Stab","floor":21},{"not_picked":["Rip and Tear+1","LessonLearned"],"picked":"Replay:Undeath\u0027s Touch","floor":23},{"not_picked":["Pommel Strike","Dodge and Roll"],"picked":"Toxin Wave","floor":27},{"not_picked":["Stack","Swivel","Thunderclap"],"picked":"SKIP","floor":28},{"not_picked":["Crystallizer","Steam Power+1"],"picked":"Conserve Battery","floor":29},{"not_picked":["Vault","Redo"],"picked":"Prostrate+1","floor":30},{"not_picked":["Wraith Form v2","After Image"],"picked":"ReplayUltimateDefense","floor":33},{"not_picked":["Blade Dance+1","Anger+1","Reflex"],"picked":"SKIP","floor":35},{"not_picked":["Slice+1","FlurryOfBlows+1","Stack"],"picked":"SKIP","floor":36},{"not_picked":["Dark Embrace+1","Scrape"],"picked":"Finesse+1","floor":39},{"not_picked":["Collect","Melter+1"],"picked":"Seek","floor":40},{"not_picked":["Immolate","SashWhip"],"picked":"Reprogram","floor":42},{"not_picked":["WheelKick+1","Iron Wave","Deadly Poison+1"],"picked":"SKIP","floor":44},{"not_picked":["Good Instincts","Midas Touch"],"picked":"Crow Ritual","floor":46},{"not_picked":["Capacitor+1","ReplayTheSpireMod:System Scan+1"],"picked":"Pommel Strike+1","floor":47},{"not_picked":["ThirdEye+1","Judgement"],"picked":"ReplayTheSpireMod:Exploit Weakness+1","floor":48}],"player_experience":208722,"relics_obtained":[{"floor":3,"key":"Bronze Scales"},{"floor":7,"key":"Incense Burner"},{"floor":9,"key":"Eternal Feather"},{"floor":13,"key":"FossilizedHelix"},{"floor":23,"key":"ReplayFunnel"},{"floor":26,"key":"War Paint"},{"floor":29,"key":"Gremlin Horn"},{"floor":40,"key":"Lantern"},{"floor":42,"key":"Snake Skull"},{"floor":43,"key":"Replay:Mystery Machine"},{"floor":48,"key":"Tough Bandages"}],"event_choices":[{"damage_healed":0,"gold_gain":0,"player_choice":"3 cards matched","damage_taken":0,"max_hp_gain":0,"max_hp_loss":0,"event_name":"Match and Keep!","floor":11,"gold_loss":0,"cards_obtained":["Burst","Cloak And Dagger","Backstab"]},{"damage_healed":0,"gold_gain":0,"player_choice":"Entered Light","damage_taken":15,"max_hp_gain":0,"max_hp_loss":0,"event_name":"Shining Light","floor":14,"gold_loss":0,"cards_upgraded":["Survivor","Burst"]},{"damage_healed":0,"gold_gain":0,"player_choice":"Traded Relic","damage_taken":0,"relics_obtained":["Nloth\u0027s Gift"],"max_hp_gain":0,"max_hp_loss":0,"event_name":"N\u0027loth","floor":20,"relics_lost":["Bronze Scales"],"gold_loss":0},{"cards_removed":["Strike_G"],"damage_healed":0,"gold_gain":0,"player_choice":"Purged","damage_taken":0,"max_hp_gain":0,"max_hp_loss":0,"event_name":"Purifier","floor":31,"gold_loss":0},{"damage_healed":0,"gold_gain":0,"player_choice":"Embrace Madness","damage_taken":9,"max_hp_gain":0,"max_hp_loss":0,"event_name":"Winding Halls","floor":38,"gold_loss":0,"cards_obtained":["Madness","Madness"]},{"damage_healed":0,"gold_gain":0,"player_choice":"Memory 1","damage_taken":0,"max_hp_gain":0,"max_hp_loss":0,"event_name":"SensoryStone","floor":46,"gold_loss":0},{"damage_healed":0,"gold_gain":0,"player_choice":"Fight","damage_taken":0,"max_hp_gain":0,"max_hp_loss":0,"event_name":"Mysterious Sphere","floor":48,"gold_loss":0}],"is_beta":false,"boss_relics":[{"not_picked":["Honey Jar","Replay:Ancient Bell"],"picked":"Ring of Chaos"},{"not_picked":["Black Star","HoveringKite"],"picked":"Painkiller Herb"}],"items_purged_floors":[22],"is_endless":false,"potions_floor_spawned":[5,8,12,16,19,28,30,33,36,40,44,47],"ascension_level":7}}