{"host":"a9gsz7kv8aebwp1f","time":1613739490,"event":{"mods":["AchievementEnabler","BaseMod","Minty Spire (QoL Compilation)"],"gold_per_floor":[15,15,33,33,33,33,59,59,59,78,78,78,89,99,99,204,204,221,221,234,246,19,19,30,44,91,105,5,5,5,28,28,133,133,149,149,169,179,179,179],"floor_reached":39,"language":"KOR","playtime":2313,"items_purged":["Zap","Ball Lightning"],"score":616,"play_id":"24889b3d-ec9d-419f-bfa5-c02c6c32beea","local_time":"20210219215810","is_ascension_mode":true,"campfire_choices":[{"data":"Magnetism","floor":6,"key":"SMITH"},{"floor":8,"key":"REST"},{"floor":12,"key":"REST"},{"floor":15,"key":"REST"},{"data":"Tempest","floor":23,"key":"SMITH"},{"floor":30,"key":"REST"},{"floor":32,"key":"REST"}],"circlet_count":0,"master_deck":["AscendersBane","Magnetism+1","Chill","Steam","Tempest+1","Defragment","Steam","Thunder Strike","Lockon","Seek","Glacier","BootSequence","Turbo","BootSequence","Redo+1","Blizzard","Glacier","Undo+1","FTL+1","Darkness+1","Madness","Madness"],"relics":["Cracked Core","InkBottle","Tiny Chest","Singing Bowl","Pandora\u0027s Box","DataDisk","Bag of Marbles","Lantern","Astrolabe"],"acts_visited":["Exordium","TheCity","TheBeyond"],"potions_floor_usage":[16,29,38,39,39],"damage_taken":[{"damage":6,"enemies":"Cultist","floor":1,"turns":3},{"damage":10,"enemies":"Small Slimes","floor":3,"turns":3},{"damage":44,"enemies":"Lagavulin","floor":7,"turns":6},{"damage":17,"enemies":"2 Louse","floor":10,"turns":3},{"damage":8,"enemies":"Blue Slaver","floor":13,"turns":3},{"damage":12,"enemies":"Exordium Wildlife","floor":14,"turns":5},{"damage":22,"enemies":"Hexaghost","floor":16,"turns":10},{"damage":0,"enemies":"Shell Parasite","floor":18,"turns":8},{"damage":0,"enemies":"Spheric Guardian","floor":20,"turns":5},{"damage":7,"enemies":"Centurion and Healer","floor":21,"turns":6},{"damage":20,"enemies":"Shelled Parasite and Fungi","floor":24,"turns":6},{"damage":10,"enemies":"Sentry and Sphere","floor":25,"turns":5},{"damage":3,"enemies":"Centurion and Healer","floor":27,"turns":6},{"damage":0,"enemies":"Snecko","floor":29,"turns":2},{"damage":42,"enemies":"Champ","floor":33,"turns":21},{"damage":0,"enemies":"3 Shapes","floor":35,"turns":3},{"damage":0,"enemies":"Orb Walker","floor":37,"turns":3},{"damage":51,"enemies":"Transient","floor":38,"turns":5},{"damage":18,"enemies":"2 Orb Walkers","floor":39,"turns":3}],"seed_played":"-8818126828038214641","potions_obtained":[{"floor":1,"key":"FocusPotion"},{"floor":7,"key":"Explosive Potion"},{"floor":18,"key":"SmokeBomb"},{"floor":35,"key":"Weak Potion"},{"floor":38,"key":"Explosive Potion"}],"is_trial":false,"path_per_floor":["M","$","M","?","?","R","E","R","T","M","T","R","M","M","R","B",null,"M","?","M","M","$","R","M","M","T","M","$","M","R","T","R","B",null,"M","?","M","M","?"],"character_chosen":"DEFECT","items_purchased":["DataDisk"],"campfire_rested":5,"item_purchase_floors":[22],"current_hp_per_floor":[62,62,52,52,52,52,8,30,30,13,13,35,27,15,37,15,60,60,60,60,53,53,53,35,25,25,22,22,22,45,45,68,28,66,68,58,60,11,0,0],"gold":179,"neow_bonus":"RANDOM_COLORLESS_2","is_daily":false,"chose_seed":false,"campfire_upgraded":2,"win_rate":0.0,"timestamp":1613739490,"path_taken":["M","?","M","?","?","R","E","R","T","?","?","R","M","M","R","BOSS","M","?","M","M","$","R","M","M","T","M","$","M","R","?","R","BOSS","M","?","M","M","?"],"items_purchased_type":["Relic"],"build_version":"2020-12-22","purchased_purges":2,"victory":false,"max_hp_per_floor":[75,75,75,75,75,75,75,75,75,75,75,75,75,75,75,75,75,75,75,75,75,75,75,77,77,77,77,77,77,77,77,77,79,79,81,81,83,85,85,85],"card_choices":[{"not_picked":["Secret Weapon","Chrysalis"],"picked":"Magnetism","floor":0},{"not_picked":["Consume","Redo"],"picked":"Ball Lightning","floor":1},{"not_picked":["Coolheaded","Doom and Gloom"],"picked":"Chill","floor":3},{"not_picked":["Reprogram","Rip and Tear"],"picked":"Steam","floor":7},{"not_picked":["Cold Snap","Lockon"],"picked":"Tempest","floor":10},{"not_picked":["Cold Snap","Sweeping Beam"],"picked":"Defragment","floor":13},{"not_picked":["Consume","Loop"],"picked":"Steam","floor":14},{"not_picked":["Rainbow","Amplify"],"picked":"Thunder Strike","floor":16},{"not_picked":["Beam Cell","Recycle"],"picked":"Turbo","floor":18},{"not_picked":["Cold Snap","Redo"],"picked":"BootSequence","floor":20},{"not_picked":["Beam Cell","Steam"],"picked":"Redo+1","floor":21},{"not_picked":["Steam","Sunder","Hologram"],"picked":"Singing Bowl","floor":24},{"not_picked":["Lockon","Leap"],"picked":"Blizzard","floor":25},{"not_picked":["Reinforced Body","FTL"],"picked":"Glacier","floor":27},{"not_picked":["Fission","Electrodynamics","Buffer"],"picked":"Singing Bowl","floor":33},{"not_picked":["Redo","Cold Snap","Darkness"],"picked":"Singing Bowl","floor":35},{"not_picked":["Beam Cell+1","Hologram","FTL"],"picked":"Singing Bowl","floor":37},{"not_picked":["Chill","Sweeping Beam","Genetic Algorithm"],"picked":"Singing Bowl","floor":38}],"player_experience":466448,"relics_obtained":[{"floor":7,"key":"InkBottle"},{"floor":9,"key":"Tiny Chest"},{"floor":11,"key":"Singing Bowl"},{"floor":26,"key":"Bag of Marbles"},{"floor":31,"key":"Lantern"}],"event_choices":[{"damage_healed":0,"gold_gain":0,"player_choice":"Ignored","damage_taken":0,"max_hp_gain":0,"max_hp_loss":0,"event_name":"Liars Game","floor":4,"gold_loss":0},{"cards_removed":["Strike_B"],"damage_healed":0,"gold_gain":0,"player_choice":"Purged","damage_taken":0,"max_hp_gain":0,"max_hp_loss":0,"event_name":"Purifier","floor":5,"gold_loss":0},{"cards_removed":["Multi-Cast"],"damage_healed":0,"gold_gain":0,"player_choice":"Elegance","damage_taken":0,"max_hp_gain":0,"max_hp_loss":0,"event_name":"Back to Basics","floor":19,"gold_loss":0},{"damage_healed":0,"gold_gain":0,"player_choice":"Embrace Madness","damage_taken":10,"max_hp_gain":0,"max_hp_loss":0,"event_name":"Winding Halls","floor":36,"gold_loss":0,"cards_obtained":["Madness","Madness"]},{"damage_healed":0,"gold_gain":0,"player_choice":"Fight","damage_taken":0,"max_hp_gain":0,"max_hp_loss":0,"event_name":"Mysterious Sphere","floor":39,"gold_loss":0}],"is_beta":false,"boss_relics":[{"not_picked":["Philosopher\u0027s Stone","SlaversCollar"],"picked":"Pandora\u0027s Box"},{"not_picked":["Snecko Eye","Runic Dome"],"picked":"Astrolabe"}],"items_purged_floors":[22,28],"is_endless":false,"potions_floor_spawned":[1,7,14,18,20,25,29,35,38],"killed_by":"2 Orb Walkers","ascension_level":12}}