{"host":"8d3fefv2347kqkpz","time":1613768874,"event":{"mods":["AchievementEnabler","BaseMod","Better Vampires","BetterRewards","Colored Map","Colored Powertips","Downfall","Emptier Cage","Highlight Path","Marked Mod","Minty Spire (QoL Compilation)","Permanent Neow","Quick Restart","Rare Cards Sparkle","Relic Stats","Say the Spire","Spicy Shops","StSLib","Waifu the Spire"],"gold_per_floor":[19,43,61,71,85,116,116,132,132,162,162,178,188,53,53,53,53],"floor_reached":16,"language":"ZHS","playtime":749,"items_purged":["Strike_G"],"score":114,"play_id":"ed0efe71-b695-4f3a-9ca4-085a9e0d60ab","local_time":"20210220050754","is_ascension_mode":false,"campfire_choices":[{"floor":7,"key":"REST"},{"floor":15,"key":"REST"}],"circlet_count":0,"master_deck":["Strike_G","Strike_G","Strike_G+1","Defend_G","Defend_G","Defend_G","Defend_G","Survivor","Neutralize","Escape Plan","Backstab+1","Acrobatics","Terror","Prepared","PiercingWail"],"relics":["Ring of the Snake","Whetstone","Mummified Hand","Paper Crane"],"acts_visited":["Exordium"],"potions_floor_usage":[10,16],"damage_taken":[{"damage":1.0,"enemies":"Cultist","floor":1.0,"turns":4.0},{"damage":8.0,"enemies":"Small Slimes","floor":3.0,"turns":5.0},{"damage":0.0,"enemies":"Jaw Worm","floor":4.0,"turns":4.0},{"damage":4.0,"enemies":"Exordium Wildlife","floor":5.0,"turns":7.0},{"damage":32,"enemies":"Gremlin Nob","floor":6,"turns":5},{"damage":11,"enemies":"Large Slime","floor":8,"turns":13},{"damage":16,"enemies":"3 Sentries","floor":10,"turns":8},{"damage":1,"enemies":"2 Fungi Beasts","floor":12,"turns":4},{"damage":0,"enemies":"Red Slaver","floor":13,"turns":4},{"damage":43,"enemies":"Hexaghost","floor":16,"turns":16}],"seed_played":"43803935970286404","potions_obtained":[{"floor":1.0,"key":"Weak Potion"},{"floor":4.0,"key":"Explosive Potion"},{"floor":12,"key":"PowerPotion"}],"is_trial":false,"path_per_floor":["M","T","M","M","M","E","R","M","T","E","?","M","M","$","R","B"],"character_chosen":"THE_SILENT","items_purchased":["PiercingWail"],"campfire_rested":2,"item_purchase_floors":[14],"current_hp_per_floor":[69,69,61,61,57,25,46,35,35,19,19,18,18,18,39,0,0],"gold":53,"neow_bonus":"REMOVE_TWO","is_daily":false,"chose_seed":false,"campfire_upgraded":0,"win_rate":0.0,"timestamp":1613768874,"path_taken":["M","?","M","M","M","E","R","M","T","E","?","M","M","$","R","BOSS"],"items_purchased_type":["Card"],"build_version":"2020-12-22","purchased_purges":1,"victory":false,"max_hp_per_floor":[70,70,70,70,70,70,70,70,70,70,70,70,70,70,70,70,70],"relic_stats":{"counters":[10,70],"Mummified Hand":[1],"Whetstone":["Strike_G","Backstab"],"obtain_stats":[{"Mummified Hand":9,"Whetstone":6,"Paper Crane":10,"Ring of the Snake":0},{"Mummified Hand":6,"Whetstone":5,"Paper Crane":7,"Ring of the Snake":0},{"Mummified Hand":38,"Whetstone":25,"Paper Crane":46,"Ring of the Snake":0}],"Ring of the Snake":[20]},"card_choices":[{"not_picked":["Distraction","All Out Attack"],"picked":"Escape Plan","floor":1.0},{"not_picked":["Cloak And Dagger","Deadly Poison","Poisoned Stab"],"picked":"SKIP","floor":3.0},{"not_picked":["Prepared","Slice"],"picked":"Backstab","floor":4.0},{"not_picked":["Bouncing Flask","Underhanded Strike","Outmaneuver"],"picked":"SKIP","floor":5},{"not_picked":["Predator","Bullet Time"],"picked":"Acrobatics","floor":6},{"not_picked":["Deadly Poison","Finisher"],"picked":"Terror","floor":8},{"not_picked":["Infinite Blades","Backflip"],"picked":"Prepared","floor":10},{"not_picked":["Malaise","Outmaneuver","Dagger Throw"],"picked":"SKIP","floor":12},{"not_picked":["Setup","Dash","Calculated Gamble"],"picked":"SKIP","floor":13}],"player_experience":483096,"relics_obtained":[{"floor":6,"key":"Whetstone"},{"floor":9,"key":"Mummified Hand"},{"floor":10,"key":"Paper Crane"}],"event_choices":[{"damage_healed":0,"gold_gain":0,"player_choice":"Ignored","damage_taken":0,"max_hp_gain":0,"max_hp_loss":0,"event_name":"Shining Light","floor":11,"gold_loss":0}],"is_beta":false,"boss_relics":[],"items_purged_floors":[14],"is_endless":false,"potions_floor_spawned":[1,4,12],"killed_by":"Hexaghost","ascension_level":0}}