{"host":"nhhqxetgwwd7qseb","time":1613740691,"event":{"mods":["ATMod(阿瑾Mod)","Act Like it!","BaseMod","Chen","Dota2Spire","Downfall","Energized Spire","Gensokyo","Gremlin Mod","GungeonMod","Hallownest","Hermit","Koishi","LagranYue(拉格朗・月)","Marisa（F雨　魔理沙）","Minty Spire (QoL Compilation)","Quick Restart","Rare Cards Sparkle","Reimu（博丽灵梦）","Remilia（蕾米莉亚）","Replay The Spire","SOS（斯巴达之子）","Spicy Shops","StSLib","The Alterego","The Bladedancer","The Bug Knight","The Saiyan","The Senshi","The Servant 0.9.4","TheWitcher","UnlockEverythingMod","WarShipGirlsR/战舰少女R mod","Warlord Emblem","Yakumo Yukari mod","Youmu（魂魄妖梦）","【功能Mod】混沌之环修复补丁","【功能Mod】聪明的最终Boss","【遗物卡牌】REMEMod"],"gold_per_floor":[111,111,123,141,157,187,187,187,187,206,218,65,100,100],"floor_reached":13,"language":"ZHS","playtime":796,"items_purged":[],"score":97,"play_id":"9877eb8f-202c-470a-b825-9412224d83c6","local_time":"20210219211811","is_ascension_mode":false,"campfire_choices":[{"data":"SwordExtraction","floor":8.0,"key":"SMITH"}],"circlet_count":0,"master_deck":["Strike_YM","Strike_YM","Strike_YM","Strike_YM","Defend_YM","Defend_YM","Defend_YM","Defend_YM","SlashOfPresentWorld","WheelOfPainOfLivingAndDead","AT_OneInchPunch","VampireClaw","SlashOfMeditation","FlashingScatteredFlowers","ThoughtCuttingSword","SwordExtraction+1","HesitationCuttingSword","HesitationCuttingSword","SwordExtraction+1"],"relics":["HalfPhantom","REME_ComplimentaryCards","AT_ATBox","NeowsBlessing","WarlordEmblem:MantleJean","Golden Egg","DollysMirror","Orichalcum"],"acts_visited":["Exordium"],"potions_floor_usage":[10],"damage_taken":[{"damage":0.0,"enemies":"Small Slimes","floor":1.0,"turns":1.0},{"damage":0.0,"enemies":"Cultist","floor":3.0,"turns":1.0},{"damage":0.0,"enemies":"2 Louse","floor":4.0,"turns":1.0},{"damage":0.0,"enemies":"Blue Slaver","floor":5.0,"turns":1.0},{"damage":25.0,"enemies":"3 Sentries","floor":6.0,"turns":5.0},{"damage":3,"enemies":"Gremlin Gang","floor":10,"turns":4},{"damage":11,"enemies":"3 Louse","floor":11,"turns":2},{"damage":17,"enemies":"Lagavulin","floor":13,"turns":6}],"seed_played":"6362096178868977713","potions_obtained":[{"floor":1.0,"key":"Reflective Coating"},{"floor":4.0,"key":"Fire Potion"},{"floor":10,"key":"Strength Potion"},{"floor":11,"key":"ZuzhouPotion:ReiMu"}],"is_trial":false,"path_per_floor":["M","?","M","M","M","E","?","R","T","M","M","$","E"],"character_chosen":"YOUMU","items_purchased":["DollysMirror"],"campfire_rested":0,"item_purchase_floors":[12],"current_hp_per_floor":[75,75,75,75,75,50,55,55,55,52,41,41,24,24],"gold":100,"neow_bonus":"THREE_ENEMY_KILL","is_daily":false,"chose_seed":false,"campfire_upgraded":1,"win_rate":0.0,"timestamp":1613740691,"path_taken":["M","?","M","M","M","E","?","R","T","M","M","$","E"],"items_purchased_type":["Relic"],"build_version":"2020-12-22","purchased_purges":0,"victory":false,"max_hp_per_floor":[75,75,75,75,75,75,80,80,80,80,80,80,80,80],"card_choices":[{"not_picked":["CherryBlossomFlashing","LifeCuttingSword"],"picked":"SlashOfMeditation","floor":1.0},{"not_picked":["FiveSignsOfTheDyingDeva","MatsuyoiReflectingSatelliteSlash"],"picked":"FlashingScatteredFlowers","floor":3.0},{"not_picked":["FlashingScatteredFlowers","DispleasureOfTheSevenHakus"],"picked":"ThoughtCuttingSword","floor":4.0},{"not_picked":["DoubleWheelOfPain","ObsessionSword","SanzenSekai"],"picked":"SKIP","floor":5.0},{"not_picked":["LifeCuttingSword","SpiritMediumsBind"],"picked":"SwordExtraction","floor":6.0},{"not_picked":["HeartExcerptSlash","FlashingScatteredFlowers"],"picked":"HesitationCuttingSword","floor":10},{"not_picked":["BloodOfAsura","ThreeKonsSevenHakus"],"picked":"HesitationCuttingSword","floor":11}],"player_experience":105024,"relics_obtained":[{"floor":6.0,"key":"WarlordEmblem:MantleJean"},{"floor":9.0,"key":"Golden Egg"},{"floor":13,"key":"Orichalcum"}],"event_choices":[{"damage_healed":0.0,"max_hp_gain":5.0,"max_hp_loss":0.0,"gold_gain":0.0,"event_name":"Big Fish","player_choice":"Donut","floor":7.0,"gold_loss":0.0,"damage_taken":0.0}],"is_beta":false,"boss_relics":[],"items_purged_floors":[],"is_endless":false,"potions_floor_spawned":[1,4,10,11,13],"killed_by":"Lagavulin","ascension_level":0}}