{"host":"89iuq2p5kwriuwfq","time":1613771627,"event":{"mods":["BaseMod","Curses Come First","Minty Spire (QoL Compilation)","Permanent Neow","StSLib"],"gold_per_floor":[118,143,143,161,62,93,43,56,56,56,76,111,111,136,136,207,207,218,234,234,34,34,60,60,10,10,27,27,27,43,43,43,118,118,134,134,149,174,191,217,230,230,253,253,223,239,267,277,277,277],"floor_reached":51,"language":"ENG","playtime":2415,"items_purged":["Defend_R","Strike_R","Strike_R","Strike_R"],"score":1285,"play_id":"b5efc5ad-40ff-4f8e-858f-30884894df7b","local_time":"20210219215347","is_ascension_mode":true,"campfire_choices":[{"data":"Uppercut","floor":13,"key":"SMITH"},{"data":"Demon Form","floor":15,"key":"SMITH"},{"data":"Limit Break","floor":24,"key":"SMITH"},{"data":"Limit Break","floor":28,"key":"SMITH"},{"data":"Disarm","floor":32,"key":"SMITH"},{"data":"1","floor":42,"key":"LIFT"},{"data":"2","floor":44,"key":"LIFT"},{"data":"3","floor":49,"key":"LIFT"}],"circlet_count":0,"master_deck":["AscendersBane","Strike_R+1","Strike_R+1","Defend_R","Defend_R","Bash","Disarm+1","Inflame","Shrug It Off","Uppercut+1","Twin Strike+1","Demon Form+1","Limit Break+1","J.A.X.","Limit Break+1","Headbutt+1","Sword Boomerang+1","Impervious","Headbutt+1","True Grit","Double Tap","Iron Wave+1","Pommel Strike+1","Disarm"],"relics":["Burning Blood","Whetstone","Smiling Mask","FaceOfCleric","Bag of Marbles","Molten Egg 2","Red Skull","Pantograph","Empty Cage","DollysMirror","Eternal Feather","Shuriken","Vajra","Blood Vial","SacredBark","Girya","Centennial Puzzle","Dream Catcher","Mercury Hourglass"],"acts_visited":["Exordium","TheCity","TheBeyond"],"potions_floor_usage":[11,18,33,37,40,46,48,50,50],"damage_taken":[{"damage":0,"enemies":"Cultist","floor":1,"turns":4},{"damage":7,"enemies":"2 Louse","floor":4,"turns":3},{"damage":36,"enemies":"3 Sentries","floor":6,"turns":11},{"damage":10,"enemies":"Jaw Worm","floor":8,"turns":4},{"damage":0,"enemies":"2 Fungi Beasts","floor":11,"turns":2},{"damage":23,"enemies":"Lagavulin","floor":12,"turns":6},{"damage":8,"enemies":"Gremlin Nob","floor":14,"turns":3},{"damage":33,"enemies":"Hexaghost","floor":16,"turns":6},{"damage":11,"enemies":"3 Byrds","floor":18,"turns":2},{"damage":17,"enemies":"Chosen","floor":19,"turns":5},{"damage":26,"enemies":"Book of Stabbing","floor":23,"turns":3},{"damage":20,"enemies":"Snecko","floor":27,"turns":4},{"damage":18,"enemies":"Cultist and Chosen","floor":30,"turns":4},{"damage":43,"enemies":"Automaton","floor":33,"turns":6},{"damage":15,"enemies":"3 Shapes","floor":35,"turns":7},{"damage":12,"enemies":"3 Darklings","floor":37,"turns":4},{"damage":7,"enemies":"Mind Bloom Boss Battle","floor":38,"turns":6},{"damage":45,"enemies":"Spire Growth","floor":39,"turns":5},{"damage":89,"enemies":"Reptomancer","floor":40,"turns":6},{"damage":30,"enemies":"Sphere and 2 Shapes","floor":41,"turns":5},{"damage":27,"enemies":"Maw","floor":46,"turns":5},{"damage":16,"enemies":"Giant Head","floor":47,"turns":5},{"damage":0,"enemies":"Jaw Worm Horde","floor":48,"turns":3},{"damage":68,"enemies":"Time Eater","floor":50,"turns":7}],"seed_played":"-4938984047763746980","potions_obtained":[{"floor":4,"key":"SpeedPotion"},{"floor":6,"key":"Explosive Potion"},{"floor":12,"key":"LiquidBronze"},{"floor":19,"key":"Explosive Potion"},{"floor":33,"key":"BlessingOfTheForge"},{"floor":35,"key":"AttackPotion"},{"floor":36,"key":"Dexterity Potion"},{"floor":39,"key":"FairyPotion"},{"floor":45,"key":"Fruit Juice"},{"floor":45,"key":"SpeedPotion"},{"floor":47,"key":"ColorlessPotion"},{"floor":48,"key":"Explosive Potion"}],"is_trial":false,"path_per_floor":["M","T","?","M","$","E","$","M","T","?","M","E","R","E","R","B",null,"M","M","?","$","?","E","R","$","T","M","R","?","M","?","R","B",null,"M","?","M","?","M","E","M","R","T","R","?","M","E","M","R","B",null],"character_chosen":"IRONCLAD","items_purchased":["Shrug It Off","DollysMirror"],"campfire_rested":0,"item_purchase_floors":[5,21],"current_hp_per_floor":[78,78,78,78,78,49,49,46,46,46,53,37,37,36,36,35,74,70,60,60,60,60,41,50,50,50,37,46,46,35,35,44,35,79,73,73,70,95,58,65,44,56,56,68,68,60,53,62,74,40],"gold":277,"neow_bonus":"RANDOM_COMMON_RELIC","is_daily":false,"chose_seed":false,"campfire_upgraded":5,"win_rate":0.0,"timestamp":1613771627,"path_taken":["M","?","?","?","$","E","$","M","T","?","M","E","R","E","R","BOSS","M","M","?","$","?","E","R","$","T","M","R","?","?","?","R","BOSS","M","?","?","?","M","E","M","R","T","R","?","?","E","M","R","BOSS"],"items_purchased_type":["Card","Relic"],"build_version":"2020-12-22","purchased_purges":4,"victory":true,"max_hp_per_floor":[80,80,80,81,81,82,82,83,83,83,84,85,85,86,86,87,87,88,89,89,89,89,90,90,90,90,91,91,91,92,92,92,93,93,94,94,95,96,97,98,99,99,99,99,99,110,111,112,112,113],"card_choices":[{"not_picked":["Wild Strike","Fire Breathing"],"picked":"Disarm","floor":1},{"not_picked":["Evolve","Entrench"],"picked":"Inflame","floor":4},{"not_picked":["Dual Wield","Clash","Body Slam"],"picked":"SKIP","floor":6},{"not_picked":["Pommel Strike","Rage"],"picked":"Uppercut","floor":8},{"not_picked":["Demon Form","Evolve"],"picked":"Twin Strike+1","floor":11},{"not_picked":["Combust","Armaments"],"picked":"Wild Strike+1","floor":12},{"not_picked":["Rupture","Bludgeon+1"],"picked":"Demon Form","floor":14},{"not_picked":["Berserk","Brutality"],"picked":"Limit Break","floor":16},{"not_picked":["Sever Soul+1","Fire Breathing","Perfected Strike+1"],"picked":"SKIP","floor":18},{"not_picked":["Shrug It Off+1","Body Slam+1","Warcry"],"picked":"SKIP","floor":19},{"not_picked":["Reckless Charge+1","Sentinel"],"picked":"Headbutt+1","floor":23},{"not_picked":["Clash+1","Body Slam+1"],"picked":"Sword Boomerang+1","floor":27},{"not_picked":["Reckless Charge+1","Armaments","Clash+1"],"picked":"SKIP","floor":30},{"not_picked":["Berserk","Exhume"],"picked":"Impervious","floor":33},{"not_picked":["Power Through","Entrench+1"],"picked":"Headbutt+1","floor":35},{"not_picked":["Inflame","Body Slam+1"],"picked":"True Grit","floor":37},{"not_picked":["Flex","Headbutt+1"],"picked":"Double Tap","floor":38},{"not_picked":["Armaments+1","Body Slam+1","Twin Strike+1"],"picked":"SKIP","floor":39},{"not_picked":["Wild Strike+1","Clothesline+1","Reckless Charge+1"],"picked":"SKIP","floor":40},{"not_picked":["Flame Barrier","Power Through+1"],"picked":"Iron Wave+1","floor":41},{"not_picked":["Clash+1","Headbutt+1"],"picked":"Pommel Strike+1","floor":46},{"not_picked":["Burning Pact","Barricade","Flex"],"picked":"SKIP","floor":47},{"not_picked":["Pommel Strike+1","Flex"],"picked":"Disarm","floor":48}],"player_experience":736613,"relics_obtained":[{"floor":2,"key":"Smiling Mask"},{"floor":6,"key":"Bag of Marbles"},{"floor":9,"key":"Molten Egg 2"},{"floor":12,"key":"Red Skull"},{"floor":14,"key":"Pantograph"},{"floor":23,"key":"Eternal Feather"},{"floor":26,"key":"Shuriken"},{"floor":31,"key":"Blood Vial"},{"floor":38,"key":"Girya"},{"floor":40,"key":"Centennial Puzzle"},{"floor":43,"key":"Dream Catcher"},{"floor":47,"key":"Mercury Hourglass"}],"event_choices":[{"damage_healed":0,"gold_gain":0,"player_choice":"Trade","damage_taken":0,"relics_obtained":["FaceOfCleric"],"max_hp_gain":0,"max_hp_loss":0,"event_name":"FaceTrader","floor":3,"gold_loss":0},{"damage_healed":0,"gold_gain":0,"player_choice":"Ignored","damage_taken":0,"max_hp_gain":0,"max_hp_loss":0,"event_name":"Liars Game","floor":10,"gold_loss":0},{"damage_healed":0,"gold_gain":0,"player_choice":"Obtain J.A.X.","damage_taken":0,"max_hp_gain":0,"max_hp_loss":0,"event_name":"Drug Dealer","floor":20,"gold_loss":0,"cards_obtained":["J.A.X."]},{"damage_healed":0,"gold_gain":0,"player_choice":"Ignored","damage_taken":0,"max_hp_gain":0,"max_hp_loss":0,"event_name":"Ghosts","floor":22,"gold_loss":0},{"damage_healed":0,"gold_gain":0,"player_choice":"Gave Potion","damage_taken":0,"relics_obtained":["Vajra"],"max_hp_gain":0,"max_hp_loss":0,"event_name":"WeMeetAgain","floor":29,"gold_loss":0},{"damage_healed":0,"gold_gain":0,"player_choice":"Relic","damage_taken":0,"max_hp_gain":0,"max_hp_loss":0,"event_name":"Wheel of Change","floor":31,"gold_loss":0},{"damage_healed":0,"gold_gain":0,"player_choice":"Got Potions","damage_taken":0,"max_hp_gain":0,"max_hp_loss":0,"event_name":"Lab","floor":36,"gold_loss":0},{"damage_healed":0,"gold_gain":0,"player_choice":"Fight","damage_taken":0,"max_hp_gain":0,"max_hp_loss":0,"event_name":"MindBloom","floor":38,"gold_loss":0},{"damage_healed":0,"gold_gain":0,"player_choice":"Bought 2 Potions","damage_taken":0,"max_hp_gain":0,"max_hp_loss":0,"event_name":"The Woman in Blue","floor":45,"gold_loss":0}],"is_beta":false,"boss_relics":[{"not_picked":["Velvet Choker","Ectoplasm"],"picked":"Empty Cage"},{"not_picked":["Snecko Eye","Pandora\u0027s Box"],"picked":"SacredBark"}],"items_purged_floors":[5,7,21,25],"is_endless":false,"potions_floor_spawned":[4,6,12,19,33,35,39,47,48],"ascension_level":13}}