{"host":"fwdkxxz7291ipt0p","time":1613725476,"event":{"mods":["AchievementEnabler","Act Like it!","BaseMod","Minty Spire (QoL Compilation)","MostiFishMod","Relic Filter Mod","StSLib"],"gold_per_floor":[114,129,129,129,129,129,143,143,143,160,20,73,89,14,14,117,117,135,148,162,62,62,62,90,90,117,132,144,144,144,157,157,255,255,269,285,137,137,147,160,177,190,190,190,190,190,190,201,201,201],"floor_reached":51,"language":"ZHS","playtime":1178,"items_purged":["Strike_P","Defend_P","Defend_P"],"score":911,"play_id":"87ad390d-e78c-4440-85e3-0085ed4f6eb7","local_time":"20210219170436","is_ascension_mode":false,"campfire_choices":[{"data":"Vigilance","floor":6.0,"key":"SMITH"},{"data":"BowlingBash","floor":8.0,"key":"SMITH"},{"data":"MostiFishMod:DustFall","floor":15.0,"key":"SMITH"},{"data":"BattleHymn","floor":23.0,"key":"SMITH"},{"data":"MostiFishMod:Dust","floor":25.0,"key":"SMITH"},{"data":"Wallop","floor":30.0,"key":"SMITH"},{"data":"Evaluate","floor":32.0,"key":"SMITH"},{"floor":44.0,"key":"REST"},{"floor":47.0,"key":"RECALL"},{"data":"Devotion","floor":49.0,"key":"SMITH"}],"circlet_count":0,"master_deck":["Strike_P+1","Strike_P+1","Defend_P+1","Eruption+1","Vigilance+1","CutThroughFate+1","BowlingBash+1","CarveReality+1","MostiFishMod:DustFall+1","FollowUp+1","MostiFishMod:Dust+1","BattleHymn+1","Evaluate+1","Halt+1","Vengeance+1","Wallop+1","Protect+1","Sanctity+1","CrushJoints+1","ThirdEye+1","EmptyMind+1","FlurryOfBlows+1","Devotion+1"],"relics":["PureWater","DaveBox","Civilization","SynthV:TestCard","Sundial","Whetstone","VioletLotus","DianPoetry","Happy Flower","ChiXiaoBlade","Mark of the Bloom","Unceasing Top"],"acts_visited":["Exordium","TheCity","TheBeyond"],"potions_floor_usage":[50,50],"damage_taken":[{"damage":0.0,"enemies":"Small Slimes","floor":1.0,"turns":2.0},{"damage":0.0,"enemies":"2 Louse","floor":2.0,"turns":3.0},{"damage":0.0,"enemies":"Cultist","floor":7.0,"turns":2.0},{"damage":0.0,"enemies":"Red Slaver","floor":10.0,"turns":1.0},{"damage":4.0,"enemies":"Exordium Wildlife","floor":13.0,"turns":2.0},{"damage":0.0,"enemies":"Slime Boss","floor":16.0,"turns":3.0},{"damage":0.0,"enemies":"Chosen","floor":18.0,"turns":3.0},{"damage":0.0,"enemies":"Spheric Guardian","floor":19.0,"turns":1.0},{"damage":0.0,"enemies":"Snake Plant","floor":20.0,"turns":1.0},{"damage":19.0,"enemies":"Slavers","floor":24.0,"turns":3.0},{"damage":0.0,"enemies":"Cultist and Chosen","floor":27.0,"turns":3.0},{"damage":0.0,"enemies":"3 Cultists","floor":28.0,"turns":2.0},{"damage":0.0,"enemies":"Sentry and Sphere","floor":31.0,"turns":2.0},{"damage":28.0,"enemies":"Champ","floor":33.0,"turns":5.0},{"damage":16.0,"enemies":"3 Darklings","floor":35.0,"turns":2.0},{"damage":1.0,"enemies":"3 Shapes","floor":36.0,"turns":2.0},{"damage":10.0,"enemies":"Maw","floor":39.0,"turns":3.0},{"damage":0.0,"enemies":"4 Shapes","floor":40.0,"turns":3.0},{"damage":0.0,"enemies":"Spire Growth","floor":41.0,"turns":3.0},{"damage":14.0,"enemies":"Jaw Worm Horde","floor":42.0,"turns":2.0},{"damage":0.0,"enemies":"4 Shapes","floor":48.0,"turns":3.0},{"damage":0,"enemies":"Donu and Deca","floor":50,"turns":4}],"seed_played":"5196919481028303047","potions_obtained":[{"floor":1.0,"key":"ColorlessPotion"},{"floor":16.0,"key":"BottledMiracle"},{"floor":19.0,"key":"PowerPotion"},{"floor":24.0,"key":"SneckoOil"},{"floor":31.0,"key":"BlessingOfTheForge"},{"floor":33.0,"key":"SkillPotion"},{"floor":36.0,"key":"Ambrosia"}],"is_trial":false,"path_per_floor":["M","M","?","?","?","R","M","R","T","M","$","T","M","$","R","B",null,"M","M","M","$","?","R","E","R","T","M","M","?","R","M","R","B",null,"M","M","$","?","M","M","M","M","T","R","?","?","R","M","R","B",null],"character_chosen":"WATCHER","items_purchased":["MostiFishMod:DustFall","ThirdEye"],"campfire_rested":1,"item_purchase_floors":[11,37],"current_hp_per_floor":[74,78,83,66,66,66,71,71,71,76,76,76,77,77,77,82,103,108,113,118,118,118,118,104,104,104,109,114,114,114,119,119,96,143,132,136,136,136,126,126,126,112,112,112,112,112,112,112,112,112],"gold":201,"neow_bonus":"UPGRADE_CARD","is_daily":false,"chose_seed":false,"campfire_upgraded":8,"win_rate":0.0,"timestamp":1613725476,"path_taken":["M","M","?","?","?","R","?","R","T","M","?","?","M","$","R","BOSS","M","M","M","$","?","R","E","R","T","M","M","?","R","M","R","BOSS","M","M","$","?","M","M","M","M","T","R","?","?","R","?","R","BOSS"],"items_purchased_type":["Card","Card"],"build_version":"2020-12-22","purchased_purges":3,"victory":true,"max_hp_per_floor":[74,78,83,83,83,83,88,88,88,93,93,93,98,98,98,103,103,108,113,118,118,118,118,123,123,123,128,133,133,133,138,138,143,143,148,153,153,153,158,163,168,173,173,173,173,173,173,178,178,183],"card_choices":[{"not_picked":["Evaluate","MostiFishMod:Speedup"],"picked":"CutThroughFate","floor":1.0},{"not_picked":["Conclude","SashWhip","Consecrate","PathToVictory","EmptyBody"],"picked":"SKIP","floor":2.0},{"not_picked":["Prostrate","JustLucky","Collect","MostiFishMod:PathToVictory"],"picked":"BowlingBash","floor":7.0},{"not_picked":["MostiFishMod:Speedup","SignatureMove","Halt","EmptyFist"],"picked":"CarveReality","floor":10.0},{"not_picked":["Meditate","Prostrate","Nirvana","Worship"],"picked":"FollowUp","floor":13.0},{"not_picked":["Establishment","Wish","MostiFishMod:StarHerder","MostiFishMod:StarOceanP"],"picked":"MostiFishMod:Dust","floor":16.0},{"not_picked":["Halt+1","ThirdEye","Meditate","Wireheading"],"picked":"BattleHymn","floor":18.0},{"not_picked":["PathToVictory","FlurryOfBlows","SandsOfTime+1","FearNoEvil+1"],"picked":"Evaluate","floor":19.0},{"not_picked":["EmptyFist","MentalFortress","Prostrate+1","ClearTheMind"],"picked":"Halt+1","floor":20.0},{"not_picked":["MostiFishMod:Nomercy","Meditate","Consecrate","FlurryOfBlows"],"picked":"Vengeance","floor":24.0},{"not_picked":["JustLucky","MostiFishMod:Minus","EmptyBody","WheelKick","Meditate"],"picked":"SKIP","floor":27.0},{"not_picked":["BowlingBash","Study","MostiFishMod:Clarity","FollowUp","PathToVictory"],"picked":"SKIP","floor":28.0},{"not_picked":["CutThroughFate","Worship+1","DeceiveReality","FollowUp"],"picked":"Protect","floor":31.0},{"not_picked":["EmptyFist","SashWhip","JustLucky+1","Consecrate"],"picked":"Sanctity+1","floor":35.0},{"not_picked":["DeceiveReality","Nirvana","PathToVictory+1","Halt"],"picked":"CrushJoints+1","floor":36.0},{"not_picked":["Adaptation","Consecrate+1","EmptyBody","Protect+1"],"picked":"EmptyMind+1","floor":39.0},{"not_picked":["MostiFishMod:ScryFuture+1","JustLucky","CutThroughFate+1","MostiFishMod:Speedup+1","Weave+1"],"picked":"SKIP","floor":40.0},{"not_picked":["Prostrate","FlyingSleeves","Meditate+1","ClearTheMind","SashWhip+1"],"picked":"SKIP","floor":41.0},{"not_picked":["LessonLearned","EmptyBody","Protect","EmptyMind+1"],"picked":"FlurryOfBlows+1","floor":42.0},{"not_picked":["Consecrate","CarveReality","Nirvana+1","FlyingSleeves+1","Crescendo+1"],"picked":"SKIP","floor":48.0}],"player_experience":479946,"relics_obtained":[{"floor":1.0,"key":"SynthV:TestCard"},{"floor":9.0,"key":"Sundial"},{"floor":12.0,"key":"Whetstone"},{"floor":24.0,"key":"DianPoetry"},{"floor":26.0,"key":"Happy Flower"},{"floor":43.0,"key":"Unceasing Top"}],"event_choices":[{"damage_healed":0.0,"max_hp_gain":5.0,"max_hp_loss":0.0,"gold_gain":0.0,"event_name":"Big Fish","player_choice":"Donut","floor":3.0,"gold_loss":0.0,"damage_taken":0.0},{"damage_healed":0.0,"max_hp_gain":0.0,"max_hp_loss":0.0,"gold_gain":0.0,"event_name":"Shining Light","player_choice":"Entered Light","floor":4.0,"gold_loss":0.0,"damage_taken":17.0,"cards_upgraded":["Strike_P","Defend_P"]},{"cards_removed":["Defend_P"],"damage_healed":0.0,"max_hp_gain":0.0,"max_hp_loss":0.0,"gold_gain":0.0,"event_name":"Purifier","player_choice":"Purged","floor":5.0,"gold_loss":0.0,"damage_taken":0.0},{"damage_healed":0.0,"max_hp_gain":0.0,"max_hp_loss":0.0,"gold_gain":0.0,"event_name":"Vampires","player_choice":"Ignored","floor":22.0,"gold_loss":0.0,"damage_taken":0.0},{"damage_healed":0.0,"max_hp_gain":0.0,"max_hp_loss":0.0,"gold_gain":0.0,"event_name":"The Library","player_choice":"Read","floor":29.0,"gold_loss":0.0,"damage_taken":0.0,"cards_obtained":["Wallop"]},{"damage_healed":0.0,"max_hp_gain":0.0,"max_hp_loss":0.0,"gold_gain":0.0,"event_name":"MindBloom","player_choice":"Upgrade","floor":38.0,"gold_loss":0.0,"damage_taken":0.0,"cards_upgraded":["Strike_P","CutThroughFate","FollowUp","Vengeance","Protect","ThirdEye"],"relics_obtained":["Mark of the Bloom"]},{"damage_healed":0.0,"max_hp_gain":0.0,"max_hp_loss":0.0,"gold_gain":0.0,"event_name":"SensoryStone","player_choice":"Memory 1","floor":45.0,"gold_loss":0.0,"damage_taken":0.0},{"damage_healed":0.0,"max_hp_gain":0.0,"max_hp_loss":0.0,"gold_gain":0.0,"cards_transformed":["Strike_P"],"event_name":"Transmorgrifier","player_choice":"Transformed","floor":46.0,"gold_loss":0.0,"damage_taken":0.0,"cards_obtained":["Devotion"]}],"is_beta":false,"boss_relics":[{"not_picked":["TimeKeys","PatriotShield"],"picked":"VioletLotus"},{"not_picked":["FeatherPendant","SlaversCollar"],"picked":"ChiXiaoBlade"}],"items_purged_floors":[14,21,37],"is_endless":false,"potions_floor_spawned":[1,16,19,20,24,31,33,36,40,41],"ascension_level":0}}