{"host":"rtw1tnr74gozsrw1","time":1613709210,"event":{"mods":["BaseMod","Colored Map","Colored Powertips","Highlight Path","Infinite Spire","Minty Spire (QoL Compilation)","StSLib","The Cursed","The Jungle"],"gold_per_floor":[115,40,57,70,70,95,95,95,95,111,111,111,111,111,111],"floor_reached":14,"language":"ENG","playtime":311,"items_purged":["Defend_B"],"score":114,"play_id":"935fe4cd-79a4-4133-991d-0fbdd740e9bd","local_time":"20210219053330","is_ascension_mode":true,"campfire_choices":[{"data":"Zap","floor":7,"key":"SMITH"},{"data":"Conserve Battery","floor":11,"key":"SMITH"},{"data":"Conserve Battery","floor":13,"key":"SMITH"}],"circlet_count":0,"master_deck":["Strike_B","Strike_B","Defend_B","Defend_B","Defend_B","Zap+1","Dualcast","Go for the Eyes","Loop","Beam Cell","Conserve Battery+1","Conserve Battery+1"],"relics":["Cracked Core","Centennial Puzzle","Calipers","Matryoshka"],"acts_visited":["Exordium"],"potions_floor_usage":[6],"damage_taken":[{"damage":1,"enemies":"Cultist","floor":1,"turns":3},{"damage":7,"enemies":"Small Slimes","floor":3,"turns":3},{"damage":7,"enemies":"2 Louse","floor":4,"turns":3},{"damage":15,"enemies":"Gremlin Nob","floor":6,"turns":4},{"damage":8,"enemies":"2 Fungi Beasts","floor":10,"turns":3},{"damage":30,"enemies":"3 Sentries","floor":14,"turns":6}],"seed_played":"4571916988704211557","potions_obtained":[{"floor":1,"key":"EssenceOfSteel"},{"floor":4,"key":"SneckoOil"},{"floor":6,"key":"EssenceOfDarkness"}],"is_trial":false,"path_per_floor":["M","$","M","M","T","E","R","?","T","M","R","?","R","E"],"character_chosen":"DEFECT","items_purchased":[],"campfire_rested":0,"item_purchase_floors":[],"current_hp_per_floor":[67,67,60,53,53,38,38,38,38,30,30,30,30,0,0],"gold":111,"neow_bonus":"REMOVE_TWO","is_daily":false,"chose_seed":false,"campfire_upgraded":3,"win_rate":0.0,"timestamp":1613709210,"path_taken":["M","$","?","M","?","E","R","?","T","M","R","?","R","E"],"items_purchased_type":[],"build_version":"2020-12-22","purchased_purges":1,"victory":false,"max_hp_per_floor":[68,68,68,68,68,68,68,68,68,68,68,68,68,68,68],"card_choices":[{"not_picked":["Melter","Hologram"],"picked":"Go for the Eyes","floor":1},{"not_picked":["Leap","Turbo"],"picked":"Loop","floor":3},{"not_picked":["Barrage","Reprogram"],"picked":"Beam Cell","floor":4},{"not_picked":["Cold Snap","Leap"],"picked":"Conserve Battery","floor":6},{"not_picked":["Turbo","Redo"],"picked":"Conserve Battery","floor":10}],"player_experience":177008,"relics_obtained":[{"floor":5,"key":"Centennial Puzzle"},{"floor":6,"key":"Calipers"},{"floor":9,"key":"Matryoshka"}],"event_choices":[{"damage_healed":0,"gold_gain":0,"player_choice":"Ignored","damage_taken":0,"max_hp_gain":0,"max_hp_loss":0,"event_name":"Liars Game","floor":8,"gold_loss":0}],"is_beta":false,"boss_relics":[],"items_purged_floors":[2],"is_endless":false,"potions_floor_spawned":[1,4,6],"killed_by":"3 Sentries","ascension_level":6}}