{"host":"j3dftr7v3bsikk26","time":1613752142,"event":{"mods":["AchievementEnabler","BaseMod","Bestiary","Better Note","Colored Map","Colored Powertips","Downfall","Minty Spire (QoL Compilation)","Relic Stats","StSLib"],"gold_per_floor":[99,115,131,181,192,221,221,231,22,35,68,78,78,108,121,198,198,98,109,125,135,85,102,128,28,28,13,47,47,63,95,108,186,186,86,102,12,32,32,32,56,72,72,94,94,94,94,143,156,156,156,191,66,66,66,66,66,66],"floor_reached":56,"language":"ENG","playtime":6420,"items_purged":["Guardian:Strike_Guardian","Guardian:Defend_Guardian","Guardian:Strike_Guardian+1"],"score":1266,"play_id":"cd4d406d-4270-4223-9623-12e3ba648ce4","local_time":"20210219172902","is_ascension_mode":true,"campfire_choices":[{"data":"Guardian:TwinSlam","floor":1,"key":"SMITH"},{"data":"Guardian:MultiBeam","floor":13,"key":"SMITH"},{"floor":18,"key":"RECALL"},{"data":"Guardian:Recover","floor":25,"key":"SMITH"},{"data":"Guardian:ExploitGems","floor":29,"key":"SMITH"},{"data":"Guardian:Recover","floor":35,"key":"SMITH"},{"data":"Guardian:FuturePlans","floor":40,"key":"SMITH"},{"data":"expansioncontent:Chronoboost","floor":43,"key":"SMITH"},{"data":"Guardian:ChargeUp","floor":45,"key":"SMITH"},{"data":"Guardian:Orbwalk","floor":47,"key":"SMITH"},{"data":"Guardian:Orbwalk","floor":54,"key":"SMITH"}],"circlet_count":0,"master_deck":["AscendersBane","Guardian:Defend_Guardian","Guardian:Defend_Guardian","Guardian:Defend_Guardian","Guardian:CurlUp","Guardian:TwinSlam+1","Guardian:RollAttack","Guardian:ArmoredProtocol","Guardian:ChargeUp+1","Guardian:PolyBeam","Guardian:MultiBeam+1","Guardian:Reroute+1","Guardian:Orbwalk+1","Guardian:Orbwalk+1","Guardian:Recover+1","Guardian:ExploitGems+1","Guardian:Recover+1","Guardian:ShieldSpikes","Guardian:FuturePlans+1","expansioncontent:PrepareCrush","expansioncontent:AwakenDeath","expansioncontent:Chronoboost+1","Guardian:FloatingOrbs","Guardian:ExploitGems","Guardian:Suspension+1"],"relics":["Guardian:ModeShifter","Letter Opener","Chemical X","Slimebound:StickyStick","Strawberry","Runic Dome","downfall:HeartBlessingGreen","Whetstone","downfall:HeartBlessingRed","Art of War","Ancient Tea Set","Eternal Feather","Empty Cage","downfall:HeartBlessingBlue","Bag of Marbles","bronze:BronzeIdol","champ:DuelingGlove","Anchor"],"acts_visited":["Exordium","TheCity","TheBeyond","TheEnding"],"potions_floor_usage":[16,23,27,33,55,56],"damage_taken":[{"damage":2,"enemies":"Jaw Worm","floor":2,"turns":4},{"damage":0,"enemies":"Cultist","floor":3,"turns":3},{"damage":8,"enemies":"2 Louse","floor":5,"turns":2},{"damage":8,"enemies":"Gremlin Nob","floor":6,"turns":5},{"damage":12,"enemies":"Exordium Thugs","floor":8,"turns":5},{"damage":0,"enemies":"downfall:FleeingMerchant","floor":9,"turns":4},{"damage":0,"enemies":"Exordium Wildlife","floor":10,"turns":2},{"damage":9,"enemies":"Lagavulin","floor":11,"turns":5},{"damage":7,"enemies":"2 Fungi Beasts","floor":12,"turns":3},{"damage":5,"enemies":"3 Sentries","floor":14,"turns":5},{"damage":6,"enemies":"downfall:LooterAlt","floor":15,"turns":3},{"damage":2,"enemies":"SI_SHIV_ARCHETYPE","floor":16,"turns":7},{"damage":13,"enemies":"Spheric Guardian","floor":19,"turns":4},{"damage":6,"enemies":"Chosen","floor":20,"turns":3},{"damage":14,"enemies":"Centurion and Healer","floor":21,"turns":5},{"damage":0,"enemies":"Snake Plant","floor":23,"turns":2},{"damage":0,"enemies":"downfall:FleeingMerchant","floor":27,"turns":4},{"damage":20,"enemies":"Slavers","floor":28,"turns":2},{"damage":0,"enemies":"Snecko","floor":30,"turns":4},{"damage":0,"enemies":"Gremlin Leader","floor":31,"turns":6},{"damage":5,"enemies":"Shelled Parasite and Fungi","floor":32,"turns":2},{"damage":28,"enemies":"DF_ARCHETYPE_CLAW","floor":33,"turns":8},{"damage":11,"enemies":"3 Darklings","floor":36,"turns":4},{"damage":0,"enemies":"downfall:FleeingMerchant","floor":37,"turns":4},{"damage":7,"enemies":"Orb Walker","floor":38,"turns":3},{"damage":2,"enemies":"Sphere and 2 Shapes","floor":42,"turns":4},{"damage":0,"enemies":"downfall:FleeingMerchant","floor":44,"turns":1},{"damage":16,"enemies":"2 Orb Walkers","floor":48,"turns":4},{"damage":12,"enemies":"Maw","floor":49,"turns":5},{"damage":83,"enemies":"WA_ARCHETYPE_DIVINITY","floor":50,"turns":8},{"damage":29,"enemies":"downfall:CharBossMerchant","floor":52,"turns":7},{"damage":0,"enemies":"downfall:NeowBoss","floor":55,"turns":11},{"damage":126,"enemies":"downfall:NeowBossFinal","floor":56,"turns":8}],"seed_played":"7310372767470993400","potions_obtained":[{"floor":8,"key":"Explosive Potion"},{"floor":10,"key":"Dexterity Potion"},{"floor":12,"key":"SteroidPotion"},{"floor":15,"key":"AttackPotion"},{"floor":16,"key":"Regen Potion"},{"floor":23,"key":"Strength Potion"},{"floor":30,"key":"Weak Potion"},{"floor":36,"key":"bronze:BurnAndBuffPotion"},{"floor":52,"key":"DistilledChaos"}],"is_trial":false,"path_per_floor":["R","M","M","?","M","E","T","M","$","M","E","M","R","E","M","B",null,"R","M","M","M","?","M","T","R","T","$","E","R","M","E","M","B",null,"R","M","$","M","?","R","T","M","R","$","R","?","R","?","M","B",null,"E","$","R","B","B"],"character_chosen":"GUARDIAN","items_purchased":["Chemical X","Guardian:Reroute","bronze:BronzeIdol","Guardian:FloatingOrbs"],"campfire_rested":0,"item_purchase_floors":[9,9,44,44],"current_hp_per_floor":[65,63,63,63,55,47,47,35,35,35,26,19,19,21,15,13,57,57,44,38,24,59,59,59,59,59,59,39,39,39,39,34,6,56,78,67,67,60,50,65,65,63,78,78,82,82,82,66,54,20,67,38,38,53,68,0,0,0],"gold":66,"neow_bonus":"THREE_RARE_CARDS","is_daily":false,"chose_seed":false,"campfire_upgraded":10,"win_rate":0.0,"timestamp":1613752142,"path_taken":["R","M","M","?","M","E","T","?","$","?","E","M","R","E","M","BOSS","R","M","M","M","?","M","T","R","?","?","E","R","M","E","M","BOSS","R","M","$","M","?","R","T","M","R","$","R","?","R","?","M","BOSS","E","$","R","BOSS","BOSS"],"items_purchased_type":["Relic","Card","Relic","Card"],"build_version":"2020-12-22","purchased_purges":3,"victory":false,"max_hp_per_floor":[65,65,65,65,65,65,65,65,65,65,65,65,65,72,72,72,72,72,72,72,72,72,72,72,72,72,72,72,72,72,72,72,72,72,82,82,82,82,82,82,82,82,82,82,82,82,82,82,82,82,82,82,82,82,82,82,82,82],"relic_stats":{"counters":[33,147],"Eternal Feather":61,"Art of War":[7],"Letter Opener":[215],"Chemical X":[41],"Whetstone":["Guardian:Reroute","Guardian:Strike_Guardian"],"obtain_stats":[{"champ:DuelingGlove":48,"downfall:HeartBlessingRed":25,"Guardian:ModeShifter":0,"downfall:HeartBlessingGreen":18,"Eternal Feather":31,"Letter Opener":6,"Whetstone":24,"Ancient Tea Set":28,"Empty Cage":34,"bronze:BronzeIdol":44,"Runic Dome":17,"Anchor":52,"Slimebound:StickyStick":11,"downfall:HeartBlessingBlue":35,"Strawberry":14,"Art of War":26,"Bag of Marbles":41,"Chemical X":9},{"champ:DuelingGlove":28,"downfall:HeartBlessingRed":16,"Guardian:ModeShifter":0,"downfall:HeartBlessingGreen":12,"Eternal Feather":20,"Letter Opener":4,"Whetstone":16,"Ancient Tea Set":18,"Empty Cage":22,"bronze:BronzeIdol":27,"Runic Dome":12,"Anchor":31,"Slimebound:StickyStick":8,"downfall:HeartBlessingBlue":22,"Strawberry":10,"Art of War":16,"Bag of Marbles":25,"Chemical X":6},{"champ:DuelingGlove":108,"downfall:HeartBlessingRed":62,"Guardian:ModeShifter":0,"downfall:HeartBlessingGreen":48,"Eternal Feather":78,"Letter Opener":14,"Whetstone":62,"Ancient Tea Set":68,"Empty Cage":88,"bronze:BronzeIdol":104,"Runic Dome":48,"Anchor":128,"Slimebound:StickyStick":30,"downfall:HeartBlessingBlue":88,"Strawberry":38,"Art of War":62,"Bag of Marbles":99,"Chemical X":23}]},"card_choices":[{"not_picked":["Guardian:CompilePackage","Guardian:GemFire"],"picked":"Guardian:Gem_Synthetic","floor":0},{"not_picked":["Guardian:WalkerClaw","Guardian:Repulse"],"picked":"Guardian:RollAttack","floor":2},{"not_picked":["Guardian:TemporalShield","Guardian:Gem_Lightblue"],"picked":"Guardian:ArmoredProtocol","floor":3},{"not_picked":["Guardian:PrimingBeam","Guardian:TemporalStrike"],"picked":"Guardian:ChargeUp","floor":5},{"not_picked":["Guardian:PiercingHide","Guardian:TimeCapacitor"],"picked":"Guardian:PolyBeam","floor":6},{"not_picked":["Guardian:SpikerProtocol","Guardian:PrimingBeam"],"picked":"Guardian:MultiBeam","floor":8},{"not_picked":["Guardian:PolyBeam","Guardian:Incinerate","Guardian:TemporalShield"],"picked":"SKIP","floor":9},{"not_picked":["Guardian:GatlingBeam","Guardian:RollAttack","Guardian:PrimingBeam"],"picked":"SKIP","floor":10},{"not_picked":["Guardian:Gem_Crimson","Guardian:Gem_Green"],"picked":"Guardian:Orbwalk","floor":11},{"not_picked":["Guardian:Gem_Lightblue","Guardian:TemporalShield"],"picked":"Guardian:Orbwalk","floor":12},{"not_picked":["Guardian:PolyBeam","Guardian:TimeBomb"],"picked":"Guardian:Recover","floor":14},{"not_picked":["Guardian:TemporalShield","Guardian:ShieldCharger"],"picked":"Guardian:Gem_Yellow","floor":15},{"not_picked":["Guardian:FierceBash","Guardian:StasisEngine"],"picked":"Guardian:ExploitGems","floor":16},{"not_picked":["Guardian:WalkerClaw","Guardian:Clone"],"picked":"Guardian:Gem_Red","floor":19},{"not_picked":["Guardian:Gem_Lightblue","Guardian:TimeBomb","Guardian:PrismaticBarrier"],"picked":"SKIP","floor":20},{"not_picked":["Guardian:ChargeCore","Guardian:Suspension"],"picked":"Guardian:Gem_Yellow","floor":21},{"not_picked":["Guardian:SpikerProtocol","Guardian:PrimingBeam"],"picked":"Guardian:Recover","floor":23},{"not_picked":["Guardian:RefractedBeam","Guardian:PrismaticBarrier"],"picked":"Guardian:Gem_White","floor":27},{"not_picked":["Guardian:CrystalBeam","Guardian:Suspension"],"picked":"Guardian:Gem_Yellow","floor":28},{"not_picked":["Guardian:CrystalBeam","Guardian:MultiBeam"],"picked":"Guardian:ShieldSpikes","floor":30},{"not_picked":["Guardian:Gem_Yellow","Guardian:CompilePackage"],"picked":"Guardian:Gem_Orange","floor":31},{"not_picked":["Guardian:Gem_Purple","Guardian:PiercingHide","Guardian:Gem_Lightblue"],"picked":"SKIP","floor":32},{"not_picked":["Guardian:TemporalStrike","Guardian:Recover","Guardian:SentryBeam"],"picked":"SKIP","floor":36},{"not_picked":["Guardian:Gem_Yellow","Guardian:Suspension"],"picked":"Guardian:FuturePlans","floor":37},{"not_picked":["Guardian:CrystalBeam","Guardian:Gem_Purple"],"picked":"Guardian:Gem_White","floor":38},{"not_picked":["expansioncontent:Hexaburn","expansioncontent:YouAreMine"],"picked":"expansioncontent:PrepareCrush","floor":39},{"not_picked":["expansioncontent:Hexaburn","expansioncontent:InvincibleStrength"],"picked":"expansioncontent:AwakenDeath","floor":39},{"not_picked":["expansioncontent:HyperBeam","expansioncontent:PolyBeam"],"picked":"expansioncontent:Chronoboost","floor":39},{"not_picked":["Guardian:Gem_Lightblue","Guardian:MultiBeam","Guardian:CrystalBeam+1"],"picked":"SKIP","floor":42},{"not_picked":["Guardian:PrimingBeam+1","Guardian:Preprogram","Guardian:WalkerClaw"],"picked":"SKIP","floor":44},{"not_picked":["Guardian:Reroute","Guardian:Planning"],"picked":"Guardian:ExploitGems","floor":48},{"not_picked":["Guardian:CrystalBeam","Guardian:PrimingBeam+1"],"picked":"Guardian:Gem_Purple","floor":49},{"not_picked":["Guardian:Gem_Cyan","Guardian:WalkerClaw+1"],"picked":"Guardian:Suspension+1","floor":52}],"player_experience":1420369,"relics_obtained":[{"floor":6,"key":"Letter Opener"},{"floor":11,"key":"Slimebound:StickyStick"},{"floor":14,"key":"Strawberry"},{"floor":24,"key":"Whetstone"},{"floor":26,"key":"Art of War"},{"floor":28,"key":"Ancient Tea Set"},{"floor":31,"key":"Eternal Feather"},{"floor":41,"key":"Bag of Marbles"},{"floor":48,"key":"champ:DuelingGlove"},{"floor":52,"key":"Anchor"}],"event_choices":[{"damage_healed":0,"gold_gain":0,"player_choice":"Fight","damage_taken":0,"max_hp_gain":0,"max_hp_loss":0,"event_name":"Mysterious Sphere","floor":48,"gold_loss":0}],"is_beta":false,"boss_relics":[{"not_picked":["sneckomod:SneckoTalon","Coffee Dripper"],"picked":"Runic Dome"},{"not_picked":["bronze:MakeshiftBattery","expansioncontent:StudyCardRelic"],"picked":"Empty Cage"}],"items_purged_floors":[37,44,53],"is_endless":false,"potions_floor_spawned":[8,10,12,15,16,20,23,30,32,36,38,42,48,52],"killed_by":"downfall:NeowBossFinal","ascension_level":15}}