{"host":"5ezk7t18wcb10u1o","time":1613777779,"event":{"mods":["BaseMod","Bestiary","Colored Powertips","Minty Spire (QoL Compilation)","Relic Sorter"],"gold_per_floor":[112,112,123,142,142,142,152,152,152,152,171,191,207,238,238,316,316,333,87,137,147,161,186,186,202,202,202,127,140,140,140,140],"floor_reached":31,"language":"ENG","playtime":1428,"items_purged":["Strike_B"],"score":518,"play_id":"50a6d1ac-c7ae-4b3f-be1e-31b2b5cec009","local_time":"20210219233619","is_ascension_mode":true,"campfire_choices":[{"floor":6.0,"key":"REST"},{"data":"Good Instincts","floor":8.0,"key":"SMITH"},{"floor":15.0,"key":"REST"},{"floor":24.0,"key":"REST"},{"floor":27.0,"key":"REST"}],"circlet_count":0,"master_deck":["AscendersBane","Strike_B+1","Strike_B+1","Defend_B+1","Defend_B+1","Defend_B+1","Zap","Dualcast+1","Good Instincts+1","Gash","Sweeping Beam","Rip and Tear","Gash","Leap","Steam","Lockon","Reboot","Leap+1","Core Surge","Loop","Go for the Eyes+1","Conserve Battery"],"relics":["Cracked Core","Cables","Symbiotic Virus","Fusion Hammer","Oddly Smooth Stone","White Beast Statue","Incense Burner"],"acts_visited":["Exordium","TheCity"],"potions_floor_usage":[29],"damage_taken":[{"damage":14.0,"enemies":"Jaw Worm","floor":1.0,"turns":4.0},{"damage":0.0,"enemies":"2 Louse","floor":3.0,"turns":2.0},{"damage":10.0,"enemies":"Small Slimes","floor":4.0,"turns":3.0},{"damage":5.0,"enemies":"Looter","floor":7.0,"turns":2.0},{"damage":0.0,"enemies":"Red Slaver","floor":11.0,"turns":2.0},{"damage":0.0,"enemies":"2 Fungi Beasts","floor":12.0,"turns":3.0},{"damage":3.0,"enemies":"Blue Slaver","floor":13.0,"turns":3.0},{"damage":7.0,"enemies":"3 Sentries","floor":14.0,"turns":4.0},{"damage":56.0,"enemies":"Hexaghost","floor":16.0,"turns":8.0},{"damage":1.0,"enemies":"Spheric Guardian","floor":18.0,"turns":3.0},{"damage":4.0,"enemies":"3 Byrds","floor":21.0,"turns":5.0},{"damage":21.0,"enemies":"Shelled Parasite and Fungi","floor":22.0,"turns":5.0},{"damage":28.0,"enemies":"Book of Stabbing","floor":23.0,"turns":4.0},{"damage":21.0,"enemies":"Snake Plant","floor":25.0,"turns":6.0},{"damage":32,"enemies":"Centurion and Healer","floor":29,"turns":6},{"damage":18,"enemies":"Cultist and Chosen","floor":31,"turns":3}],"seed_played":"-8832710167693196652","potions_obtained":[{"floor":4.0,"key":"Strength Potion"},{"floor":12.0,"key":"BlessingOfTheForge"},{"floor":13.0,"key":"EssenceOfDarkness"},{"floor":14.0,"key":"SpeedPotion"},{"floor":16.0,"key":"DuplicationPotion"},{"floor":21.0,"key":"FairyPotion"},{"floor":22.0,"key":"ColorlessPotion"},{"floor":25.0,"key":"Fire Potion"},{"floor":29,"key":"FearPotion"}],"is_trial":false,"path_per_floor":["M","?","M","M","?","R","M","R","T","?","M","M","M","E","R","B",null,"M","$","?","M","M","E","R","M","T","R","?","M","?","M"],"character_chosen":"DEFECT","items_purchased":["Oddly Smooth Stone"],"campfire_rested":4,"item_purchase_floors":[19],"current_hp_per_floor":[50,43,43,33,33,54,49,49,49,49,49,49,46,39,60,4,54,53,53,53,49,28,21,42,21,21,42,42,10,10,0,0],"gold":140,"neow_bonus":"RANDOM_COLORLESS","is_daily":false,"chose_seed":false,"campfire_upgraded":1,"win_rate":0.0,"timestamp":1613777779,"path_taken":["M","?","M","M","?","R","M","R","T","?","?","M","M","E","R","BOSS","M","$","?","M","?","E","R","M","T","R","?","M","?","M"],"items_purchased_type":["Relic"],"build_version":"2020-12-22","purchased_purges":1,"victory":false,"max_hp_per_floor":[71,71,71,71,71,71,71,71,71,71,71,71,71,71,71,71,71,71,71,71,71,71,71,71,71,71,71,71,71,71,71,71],"card_choices":[{"not_picked":["Forethought","Finesse"],"picked":"Good Instincts","floor":0.0},{"not_picked":["Steam Power","Rebound"],"picked":"Gash","floor":1.0},{"not_picked":["Streamline","Glacier"],"picked":"Sweeping Beam","floor":3.0},{"not_picked":["Turbo","Storm"],"picked":"Rip and Tear","floor":4.0},{"not_picked":["Ball Lightning","Chaos"],"picked":"Gash","floor":7.0},{"not_picked":["FTL","Recycle","Sunder"],"picked":"SKIP","floor":11.0},{"not_picked":["Sweeping Beam","Stack"],"picked":"Leap","floor":12.0},{"not_picked":["Rebound","White Noise"],"picked":"Steam","floor":13.0},{"not_picked":["Rebound","Streamline"],"picked":"Lockon","floor":14.0},{"not_picked":["Multi-Cast","Meteor Strike"],"picked":"Reboot","floor":16.0},{"not_picked":["Conserve Battery","Rebound+1"],"picked":"Leap+1","floor":18.0},{"not_picked":["Hello World","Redo"],"picked":"Core Surge","floor":21.0},{"not_picked":["Go for the Eyes","Coolheaded"],"picked":"Loop","floor":22.0},{"not_picked":["Steam","Rebound"],"picked":"Go for the Eyes+1","floor":23.0},{"not_picked":["Cold Snap","Redo"],"picked":"Conserve Battery","floor":25.0},{"not_picked":["Stack","Barrage","Creative AI"],"picked":"SKIP","floor":29}],"player_experience":1236119,"relics_obtained":[{"floor":9.0,"key":"Cables"},{"floor":14.0,"key":"Symbiotic Virus"},{"floor":23.0,"key":"White Beast Statue"},{"floor":26.0,"key":"Incense Burner"}],"event_choices":[{"cards_removed":["Strike_B"],"damage_healed":0.0,"max_hp_gain":0.0,"max_hp_loss":0.0,"gold_gain":0.0,"event_name":"Golden Wing","player_choice":"Card Removal","floor":2.0,"gold_loss":0.0,"damage_taken":7.0},{"damage_healed":0.0,"max_hp_gain":0.0,"max_hp_loss":0.0,"gold_gain":0.0,"event_name":"Living Wall","player_choice":"Grow","floor":5.0,"gold_loss":0.0,"damage_taken":0.0,"cards_upgraded":["Dualcast"]},{"damage_healed":0.0,"max_hp_gain":0.0,"max_hp_loss":0.0,"gold_gain":0.0,"cards_transformed":["Defend_B"],"event_name":"Transmorgrifier","player_choice":"Transformed","floor":10.0,"gold_loss":0.0,"damage_taken":0.0,"cards_obtained":["Reprogram"]},{"damage_healed":0.0,"max_hp_gain":0.0,"max_hp_loss":0.0,"gold_gain":50.0,"event_name":"Golden Shrine","player_choice":"Pray","floor":20.0,"gold_loss":0.0,"damage_taken":0.0},{"cards_removed":["Reprogram"],"damage_healed":0.0,"max_hp_gain":0.0,"max_hp_loss":0.0,"gold_gain":0.0,"event_name":"Beggar","player_choice":"Gave Gold","floor":28.0,"gold_loss":75.0,"damage_taken":0.0},{"damage_healed":0,"gold_gain":0,"player_choice":"Simplicity","damage_taken":0,"max_hp_gain":0,"max_hp_loss":0,"event_name":"Back to Basics","floor":30,"gold_loss":0,"cards_upgraded":["Strike_B","Strike_B","Defend_B","Defend_B","Defend_B"]}],"is_beta":false,"boss_relics":[{"not_picked":["SacredBark","Snecko Eye"],"picked":"Fusion Hammer"}],"items_purged_floors":[19],"is_endless":false,"potions_floor_spawned":[4,12,13,14,16,21,22,25,29],"killed_by":"Cultist and Chosen","ascension_level":20}}