{"host":"test","time":1613741534,"event":{"mods":["BaseMod","Colored Map","Colored Powertips","Minty Spire (QoL Compilation)","Relic Stats","StSLib","ojb\u0027s Better Paths Mod","ojb\u0027s Info Mod"],"gold_per_floor":[119,138,149,159,159,159,189,189,238,238,238,238,249,261,261,338,338,348,398,2,15,15,15,30,30,30],"floor_reached":25,"language":"JPN","playtime":796,"items_purged":[],"score":406,"play_id":"43ef43d3-356e-4b3a-9eff-be1387a8db7d","local_time":"20210219223214","is_ascension_mode":true,"campfire_choices":[{"floor":6.0,"key":"REST"},{"data":"Defragment","floor":8.0,"key":"SMITH"},{"data":"Beam Cell","floor":10.0,"key":"SMITH"},{"data":"Zap","floor":12.0,"key":"SMITH"},{"floor":15.0,"key":"REST"},{"floor":23.0,"key":"REST"}],"circlet_count":0,"master_deck":["AscendersBane","Strike_B","Strike_B","Strike_B","Strike_B","Defend_B","Defend_B","Defend_B","Defend_B","Zap+1","Dualcast","BootSequence","Sunder+1","FTL","Beam Cell+1","Defragment+1","Hologram","Doom and Gloom","Electrodynamics","Undo","Storm","Static Discharge","Hologram+1","Decay","Auto Shields"],"relics":["Inserter","The Courier","Pen Nib","Nuclear Battery","Runic Capacitor","PreservedInsect"],"acts_visited":["Exordium","TheCity"],"potions_floor_usage":[25],"damage_taken":[{"damage":13.0,"enemies":"Cultist","floor":1.0,"turns":5.0},{"damage":1.0,"enemies":"Small Slimes","floor":2.0,"turns":5.0},{"damage":7.0,"enemies":"Jaw Worm","floor":3.0,"turns":3.0},{"damage":23.0,"enemies":"Exordium Wildlife","floor":4.0,"turns":6.0},{"damage":20.0,"enemies":"3 Sentries","floor":7.0,"turns":5.0},{"damage":4.0,"enemies":"3 Louse","floor":13.0,"turns":3.0},{"damage":3.0,"enemies":"Blue Slaver","floor":14.0,"turns":2.0},{"damage":60.0,"enemies":"The Guardian","floor":16.0,"turns":10.0},{"damage":26.0,"enemies":"3 Byrds","floor":18.0,"turns":4.0},{"damage":21.0,"enemies":"Shell Parasite","floor":21.0,"turns":4.0},{"damage":14.0,"enemies":"3 Cultists","floor":24.0,"turns":4.0},{"damage":19,"enemies":"Gremlin Leader","floor":25,"turns":2}],"seed_played":"4489126259785750585","potions_obtained":[{"floor":1.0,"key":"FairyPotion"},{"floor":2.0,"key":"SteroidPotion"},{"floor":16.0,"key":"ColorlessPotion"},{"floor":18.0,"key":"Dexterity Potion"},{"floor":21.0,"key":"CultistPotion"}],"is_trial":false,"path_per_floor":["M","M","M","M","?","R","E","R","T","R","?","R","M","M","R","B",null,"M","?","$","M","?","R","M","E"],"character_chosen":"DEFECT","items_purchased":["Runic Capacitor","Storm","Static Discharge","PreservedInsect","Fire Potion"],"campfire_rested":3,"item_purchase_floors":[20,20,20,20,20],"current_hp_per_floor":[51,50,43,20,20,41,21,21,21,21,21,21,17,14,35,3,54,28,28,28,7,7,28,14,0,0],"gold":30,"neow_bonus":"BOSS_RELIC","is_daily":false,"chose_seed":true,"campfire_upgraded":3,"win_rate":0.0,"timestamp":1613741534,"path_taken":["M","?","M","M","?","R","E","R","T","R","?","R","M","?","R","BOSS","M","?","$","M","?","R","M","E"],"items_purchased_type":["Relic","Card","Card","Relic","Potion"],"build_version":"2020-12-18","purchased_purges":0,"victory":false,"max_hp_per_floor":[71,71,71,71,71,71,71,71,71,71,71,71,71,71,71,71,71,71,71,71,71,71,71,71,71,71],"relic_stats":{"Inserter":[26],"counters":[12,53],"Pen Nib":[4],"PreservedInsect":48,"obtain_stats":[{"Inserter":0,"The Courier":7,"Pen Nib":9,"PreservedInsect":20,"Runic Capacitor":20,"Cracked Core":0,"Nuclear Battery":17},{"Inserter":0,"The Courier":5,"Pen Nib":5,"PreservedInsect":9,"Runic Capacitor":9,"Cracked Core":0,"Nuclear Battery":8},{"Inserter":0,"The Courier":24,"Pen Nib":24,"PreservedInsect":43,"Runic Capacitor":43,"Cracked Core":0,"Nuclear Battery":39}]},"card_choices":[{"not_picked":["Scrape","Blizzard"],"picked":"BootSequence","floor":1.0},{"not_picked":["Compile Driver","Sweeping Beam"],"picked":"Sunder","floor":2.0},{"not_picked":["Reinforced Body","Reprogram"],"picked":"FTL","floor":3.0},{"not_picked":["Reinforced Body","Stack"],"picked":"Beam Cell","floor":4.0},{"not_picked":["Genetic Algorithm","Compile Driver"],"picked":"Defragment","floor":7.0},{"not_picked":["Steam","Stack"],"picked":"Hologram","floor":13.0},{"not_picked":["Go for the Eyes","Lockon"],"picked":"Doom and Gloom","floor":14.0},{"not_picked":["Rainbow","Core Surge"],"picked":"Electrodynamics","floor":16.0},{"not_picked":["Chaos","Rebound"],"picked":"Undo","floor":18.0},{"not_picked":["Stack","Redo"],"picked":"Hologram+1","floor":21.0},{"not_picked":["Hello World","Reprogram"],"picked":"Auto Shields","floor":24.0}],"player_experience":2077848,"relics_obtained":[{"floor":7.0,"key":"The Courier"},{"floor":9.0,"key":"Pen Nib"}],"event_choices":[{"damage_healed":0.0,"max_hp_gain":0.0,"max_hp_loss":0.0,"gold_gain":0.0,"event_name":"Living Wall","player_choice":"Grow","floor":5.0,"gold_loss":0.0,"damage_taken":0.0,"cards_upgraded":["Sunder"]},{"damage_healed":0.0,"max_hp_gain":0.0,"max_hp_loss":0.0,"gold_gain":0.0,"event_name":"Dead Adventurer","player_choice":"Searched \u00270\u0027 times","floor":11.0,"gold_loss":0.0,"damage_taken":0.0},{"damage_healed":0.0,"max_hp_gain":0.0,"max_hp_loss":0.0,"gold_gain":50.0,"event_name":"Nest","player_choice":"Stole From Cult","floor":19.0,"gold_loss":0.0,"damage_taken":0.0},{"damage_healed":0.0,"max_hp_gain":0.0,"max_hp_loss":0.0,"gold_gain":0.0,"event_name":"Forgotten Altar","player_choice":"Smashed Altar","floor":22.0,"gold_loss":0.0,"damage_taken":0.0,"cards_obtained":["Decay"]}],"is_beta":true,"boss_relics":[{"not_picked":["Cursed Key","Velvet Choker"],"picked":"Nuclear Battery"}],"items_purged_floors":[],"is_endless":false,"potions_floor_spawned":[1,2,4,14,16,18,21],"killed_by":"Gremlin Leader","ascension_level":20}}