{"host":"08z5bj28eube4vug","time":1613722622,"event":{"mods":["100% Spire Juice","2.2 Compatiblity","Abigail Mod","Act Like it!","BaseMod","Beaked The Cultist","Bestiary","Friendly Minions","Gensokyo","GungeonMod","Hallownest","Kiyohime????","Koishi","Lobotomy","Marisa????????","Minty Spire (QoL Compilation)","Prisma Mod","Remilia??????","Replay The Spire","Spire Arcade","StSLib","Td1madao Mod","The Alterego","The Bug Knight","The Jungle","The Sage","The Senshi","The Servant 0.9.4","Waifu the Spire","WarShipGirlsR/????R mod","Yuri Mod"],"gold_per_floor":[112,127,127,145,23,52,52,84,111,111,143,143,72,84,84,180,180,200,43,84,130,100,135,150,183,208,231,270,294,339,361,373,487,499,526,298,298,315,245,245,245,265,265,64,98,112,36,36,36,36,36,36,36,65,65],"floor_reached":56,"language":"ENG","playtime":5184,"items_purged":["Looming Evil"],"score":1722,"play_id":"aaf80296-339b-42ce-b718-dc7184aca143","local_time":"20210219111702","is_ascension_mode":true,"campfire_choices":[{"floor":7,"key":"REST"},{"floor":12,"key":"RECALL"},{"floor":15,"key":"REST"},{"floor":32,"key":"REST"},{"floor":40,"key":"REST"},{"floor":49,"key":"REST"},{"floor":52,"key":"REST"}],"circlet_count":0,"master_deck":["Strike_C","Strike_C","Strike_C","Strike_C","Defend_C","Defend_C","Defend_C","Defend_C","Knight Kick","Chip","Preparedness","Black Spear","Lunge","Fixing","Afterwards","Bursts+1","New Defend Magic","Awareness","Fixing+1","New Defend Magic+1","Black Shadow+1","Sub Weapons","Cursed Blade","Mayhem","Bugfix","Pod Fire","Furious+1","Fixing","Perfect Defend"],"relics":["Fusion Hammer","theSenshi:FeatherClipsRelic","DemoMod:SerJunkan","DemoMod:DecoyRelic","Replay:Rubber Ducky","Funny","DemoMod:WhiteGuonStone","ReplayTheSpireMod:CursedCoin","Orichalcum","Busted Crown","ReplayTheSpireMod:TigerMarble","Replay:Bottled Steam","Bottled Flame","ReplayTheSpireMod:Lightbulb","MawBank","DemoMod:Junk","Foreshadowing","DemoMod:MeatBun","Incense Burner","Guide Book","DemoMod:AgedBell"],"acts_visited":["Exordium","TheCity","TheBeyond","TheEnding"],"potions_floor_usage":[8,16,16,23,28,28,33,33,33,38,50,50,54,55],"damage_taken":[{"damage":10,"enemies":"Jaw Worm","floor":1,"turns":3},{"damage":0,"enemies":"2 Louse","floor":2,"turns":3},{"damage":0,"enemies":"Cultist","floor":4,"turns":4},{"damage":1,"enemies":"Replay:BlueRogue","floor":6,"turns":8},{"damage":2,"enemies":"3 Sentries","floor":8,"turns":8},{"damage":0,"enemies":"HollowMod:MossKnight","floor":11,"turns":5},{"damage":0,"enemies":"2 Fungi Beasts","floor":14,"turns":3},{"damage":0,"enemies":"The Guardian","floor":16,"turns":9},{"damage":0,"enemies":"3 Byrds","floor":18,"turns":6},{"damage":0,"enemies":"2 Thieves","floor":20,"turns":3},{"damage":0,"enemies":"Gremlin Leader","floor":23,"turns":8},{"damage":0,"enemies":"Centurion and Healer","floor":24,"turns":8},{"damage":0,"enemies":"HollowMod:Nosk","floor":25,"turns":8},{"damage":0,"enemies":"Snecko","floor":27,"turns":5},{"damage":0,"enemies":"Book of Stabbing","floor":28,"turns":5},{"damage":0,"enemies":"Snake Plant","floor":29,"turns":4},{"damage":0,"enemies":"Replay:Snechameleon","floor":30,"turns":6},{"damage":0,"enemies":"Shelled Parasite and Fungi","floor":31,"turns":6},{"damage":0,"enemies":"Collector","floor":33,"turns":6},{"damage":0,"enemies":"3 Shapes","floor":35,"turns":4},{"damage":0,"enemies":"Orb Walker","floor":38,"turns":3},{"damage":0,"enemies":"Maw","floor":42,"turns":5},{"damage":0,"enemies":"Giant Head","floor":45,"turns":5},{"damage":0,"enemies":"Sphere and 2 Shapes","floor":46,"turns":4},{"damage":0,"enemies":"Replay:Hell Engine","floor":50,"turns":8},{"damage":12,"enemies":"Shield and Spear","floor":54,"turns":11},{"damage":6,"enemies":"The Heart","floor":55,"turns":8}],"seed_played":"-4701347115266282987","potions_obtained":[{"floor":1,"key":"Swift Potion"},{"floor":8,"key":"AttackPotion"},{"floor":14,"key":"Swift Potion"},{"floor":22,"key":"DemoMod:BlankPotion"},{"floor":23,"key":"ColorlessPotion"},{"floor":25,"key":"Strength Potion"},{"floor":29,"key":"LiquidMemories"},{"floor":30,"key":"CultistPotion"},{"floor":38,"key":"BlessingOfTheForge"},{"floor":54,"key":"SpeedPotion"}],"is_trial":false,"path_per_floor":["M","M","?","M","$","E","R","E","T","T","E","R","$","M","R","B",null,"M","$","M","?","?","E","M","E","T","M","E","M","E","M","R","B",null,"M","$","?","M","?","R","?","M","T","$","E","M","$","T","R","B",null,"R","$","E","B",null],"character_chosen":"TD1MADAO_CLASS","items_purchased":["Black Spear","DemoMod:LeadSkinPotion","ReplayTheSpireMod:CursedCoin","Orichalcum","ReplayTheSpireMod:TigerMarble","DemoMod:MeatBun","Swift Potion","Cursed Blade","Guide Book","Swift Potion","Perfect Defend"],"campfire_rested":6,"item_purchase_floors":[5,5,13,13,19,36,36,36,44,44,47],"current_hp_per_floor":[53,53,28,34,34,39,60,64,64,64,70,70,70,70,70,70,70,70,70,70,53,53,59,65,70,70,70,70,70,70,70,70,70,70,70,70,70,70,70,70,70,70,70,70,70,70,70,70,70,70,70,70,70,70,70],"gold":65,"neow_bonus":"BOSS_RELIC","is_daily":false,"chose_seed":false,"campfire_upgraded":0,"win_rate":0.0,"timestamp":1613722622,"path_taken":["M","M","?","M","$","E","R","E","T","?","E","R","?","?","R","BOSS","M","$","M","?","?","E","M","E","T","M","E","?","E","M","R","BOSS","M","$","?","M","?","R","?","M","T","$","E","M","?","?","R","BOSS","R","$","E","BOSS"],"items_purchased_type":["Card","Undefined","Relic","Relic","Relic","Relic","Potion","Card","Relic","Potion","Card"],"build_version":"2020-12-22","purchased_purges":1,"victory":true,"max_hp_per_floor":[70,70,70,70,70,70,70,70,70,70,70,70,70,70,70,70,70,70,70,70,70,70,70,70,70,70,70,70,70,70,70,70,70,70,70,70,70,70,70,70,70,70,70,70,70,70,70,70,70,70,70,70,70,70,70],"card_choices":[{"not_picked":["Fire Up","Coercion","Floating Even"],"picked":"SKIP","floor":1},{"not_picked":["Fire Blade","Black Shadow","Oblique Hack"],"picked":"SKIP","floor":2},{"not_picked":["Oblique Hack","Provocative"],"picked":"Preparedness","floor":4},{"not_picked":["Judgment","Memory Alloy"],"picked":"Lunge","floor":6},{"not_picked":["Black Hand","Ruin Defend","De Ware Chip"],"picked":"SKIP","floor":8},{"not_picked":["Lore","Transfer Energy"],"picked":"Fixing","floor":11},{"not_picked":["Rupture","White Contract"],"picked":"Afterwards","floor":14},{"not_picked":["Black Contract","Black Warm Hole"],"picked":"Bursts","floor":16},{"not_picked":[],"picked":"New Defend Magic","floor":18},{"not_picked":["Rupture"],"picked":"SKIP","floor":20},{"not_picked":["Recovery Mechanism"],"picked":"SKIP","floor":23},{"not_picked":[],"picked":"Awareness","floor":24},{"not_picked":["Weapon Shift"],"picked":"SKIP","floor":25},{"not_picked":[],"picked":"Fixing+1","floor":27},{"not_picked":["Ruin Defend"],"picked":"SKIP","floor":28},{"not_picked":["Awareness"],"picked":"SKIP","floor":29},{"not_picked":[],"picked":"New Defend Magic+1","floor":30},{"not_picked":[],"picked":"Black Shadow+1","floor":31},{"not_picked":[],"picked":"Sub Weapons","floor":35},{"not_picked":[],"picked":"Mayhem","floor":37},{"not_picked":["Light Attack"],"picked":"SKIP","floor":38},{"not_picked":[],"picked":"Bugfix","floor":39},{"not_picked":[],"picked":"Pod Fire","floor":39},{"not_picked":[],"picked":"Furious","floor":39},{"not_picked":["Floating Even+1"],"picked":"SKIP","floor":42},{"not_picked":[],"picked":"Fixing","floor":45},{"not_picked":["Sudden Beat+1"],"picked":"SKIP","floor":46},{"not_picked":["Lore+1"],"picked":"SKIP","floor":54}],"player_experience":943575,"relics_obtained":[{"floor":6,"key":"DemoMod:SerJunkan"},{"floor":8,"key":"DemoMod:DecoyRelic"},{"floor":9,"key":"Replay:Rubber Ducky"},{"floor":10,"key":"Funny"},{"floor":11,"key":"DemoMod:WhiteGuonStone"},{"floor":21,"key":"Replay:Bottled Steam"},{"floor":23,"key":"Bottled Flame"},{"floor":25,"key":"ReplayTheSpireMod:Lightbulb"},{"floor":26,"key":"MawBank"},{"floor":28,"key":"DemoMod:Junk"},{"floor":30,"key":"DemoMod:Junk"},{"floor":43,"key":"Incense Burner"},{"floor":45,"key":"DemoMod:AgedBell"},{"floor":54,"key":"DemoMod:Junk"}],"event_choices":[{"damage_healed":0,"gold_gain":0,"player_choice":"Success","damage_taken":25,"relics_obtained":["theSenshi:FeatherClipsRelic"],"max_hp_gain":0,"max_hp_loss":0,"event_name":"Scrap Ooze","floor":3,"gold_loss":0},{"damage_healed":0,"gold_gain":0,"player_choice":"Bought 2 Potions","damage_taken":0,"max_hp_gain":0,"max_hp_loss":0,"event_name":"The Woman in Blue","floor":22,"gold_loss":0},{"damage_healed":0,"gold_gain":0,"player_choice":"Memory 1","damage_taken":0,"max_hp_gain":0,"max_hp_loss":0,"event_name":"SensoryStone","floor":37,"gold_loss":0}],"is_beta":false,"boss_relics":[{"not_picked":["Runic Pyramid","ReplayTheSpireMod:DimensionalGlitch"],"picked":"Busted Crown"},{"not_picked":["Replay:Drink Me","Calling Bell"],"picked":"Foreshadowing"}],"items_purged_floors":[13],"is_endless":false,"potions_floor_spawned":[1,8,14,23,25,29,30,38,45,54],"ascension_level":9}}