{"host":"gs3xqnyj3rtm2rju","time":1613705064,"event":{"mods":["AchievementEnabler","Astrologer","BaseMod","BetterRewards","Gremlin Mod","Hubris","Koishi","Marisa????????","Minty Spire (QoL Compilation)","Prisma Mod","Replay The Spire","StSLib","SuperFastMode","The Animator","The Cursed","The Necromancer","The Servant 0.9.4"],"gold_per_floor":[128,156,196,31,96,96,142,213,213,213,213,325,325,481,481,481,481],"floor_reached":16,"language":"ENG","playtime":896,"items_purged":["ReplayTheSpireMod:Splinters"],"score":269,"play_id":"4c7f6749-511d-48bd-89bb-f98b05429e40","local_time":"20210218212424","is_ascension_mode":false,"campfire_choices":[{"data":"PowerUp","floor":6,"key":"SMITH"},{"floor":10,"key":"REST"},{"floor":15,"key":"REST"}],"circlet_count":0,"master_deck":["Strike_MRS","Strike_MRS","Strike_MRS","Defend_MRS","Defend_MRS","Defend_MRS","Defend_MRS","MasterSpark","UpSweep","hubris:Greed","Pain","hubris:Greed","DoubleSpark","hubris:Greed","SprinkleStarSeal","hubris:Greed","hubris:Greed","hubris:Greed","StarlightTyphoon","PowerUp+1","AsteroidBelt+1","WitchLeyline","SporeBomb","hubris:Greed","hubris:Greed","hubris:Greed","hubris:Greed","hubris:Greed","hubris:Greed","FinalSpark","Hallucinations","hubris:Greed","hubris:Greed","hubris:Greed","hubris:Greed","hubris:Greed","hubris:Greed","hubris:Greed","hubris:Greed","LuminesStrike","OneTimeOff+1","hubris:Greed","hubris:Greed","hubris:Greed","hubris:Greed","hubris:Greed","hubris:Greed","hubris:Greed","hubris:Greed","DC","hubris:Greed","hubris:Greed","hubris:Greed","hubris:Greed","hubris:Greed","hubris:Greed","hubris:Greed","hubris:Greed","hubris:Greed","hubris:Greed","hubris:Greed","hubris:Greed","hubris:Greed","hubris:Greed","hubris:Greed","hubris:Greed","hubris:Greed","hubris:Greed","hubris:Greed"],"relics":["MiniHakkero","Painkiller Herb","ReplayTheSpireMod:CursedCoin","Boot","hubris:Teleporter","ReplayTheSpireMod:Ring of Exchange","Ring of Hypnosis"],"acts_visited":["Exordium"],"potions_floor_usage":[12,12,14,16],"damage_taken":[{"damage":5,"enemies":"Small Slimes","floor":1,"turns":3},{"damage":1,"enemies":"Jaw Worm","floor":2,"turns":2},{"damage":7,"enemies":"2 Louse","floor":3,"turns":3},{"damage":18,"enemies":"2 Fungi Beasts","floor":7,"turns":3},{"damage":14,"enemies":"Exordium Thugs","floor":8,"turns":4},{"damage":32,"enemies":"Lots of Slimes","floor":12,"turns":4},{"damage":19,"enemies":"Exordium Wildlife","floor":14,"turns":4},{"damage":37,"enemies":"Fading Forest","floor":16,"turns":8}],"seed_played":"4206645066452842737","potions_obtained":[{"floor":3,"key":"Reflective Coating"},{"floor":7,"key":"ColorlessPotion"},{"floor":12,"key":"Explosive Potion"},{"floor":14,"key":"SkillPotion"}],"is_trial":false,"path_per_floor":["?","?","?","T","?","T","?","?","T","T","?","?","?","?","T","B"],"character_chosen":"MARISA","items_purchased":["ReplayTheSpireMod:CursedCoin","PowerUp","Boot","AsteroidBelt+1"],"campfire_rested":2,"item_purchase_floors":[4,4,4,4],"current_hp_per_floor":[70,69,62,62,62,62,44,30,30,52,52,20,20,1,23,0,0],"gold":481,"neow_bonus":"CURSED_BOSS_RELIC","is_daily":false,"chose_seed":true,"campfire_upgraded":1,"win_rate":0.0,"timestamp":1613705064,"path_taken":["?","?","?","T","?","T","?","?","T","T","?","?","?","?","T","BOSS"],"items_purchased_type":["Relic","Card","Relic","Card"],"build_version":"2020-12-22","purchased_purges":1,"victory":false,"max_hp_per_floor":[75,75,75,75,75,75,75,75,75,75,75,75,75,75,75,75,75],"card_choices":[{"not_picked":["MysteriousBeam","6A"],"picked":"DoubleSpark","floor":1},{"not_picked":["Acceleration","6A"],"picked":"SprinkleStarSeal","floor":2},{"not_picked":["GrandCross","Acceleration"],"picked":"StarlightTyphoon","floor":3},{"not_picked":["IllusionStar","EnergyRecoil"],"picked":"WitchLeyline","floor":5},{"not_picked":["SprinkleStarSeal","DoubleSpark"],"picked":"SporeBomb","floor":7},{"not_picked":["OortCloud","AsteroidBelt"],"picked":"FinalSpark","floor":8},{"not_picked":["GrandCross","DarkMatter"],"picked":"LuminesStrike","floor":12},{"not_picked":["ChargingUp","SporeBomb"],"picked":"DC","floor":14}],"player_experience":119620,"relics_obtained":[{"floor":5,"key":"hubris:Teleporter"},{"floor":11,"key":"ReplayTheSpireMod:Ring of Exchange"},{"floor":11,"key":"Ring of Hypnosis"}],"event_choices":[],"is_beta":false,"boss_relics":[],"items_purged_floors":[4],"is_endless":false,"potions_floor_spawned":[3,7,12,14],"killed_by":"Fading Forest","ascension_level":0}}