{"host":"ohy0y2gq28lmekc7","time":1613730725,"event":{"mods":["AchievementEnabler","Act Like it!","BaseMod","Better Third Choice","BetterRewards","Colored Powertips","Curses Come First","Highlight Path","Minty Spire (QoL Compilation)","Permanent Neow","Quick Restart","Relic Stats","StSLib"],"gold_per_floor":[113,113,124,137,149,184,184,194,218,218,247,15,15,34,34,130,130,144,144,51,66,66,92,24,24,94,94,125,125,26,41,41,145,145,160,180,402,402,402,429,448,30,55,30,30,45,45,55,55,55],"floor_reached":51,"language":"ENG","playtime":5736,"items_purged":[],"score":978,"play_id":"2520735f-1e6c-4a03-998a-c1b08e6e3da7","local_time":"20210219113205","is_ascension_mode":false,"campfire_choices":[{"floor":10,"key":"REST"},{"data":"Seek","floor":13,"key":"SMITH"},{"data":"Enlightenment","floor":15,"key":"SMITH"},{"data":"Double Energy","floor":25,"key":"SMITH"},{"floor":27,"key":"REST"},{"data":"Zap","floor":29,"key":"SMITH"},{"data":"White Noise","floor":32,"key":"SMITH"},{"data":"Hello World","floor":47,"key":"SMITH"},{"data":"Turbo","floor":49,"key":"SMITH"}],"circlet_count":0,"master_deck":["Strike_B+1","Strike_B+1","Strike_B","Defend_B","Defend_B+1","Defend_B+1","Zap+1","Dualcast","Master of Strategy","Self Repair","Sweeping Beam","Leap","Turbo+1","Gash","Hello World+1","Sweeping Beam","Buffer+1","Rip and Tear","Streamline","Enlightenment+1","Seek+1","Conserve Battery","Multi-Cast","Skim","Heatsinks+1","Leap","Force Field","Sweeping Beam","Double Energy+1","Go for the Eyes+1","White Noise+1","Darkness+1","BootSequence+1","Heatsinks+1","Force Field","Genetic Algorithm+1","Chrysalis","Trip","Secret Technique","Redo+1","Conserve Battery","Apotheosis+1","Ball Lightning","Parasite","Hello World+1","Auto Shields+1"],"relics":["Cracked Core","War Paint","FossilizedHelix","Frozen Egg 2","Kunai","PreservedInsect","Potion Belt","Busted Crown","Vajra","Ornamental Fan","Red Mask","Astrolabe","Bronze Scales","Toxic Egg 2","MealTicket","Dream Catcher"],"acts_visited":["Exordium","TheCity","TheBeyond"],"potions_floor_usage":[8,33,50,50],"damage_taken":[{"damage":0.0,"enemies":"Cultist","floor":1.0,"turns":3.0},{"damage":0,"enemies":"Jaw Worm","floor":3,"turns":3},{"damage":0,"enemies":"Small Slimes","floor":4,"turns":3},{"damage":6,"enemies":"Exordium Thugs","floor":5,"turns":4},{"damage":35,"enemies":"3 Sentries","floor":6,"turns":5},{"damage":0,"enemies":"Exordium Wildlife","floor":8,"turns":3},{"damage":0,"enemies":"Lagavulin","floor":11,"turns":4},{"damage":0,"enemies":"2 Fungi Beasts","floor":14,"turns":3},{"damage":52,"enemies":"The Guardian","floor":16,"turns":10},{"damage":0,"enemies":"Shell Parasite","floor":18,"turns":5},{"damage":10,"enemies":"2 Thieves","floor":21,"turns":4},{"damage":33,"enemies":"Slavers","floor":23,"turns":6},{"damage":0,"enemies":"Masked Bandits","floor":28,"turns":4},{"damage":0,"enemies":"3 Cultists","floor":31,"turns":5},{"damage":36,"enemies":"Automaton","floor":33,"turns":10},{"damage":0,"enemies":"Orb Walker","floor":35,"turns":3},{"damage":9,"enemies":"3 Darklings","floor":36,"turns":4},{"damage":0,"enemies":"Giant Head","floor":40,"turns":5},{"damage":0,"enemies":"Spire Growth","floor":41,"turns":4},{"damage":0,"enemies":"Writhing Mass","floor":46,"turns":5},{"damage":0,"enemies":"Sphere and 2 Shapes","floor":48,"turns":6},{"damage":57,"enemies":"Awakened One","floor":50,"turns":10}],"seed_played":"-5864369054437723749","potions_obtained":[{"floor":3,"key":"Explosive Potion"},{"floor":8,"key":"CultistPotion"},{"floor":14,"key":"Dexterity Potion"},{"floor":18,"key":"LiquidBronze"},{"floor":28,"key":"FairyPotion"},{"floor":31,"key":"AttackPotion"},{"floor":40,"key":"FairyPotion"}],"is_trial":false,"path_per_floor":["M","?","M","M","M","E","T","M","T","R","E","$","R","M","R","B",null,"M","?","$","M","?","E","$","R","T","R","?","R","$","M","R","B",null,"M","M","?","?","?","E","M","$","T","$","?","M","R","M","R","B",null],"character_chosen":"DEFECT","items_purchased":["War Paint","Self Repair","Sweeping Beam","Leap","Enlightenment","Seek","Heatsinks+1","Leap","Double Energy","White Noise","Gash","Toxic Egg 2","Apotheosis+1","Ball Lightning"],"campfire_rested":2,"item_purchase_floors":[0,0,0,0,12,12,20,20,24,30,30,42,42,44],"current_hp_per_floor":[55,40,47,54,55,27,27,34,34,56,63,63,63,70,70,25,75,75,61,61,51,51,25,25,25,25,49,56,56,56,63,63,34,80,80,78,78,68,68,75,80,80,80,80,80,80,80,80,80,33],"gold":55,"neow_bonus":"","is_daily":false,"chose_seed":false,"campfire_upgraded":7,"win_rate":0.0,"timestamp":1613730725,"path_taken":["M","?","M","M","M","E","?","?","T","R","E","?","R","M","R","BOSS","M","?","?","?","?","E","$","R","T","R","?","R","?","?","R","BOSS","M","M","?","?","?","E","M","?","T","$","?","M","R","M","R","BOSS"],"items_purchased_type":["Relic","Card","Card","Card","Card","Card","Card","Card","Card","Card","Card","Relic","Card","Card"],"build_version":"2020-12-22","purchased_purges":0,"victory":true,"max_hp_per_floor":[75,75,75,75,75,75,75,75,75,75,75,75,75,75,75,75,75,75,80,80,80,80,80,80,80,80,80,80,80,80,80,80,80,80,80,80,80,80,80,80,80,80,80,80,80,80,80,80,80,80],"relic_stats":{"Dream Catcher":4,"Busted Crown":30,"counters":[46,203],"Ornamental Fan":[112],"Astrolabe":["Darkness","BootSequence","Heatsinks"],"Bronze Scales":[72],"MealTicket":0,"PreservedInsect":240,"Kunai":[56],"War Paint":["Defend_B","Defend_B"],"obtain_stats":[{"Regal Pillow":30,"Calipers":26,"Vajra":23,"Boot":3,"Old Coin":6,"Dream Catcher":12,"Tiny Chest":20,"MealTicket":43,"WingedGreaves":0,"Red Mask":28,"Kunai":7,"Toxic Egg 2":42,"Cracked Core":0,"Potion Belt":11,"Astrolabe":34,"Oddly Smooth Stone":43,"PreservedInsect":39,"Pen Nib":41,"Odd Mushroom":14,"Frozen Egg 2":40,"War Paint":0,"Nuclear Battery":17,"Bottled Flame":25,"Busted Crown":17,"Shuriken":28,"Ornamental Fan":26,"Bird Faced Urn":9,"Bronze Scales":40,"Snecko Eye":34,"Molten Egg 2":0,"TungstenRod":21,"FossilizedHelix":0},{"Regal Pillow":15,"Calipers":12,"Vajra":36,"Boot":2,"Old Coin":5,"Dream Catcher":7,"Tiny Chest":11,"MealTicket":43,"WingedGreaves":0,"Red Mask":37,"Kunai":29,"Toxic Egg 2":43,"Cracked Core":0,"Potion Belt":31,"Astrolabe":39,"Oddly Smooth Stone":21,"PreservedInsect":20,"Pen Nib":21,"Odd Mushroom":8,"Frozen Egg 2":21,"War Paint":24,"Nuclear Battery":9,"Bottled Flame":12,"Busted Crown":33,"Shuriken":14,"Ornamental Fan":36,"Bird Faced Urn":6,"Bronze Scales":42,"Snecko Eye":17,"Molten Egg 2":0,"TungstenRod":11,"FossilizedHelix":24},{"Regal Pillow":59,"Calipers":47,"Vajra":147,"Boot":6,"Old Coin":18,"Dream Catcher":24,"Tiny Chest":43,"MealTicket":182,"WingedGreaves":0,"Red Mask":151,"Kunai":112,"Toxic Egg 2":182,"Cracked Core":0,"Potion Belt":119,"Astrolabe":166,"Oddly Smooth Stone":80,"PreservedInsect":77,"Pen Nib":80,"Odd Mushroom":27,"Frozen Egg 2":80,"War Paint":94,"Nuclear Battery":34,"Bottled Flame":47,"Busted Crown":132,"Shuriken":55,"Ornamental Fan":147,"Bird Faced Urn":21,"Bronze Scales":178,"Snecko Eye":67,"Molten Egg 2":0,"TungstenRod":43,"FossilizedHelix":94}]},"card_choices":[{"not_picked":["Cold Snap","Conserve Battery"],"picked":"Turbo","floor":1.0},{"not_picked":["Hologram","Go for the Eyes"],"picked":"Gash","floor":3},{"not_picked":["Redo","Cold Snap"],"picked":"Hello World","floor":4},{"not_picked":["Hologram","Go for the Eyes"],"picked":"Sweeping Beam","floor":5},{"not_picked":["Blizzard","Cold Snap"],"picked":"Buffer+1","floor":6},{"not_picked":["Barrage","Redo"],"picked":"Rip and Tear","floor":8},{"not_picked":["Reprogram","Stack"],"picked":"Streamline","floor":11},{"not_picked":["Hologram","Redo"],"picked":"Conserve Battery","floor":14},{"not_picked":["Thunder Strike","Reboot"],"picked":"Multi-Cast","floor":16},{"not_picked":[],"picked":"Skim","floor":18},{"not_picked":[],"picked":"Force Field","floor":21},{"not_picked":[],"picked":"Sweeping Beam","floor":23},{"not_picked":[],"picked":"Go for the Eyes+1","floor":28},{"not_picked":["Coolheaded"],"picked":"SKIP","floor":31},{"not_picked":[],"picked":"Thunder Strike","floor":33},{"not_picked":[],"picked":"Force Field","floor":35},{"not_picked":[],"picked":"Genetic Algorithm+1","floor":36},{"not_picked":[],"picked":"Chrysalis","floor":38},{"not_picked":[],"picked":"Trip","floor":38},{"not_picked":[],"picked":"Secret Technique","floor":38},{"not_picked":[],"picked":"Redo+1","floor":40},{"not_picked":[],"picked":"Conserve Battery","floor":41},{"not_picked":[],"picked":"Hello World+1","floor":46},{"not_picked":[],"picked":"Auto Shields+1","floor":48}],"player_experience":80600,"relics_obtained":[{"floor":6,"key":"Frozen Egg 2"},{"floor":7,"key":"Kunai"},{"floor":9,"key":"PreservedInsect"},{"floor":11,"key":"Potion Belt"},{"floor":23,"key":"Vajra"},{"floor":26,"key":"Ornamental Fan"},{"floor":28,"key":"Red Mask"},{"floor":40,"key":"Bronze Scales"},{"floor":43,"key":"MealTicket"}],"event_choices":[{"damage_healed":55,"gold_gain":0,"player_choice":"Upgrade","damage_taken":15,"max_hp_gain":0,"max_hp_loss":75,"event_name":"betterThird:BetterShining","floor":2,"gold_loss":0,"cards_upgraded":["Strike_B","Strike_B"]},{"damage_healed":0,"gold_gain":0,"player_choice":"Shed Blood","damage_taken":19,"max_hp_gain":5,"max_hp_loss":0,"event_name":"Forgotten Altar","floor":19,"gold_loss":0},{"damage_healed":0,"gold_gain":0,"player_choice":"Adaptability","damage_taken":0,"max_hp_gain":0,"max_hp_loss":0,"event_name":"betterThird:BetterWriting","floor":22,"gold_loss":0},{"damage_healed":0,"gold_gain":0,"player_choice":"Fought Bandits","damage_taken":0,"max_hp_gain":0,"max_hp_loss":0,"event_name":"Masked Bandits","floor":28,"gold_loss":0},{"damage_healed":0,"gold_gain":222,"player_choice":"Wore Mask","damage_taken":0,"max_hp_gain":0,"max_hp_loss":0,"event_name":"Tomb of Lord Red Mask","floor":37,"gold_loss":0},{"damage_healed":0,"gold_gain":0,"player_choice":"Memory 3","damage_taken":10,"max_hp_gain":0,"max_hp_loss":0,"event_name":"SensoryStone","floor":38,"gold_loss":0},{"cards_removed":["Gash"],"damage_healed":0,"gold_gain":0,"player_choice":"Removed Attack","damage_taken":0,"max_hp_gain":0,"max_hp_loss":0,"event_name":"Falling","floor":39,"gold_loss":0},{"damage_healed":0,"gold_gain":0,"player_choice":"Gave Potion","damage_taken":0,"relics_obtained":["Dream Catcher"],"max_hp_gain":0,"max_hp_loss":0,"event_name":"WeMeetAgain","floor":45,"gold_loss":0}],"is_beta":false,"boss_relics":[{"not_picked":["FrozenCore","Empty Cage"],"picked":"Busted Crown"},{"not_picked":["Cursed Key","Sozu"],"picked":"Astrolabe"}],"items_purged_floors":[],"is_endless":false,"potions_floor_spawned":[3,8,14,18,28,31,40,41],"ascension_level":0}}