{"host":"0xtpc43j5kblke7u","time":1613712316,"event":{"mods":["AchievementEnabler","BaseMod","Colored Map","Highlight Path","Minty Spire (QoL Compilation)"],"gold_per_floor":[113,113,36,46,11,43,43,61,61,94,94,10,10,21,21,120,120,132,132,231,250,11,11,37,37,113,126,0,20,20,34,34,131,131,149,149,2,2,14,14,14,14,14,0,0,0,0,17,17,17,17],"floor_reached":50,"language":"ENG","playtime":2881,"items_purged":["Strike_G","Strike_G+1"],"score":734,"play_id":"2b68c014-1dc5-45e5-ba05-0e7dd963f0b7","local_time":"20210219002516","is_ascension_mode":true,"campfire_choices":[{"data":"Dagger Spray","floor":7.0,"key":"SMITH"},{"data":"Footwork","floor":11.0,"key":"SMITH"},{"floor":15.0,"key":"REST"},{"floor":23.0,"key":"REST"},{"floor":32.0,"key":"REST"},{"floor":40.0,"key":"REST"},{"floor":47.0,"key":"REST"},{"floor":49.0,"key":"REST"}],"circlet_count":0,"master_deck":["AscendersBane","Strike_G+1","Defend_G+1","Defend_G+1","Defend_G+1","Defend_G+1","Defend_G+1","Survivor+1","Neutralize+1","Flying Knee+1","Dagger Throw+1","Backflip+1","PiercingWail+1","Dagger Spray+1","Footwork+1","Blade Dance+1","Backflip+1","Poisoned Stab+1","Venomology+1","Cloak And Dagger+1","Glass Knife+1","After Image+1","Blade Dance+1","Accuracy+1","Adrenaline+1","Cloak And Dagger+1","Slice+1","Blade Dance+1"],"relics":["Ring of the Snake","NeowsBlessing","Incense Burner","Mercury Hourglass","Letter Opener","Empty Cage","Torii","InkBottle","SlaversCollar","Mark of the Bloom","Bottled Flame","Red Mask","Question Card"],"acts_visited":["Exordium","TheCity","TheBeyond"],"potions_floor_usage":[50,50,50,50],"damage_taken":[{"damage":0.0,"enemies":"2 Louse","floor":1.0,"turns":1.0},{"damage":0.0,"enemies":"Small Slimes","floor":4.0,"turns":1.0},{"damage":0.0,"enemies":"Gremlin Nob","floor":6.0,"turns":1.0},{"damage":5.0,"enemies":"Jaw Worm","floor":8.0,"turns":3.0},{"damage":17.0,"enemies":"Lagavulin","floor":10.0,"turns":6.0},{"damage":0.0,"enemies":"2 Fungi Beasts","floor":14.0,"turns":2.0},{"damage":18.0,"enemies":"The Guardian","floor":16.0,"turns":11.0},{"damage":4.0,"enemies":"Chosen","floor":18.0,"turns":6.0},{"damage":15.0,"enemies":"2 Thieves","floor":21.0,"turns":5.0},{"damage":43.0,"enemies":"Gremlin Leader","floor":24.0,"turns":10.0},{"damage":1.0,"enemies":"Centurion and Healer","floor":27.0,"turns":8.0},{"damage":22.0,"enemies":"Snake Plant","floor":29.0,"turns":4.0},{"damage":7.0,"enemies":"Chosen and Byrds","floor":31.0,"turns":6.0},{"damage":36.0,"enemies":"Automaton","floor":33.0,"turns":11.0},{"damage":13.0,"enemies":"3 Darklings","floor":35.0,"turns":7.0},{"damage":10.0,"enemies":"Orb Walker","floor":39.0,"turns":4.0},{"damage":1.0,"enemies":"4 Shapes","floor":48.0,"turns":3.0},{"damage":51,"enemies":"Awakened One","floor":50,"turns":12}],"seed_played":"-5411701355954643699","potions_obtained":[{"floor":10.0,"key":"GhostInAJar"},{"floor":24.0,"key":"Regen Potion"},{"floor":27.0,"key":"SkillPotion"},{"floor":31.0,"key":"Regen Potion"},{"floor":39.0,"key":"Energy Potion"},{"floor":48.0,"key":"SkillPotion"}],"is_trial":false,"path_per_floor":["M","?","$","M","?","E","R","M","T","E","R","$","?","M","R","B",null,"M","?","?","M","$","R","E","?","T","M","?","M","$","M","R","B",null,"M","?","$","?","M","R","$","?","T","?","$","T","R","M","R","B"],"character_chosen":"THE_SILENT","items_purchased":["Dagger Throw","Backflip","Noxious Fumes","Backflip","Glass Knife","Slice"],"campfire_rested":6,"item_purchase_floors":[3,3,12,12,22,37],"current_hp_per_floor":[63,63,63,63,70,70,70,65,65,48,48,48,34,34,55,37,62,58,58,58,43,43,64,21,21,21,35,35,13,13,6,27,6,54,41,41,41,41,31,52,52,52,52,52,52,52,52,51,51,0,0],"gold":17,"neow_bonus":"THREE_ENEMY_KILL","is_daily":false,"chose_seed":false,"campfire_upgraded":2,"win_rate":0.0,"timestamp":1613712316,"path_taken":["M","?","$","M","?","E","R","M","T","E","R","$","?","M","R","BOSS","M","?","?","M","?","R","E","?","T","M","?","M","?","M","R","BOSS","M","?","$","?","M","R","$","?","T","?","$","?","R","M","R","BOSS"],"items_purchased_type":["Card","Card","Card","Card","Card","Card"],"build_version":"2020-12-22","purchased_purges":2,"victory":false,"max_hp_per_floor":[70,70,70,70,70,70,70,70,70,70,70,70,70,70,70,70,70,70,70,70,70,70,70,70,70,70,70,70,70,70,70,70,70,70,70,70,70,70,70,70,70,70,70,70,70,70,70,70,70,70,70],"card_choices":[{"not_picked":["Deadly Poison","Calculated Gamble"],"picked":"Flying Knee","floor":1.0},{"not_picked":["Deflect","Dagger Spray"],"picked":"PiercingWail","floor":4.0},{"not_picked":["Bane","Deadly Poison"],"picked":"Dagger Spray","floor":6.0},{"not_picked":["Cloak And Dagger","Blur"],"picked":"Footwork","floor":8.0},{"not_picked":["PiercingWail","Glass Knife"],"picked":"Blade Dance","floor":10.0},{"not_picked":["Dodge and Roll","Blade Dance"],"picked":"Poisoned Stab","floor":14.0},{"not_picked":["Wraith Form v2","Phantasmal Killer"],"picked":"Venomology","floor":16.0},{"not_picked":["PiercingWail+1","Blade Dance","Bane"],"picked":"SKIP","floor":18.0},{"not_picked":["Blade Dance+1","Outmaneuver","Eviscerate"],"picked":"SKIP","floor":21.0},{"not_picked":["Calculated Gamble","Underhanded Strike"],"picked":"After Image","floor":24.0},{"not_picked":["Sucker Punch+1","Acrobatics+1","Dagger Spray"],"picked":"SKIP","floor":27.0},{"not_picked":["Dodge and Roll","Calculated Gamble"],"picked":"Blade Dance","floor":29.0},{"not_picked":["Acrobatics","Sucker Punch"],"picked":"Accuracy+1","floor":31.0},{"not_picked":["Glass Knife","Grand Finale"],"picked":"Adrenaline","floor":33.0},{"not_picked":["PiercingWail+1","Outmaneuver"],"picked":"Cloak And Dagger","floor":35.0},{"not_picked":["PiercingWail+1","Acrobatics+1","Heel Hook"],"picked":"SKIP","floor":39.0},{"not_picked":["Endless Agony","Blur+1","Backflip"],"picked":"Blade Dance+1","floor":48.0}],"player_experience":697879,"relics_obtained":[{"floor":6.0,"key":"Incense Burner"},{"floor":9.0,"key":"Mercury Hourglass"},{"floor":10.0,"key":"Letter Opener"},{"floor":24.0,"key":"Torii"},{"floor":26.0,"key":"InkBottle"},{"floor":43.0,"key":"Bottled Flame"},{"floor":46.0,"key":"Question Card"}],"event_choices":[{"damage_healed":0.0,"max_hp_gain":0.0,"max_hp_loss":0.0,"gold_gain":0.0,"event_name":"Living Wall","player_choice":"Grow","floor":2.0,"gold_loss":0.0,"damage_taken":0.0,"cards_upgraded":["Neutralize"]},{"damage_healed":17.0,"max_hp_gain":0.0,"max_hp_loss":0.0,"gold_gain":0.0,"event_name":"The Cleric","player_choice":"Healed","floor":5.0,"gold_loss":35.0,"damage_taken":0.0},{"damage_healed":0.0,"max_hp_gain":0.0,"max_hp_loss":0.0,"gold_gain":0.0,"event_name":"Shining Light","player_choice":"Entered Light","floor":13.0,"gold_loss":0.0,"damage_taken":14.0,"cards_upgraded":["Dagger Throw","Defend_G"]},{"damage_healed":0.0,"max_hp_gain":0.0,"max_hp_loss":0.0,"gold_gain":0.0,"event_name":"The Library","player_choice":"Read","floor":19.0,"gold_loss":0.0,"damage_taken":0.0,"cards_obtained":["Cloak And Dagger"]},{"damage_healed":0.0,"max_hp_gain":0.0,"max_hp_loss":0.0,"gold_gain":99.0,"event_name":"Nest","player_choice":"Stole From Cult","floor":20.0,"gold_loss":0.0,"damage_taken":0.0},{"damage_healed":0.0,"max_hp_gain":0.0,"max_hp_loss":0.0,"gold_gain":0.0,"event_name":"Back to Basics","player_choice":"Simplicity","floor":25.0,"gold_loss":0.0,"damage_taken":0.0,"cards_upgraded":["Strike_G","Strike_G","Defend_G","Defend_G","Defend_G","Defend_G"]},{"damage_healed":0.0,"max_hp_gain":0.0,"max_hp_loss":0.0,"gold_gain":0.0,"event_name":"Masked Bandits","player_choice":"Paid Fearfully","floor":28.0,"gold_loss":126.0,"damage_taken":0.0},{"damage_healed":0.0,"max_hp_gain":0.0,"max_hp_loss":0.0,"gold_gain":0.0,"event_name":"Mysterious Sphere","player_choice":"Ignored","floor":36.0,"gold_loss":0.0,"damage_taken":0.0},{"cards_removed":["Noxious Fumes"],"damage_healed":0.0,"max_hp_gain":0.0,"max_hp_loss":0.0,"gold_gain":0.0,"event_name":"Falling","player_choice":"Removed Power","floor":38.0,"gold_loss":0.0,"damage_taken":0.0},{"damage_healed":0.0,"max_hp_gain":0.0,"max_hp_loss":0.0,"gold_gain":0.0,"event_name":"MindBloom","player_choice":"Upgrade","floor":42.0,"gold_loss":0.0,"damage_taken":0.0,"cards_upgraded":["Survivor","Flying Knee","Backflip","PiercingWail","Blade Dance","Backflip","Poisoned Stab","Venomology","Cloak And Dagger","Glass Knife","After Image","Blade Dance","Adrenaline","Cloak And Dagger","Slice"],"relics_obtained":["Mark of the Bloom"]},{"damage_healed":0.0,"max_hp_gain":0.0,"max_hp_loss":0.0,"gold_gain":0.0,"event_name":"Tomb of Lord Red Mask","player_choice":"Paid","floor":44.0,"gold_loss":14.0,"damage_taken":0.0,"relics_obtained":["Red Mask"]}],"is_beta":false,"boss_relics":[{"not_picked":["SacredBark","Tiny House"],"picked":"Empty Cage"},{"not_picked":["Coffee Dripper","HoveringKite"],"picked":"SlaversCollar"}],"items_purged_floors":[22,37],"is_endless":false,"potions_floor_spawned":[10,24,27,31,39,48],"killed_by":"Awakened One","ascension_level":10}}