{"host":"xw5nub7n7iasb503","time":1613701756,"event":{"mods":["BaseMod","Minty Spire (QoL Compilation)"],"gold_per_floor":[116,66,66,76,93,105,116,145,145,164,164,164],"floor_reached":11,"language":"ENG","playtime":327,"items_purged":[],"score":77,"play_id":"58599712-5fba-4db5-ae7f-be2761a86c5c","local_time":"20210218192916","is_ascension_mode":false,"campfire_choices":[],"circlet_count":0,"master_deck":["Strike_B","Strike_B","Defend_B","Defend_B","Defend_B","Defend_B","Zap","Dualcast","Streamline","Melter","Ball Lightning","Static Discharge","Gash","Capacitor","White Noise"],"relics":["Cracked Core","NeowsBlessing","Orichalcum"],"acts_visited":["Exordium"],"potions_floor_usage":[8],"damage_taken":[{"damage":0,"enemies":"2 Louse","floor":1,"turns":1},{"damage":0,"enemies":"Cultist","floor":4,"turns":1},{"damage":0,"enemies":"Jaw Worm","floor":5,"turns":1},{"damage":16,"enemies":"Large Slime","floor":6,"turns":4},{"damage":18,"enemies":"Exordium Thugs","floor":7,"turns":3},{"damage":31,"enemies":"Lagavulin","floor":8,"turns":5},{"damage":7,"enemies":"Lots of Slimes","floor":10,"turns":3},{"damage":26,"enemies":"Gremlin Nob","floor":11,"turns":3}],"seed_played":"-1986817077930353154","potions_obtained":[{"floor":6,"key":"LiquidMemories"},{"floor":7,"key":"Swift Potion"}],"is_trial":false,"path_per_floor":["M","?","?","M","M","M","M","E","T","M","E"],"character_chosen":"DEFECT","items_purchased":[],"campfire_rested":0,"item_purchase_floors":[],"current_hp_per_floor":[75,75,75,75,75,59,41,10,10,3,0,0],"gold":164,"neow_bonus":"THREE_ENEMY_KILL","is_daily":false,"chose_seed":false,"campfire_upgraded":0,"win_rate":0.0,"timestamp":1613701756,"path_taken":["M","?","?","M","?","M","M","E","T","M","E"],"items_purchased_type":[],"build_version":"2020-12-22","purchased_purges":0,"victory":false,"max_hp_per_floor":[75,75,75,75,75,75,75,75,75,75,75,75],"card_choices":[{"not_picked":["Turbo","Conserve Battery"],"picked":"Streamline","floor":1},{"not_picked":["Beam Cell","Compile Driver"],"picked":"Ball Lightning","floor":4},{"not_picked":["Scrape","Sunder"],"picked":"Static Discharge","floor":5},{"not_picked":["Rebound","Lockon"],"picked":"Gash","floor":6},{"not_picked":["Heatsinks","Redo","BootSequence"],"picked":"SKIP","floor":7},{"not_picked":["Streamline","Force Field"],"picked":"Capacitor","floor":8},{"not_picked":["Beam Cell","Genetic Algorithm"],"picked":"White Noise","floor":10}],"player_experience":144815,"relics_obtained":[{"floor":8,"key":"Orichalcum"}],"event_choices":[{"cards_removed":["Strike_B"],"damage_healed":0,"gold_gain":0,"player_choice":"Card Removal","damage_taken":0,"max_hp_gain":0,"max_hp_loss":0,"event_name":"The Cleric","floor":2,"gold_loss":50},{"damage_healed":0,"gold_gain":0,"cards_transformed":["Strike_B"],"player_choice":"Transformed","damage_taken":0,"max_hp_gain":0,"max_hp_loss":0,"event_name":"Transmorgrifier","floor":3,"gold_loss":0,"cards_obtained":["Melter"]}],"is_beta":false,"boss_relics":[],"items_purged_floors":[],"is_endless":false,"potions_floor_spawned":[6,7],"killed_by":"Gremlin Nob","ascension_level":0}}