{"host":"4wxwpv5qre4pm8t8","time":1613726774,"event":{"mods":["2.2 Compatiblity","AchievementEnabler","Act Like it!","Always Whale","Astrologer","BaseMod","Challenge The Spire","Conspire","Downfall","Elementarium","Friendly Minions","Halation","Highlight Path","Hubris","Infinite Spire","Lobotomy","Minty Spire (QoL Compilation)","Pale of the Ancients","Random Character Button","Replay The Spire","Shop Mod","StSLib","SuperFastMode","The Animator","The Jungle","Useless Jewels Mod","Yuri Mod","egg"],"gold_per_floor":[120,133,133,144,155,185,185,200,200,229,242,254,269,298,298,397,397,411,425,545,556,567,567,567,567],"floor_reached":24,"language":"ENG","playtime":1215,"items_purged":[],"score":224,"play_id":"ee59e2f6-c76e-4257-9545-988d2bf06e5d","local_time":"20210219012614","is_ascension_mode":false,"campfire_choices":[{"data":"yuri:NerfBat","floor":7,"key":"SMITH"},{"data":"yuri:Oolong","floor":15,"key":"SMITH"},{"data":"yuri:NoEscape","floor":23,"key":"SMITH"}],"circlet_count":0,"master_deck":["yuri:yuriStrike","yuri:yuriStrike","yuri:yuriStrike","yuri:yuriStrike","yuri:yuriStrike","yuri:yuriDefend","yuri:yuriDefend","yuri:yuriDefend","yuri:yuriDefend","yuri:yuriDefend","yuri:Oolong+1","yuri:yuriStab","Pain","yuri:ThrowingKnives","yuri:BookRed","yuri:ThrowingKnives","yuri:DisableStrike","yuri:NerfBat+1","yuri:MPose","yuri:UnstableStrike","yuri:NoEscape+1","yuri:DeepBreathing+1","yuri:yuriQuickStrike","yuri:ThrowingKnives","yuri:yuriQuickStrike"],"relics":["yuri:yuriKnife","infinitespire:Golems Mask","Anchor","hubris:SlimyHat","hubris:SphereOfDissonance","Tiny Chest"],"acts_visited":["Exordium","Exordium"],"potions_floor_usage":[10,16,22,24],"damage_taken":[{"damage":6,"enemies":"conspire:RoseBush","floor":1,"turns":3},{"damage":7,"enemies":"Cultist","floor":2,"turns":4},{"damage":3,"enemies":"2 Louse","floor":4,"turns":3},{"damage":3,"enemies":"Looter","floor":5,"turns":2},{"damage":24,"enemies":"3 Sentries","floor":6,"turns":8},{"damage":2,"enemies":"Red Slaver","floor":8,"turns":3},{"damage":3,"enemies":"Gremlin Nob","floor":10,"turns":3},{"damage":1,"enemies":"Large Slime","floor":11,"turns":2},{"damage":5,"enemies":"Exordium Thugs","floor":12,"turns":4},{"damage":0,"enemies":"Blue Slaver","floor":13,"turns":2},{"damage":15,"enemies":"Lagavulin","floor":14,"turns":3},{"damage":18,"enemies":"Hexaghost","floor":16,"turns":8},{"damage":1,"enemies":"Shell Parasite","floor":18,"turns":3},{"damage":12,"enemies":"theJungle:Flameango_and_Byrd","floor":19,"turns":5},{"damage":20,"enemies":"theJungle:2_Flameangoes","floor":21,"turns":7},{"damage":20,"enemies":"theJungle:JungleHuntersEncounter","floor":22,"turns":5},{"damage":56,"enemies":"theJungle:2_Phrogs","floor":24,"turns":6}],"seed_played":"314814882436584320","potions_obtained":[{"floor":1,"key":"Elixir"},{"floor":5,"key":"PowerPotion"},{"floor":6,"key":"Regen Potion"},{"floor":11,"key":"Strength Potion"},{"floor":19,"key":"sneckomod:MuddlingPotion"}],"is_trial":false,"path_per_floor":["M","M","?","M","M","E","R","M","T","E","M","M","M","E","R","B",null,"M","M","?","M","M","R","E"],"character_chosen":"YURI","items_purchased":[],"campfire_rested":0,"item_purchase_floors":[],"current_hp_per_floor":[77,74,74,71,72,55,55,60,60,60,63,64,66,51,51,62,80,79,70,58,48,38,38,0,0],"gold":567,"neow_bonus":"ONE_RARE_RELIC","is_daily":false,"chose_seed":false,"campfire_upgraded":3,"win_rate":0.0,"timestamp":1613726774,"path_taken":["M","?","?","M","M","E","R","M","T","E","M","M","M","E","R","BOSS","M","M","?","M","M","R","E"],"items_purchased_type":[],"build_version":"2020-12-22","purchased_purges":0,"victory":false,"max_hp_per_floor":[80,80,80,80,80,80,80,80,80,80,80,80,80,80,80,80,80,80,80,80,80,80,80,80,80],"card_choices":[{"not_picked":["yuri:UntestedCode","yuri:WickedSlash"],"picked":"yuri:ThrowingKnives","floor":1},{"not_picked":["yuri:StealPen","yuri:TPose"],"picked":"yuri:BookRed","floor":2},{"not_picked":["yuri:ChibiInvasion","yuri:RecklessStrike"],"picked":"yuri:ThrowingKnives","floor":4},{"not_picked":["yuri:GlitchedStrike","yuri:GreenTea"],"picked":"yuri:DisableStrike","floor":5},{"not_picked":["yuri:ThrowBook","yuri:GlitchedStrike"],"picked":"yuri:NerfBat","floor":6},{"not_picked":["yuri:WickedSlash","yuri:StealPen","yuri:HeavierStrike"],"picked":"SKIP","floor":8},{"not_picked":["yuri:WickedSlash","yuri:RecklessStrike"],"picked":"yuri:MPose","floor":10},{"not_picked":["yuri:InsanityDefense","yuri:TPose","yuri:ReloadGame"],"picked":"SKIP","floor":11},{"not_picked":["yuri:Skip","yuri:Stare","yuri:HeavierStrike"],"picked":"SKIP","floor":12},{"not_picked":["yuri:AdaptiveAI","yuri:SelfHarm","yuri:GrowingInsanity"],"picked":"SKIP","floor":13},{"not_picked":["yuri:TPose","yuri:Stare"],"picked":"yuri:UnstableStrike","floor":14},{"not_picked":["yuri:RelentlessStrikes","yuri:MagneticKnives"],"picked":"yuri:NoEscape","floor":16},{"not_picked":["yuri:HeavierStrike","yuri:CalmingAura+1"],"picked":"yuri:DeepBreathing+1","floor":18},{"not_picked":["yuri:DebugCard","yuri:ThrowBook"],"picked":"yuri:yuriQuickStrike","floor":19},{"not_picked":["yuri:CorruptHitbox","yuri:MPose"],"picked":"yuri:ThrowingKnives","floor":21},{"not_picked":["yuri:CalmingAura","yuri:ChibiInvasion"],"picked":"yuri:yuriQuickStrike","floor":22}],"player_experience":540232,"relics_obtained":[{"floor":6,"key":"Anchor"},{"floor":9,"key":"hubris:SlimyHat"},{"floor":10,"key":"hubris:SphereOfDissonance"},{"floor":14,"key":"Tiny Chest"}],"event_choices":[{"damage_healed":0,"gold_gain":0,"player_choice":"Disagree","damage_taken":0,"max_hp_gain":0,"max_hp_loss":0,"event_name":"conspire:LoneGhost","floor":3,"gold_loss":0}],"is_beta":false,"boss_relics":[{"not_picked":["Velvet Choker","Runic Dome","hubris:BlackHole"]}],"items_purged_floors":[],"is_endless":false,"potions_floor_spawned":[1,5,6,8,11,14,19],"killed_by":"theJungle:2_Phrogs","ascension_level":0}}