{"host":"6z6y4ky8uzsz1dpj","time":1613738358,"event":{"mods":["AchievementEnabler","BaseMod","BetterRewards","Challenge The Spire","Colored Map","Hubris","Minty Spire (QoL Compilation)","Quick Restart","Relic Stats","Replay The Spire","StSLib"],"gold_per_floor":[111,11,11,31,43,74,74,107,107,107,107],"floor_reached":10,"language":"ENG","playtime":1314,"items_purged":["Strike_R","Strike_R"],"score":106,"play_id":"62dac1fb-fd25-4665-9005-94001df6e6ad","local_time":"20210219073918","is_ascension_mode":true,"campfire_choices":[{"data":"Infernal Blade","floor":7,"key":"SMITH"}],"circlet_count":0,"master_deck":["Strike_R","Strike_R","Strike_R","Defend_R","Defend_R","Defend_R","Defend_R","Bash","Shrug It Off","Dramatic Entrance","Infernal Blade","Infernal Blade+1","Iron Wave","Iron Wave"],"relics":["Burning Blood","Replay:Kaleidoscope","Replay:Bottled Snecko","Boot","hubris:DisguiseKit"],"acts_visited":["Exordium"],"potions_floor_usage":[6,8,10],"damage_taken":[{"damage":1,"enemies":"2 Louse","floor":1,"turns":3},{"damage":6,"enemies":"Cultist","floor":4,"turns":3},{"damage":0,"enemies":"Small Slimes","floor":5,"turns":2},{"damage":20,"enemies":"3 Sentries","floor":6,"turns":7},{"damage":35,"enemies":"Gremlin Nob","floor":8,"turns":5},{"damage":20,"enemies":"Lagavulin","floor":10,"turns":6}],"seed_played":"-6010771910020462145","potions_obtained":[{"floor":1,"key":"CultistPotion"},{"floor":4,"key":"Dexterity Potion"},{"floor":8,"key":"Regen Potion"}],"is_trial":false,"path_per_floor":["M","$","?","M","M","E","R","E","T","E"],"character_chosen":"IRONCLAD","items_purchased":["Shrug It Off","Dramatic Entrance"],"campfire_rested":0,"item_purchase_floors":[0,0],"current_hp_per_floor":[69,69,69,69,75,61,61,32,32,26,26],"gold":107,"neow_bonus":"","is_daily":false,"chose_seed":false,"campfire_upgraded":1,"win_rate":0.0,"timestamp":1613738358,"path_taken":["M","$","?","M","M","E","R","E","T","E"],"items_purchased_type":["Card","Card"],"build_version":"2020-12-22","purchased_purges":2,"victory":false,"max_hp_per_floor":[80,80,80,80,80,80,80,80,80,80,80],"relic_stats":{"counters":[6,26],"Boot":[4],"obtain_stats":[{"hubris:DisguiseKit":9,"hubris:MedicalManual":0,"Replay:Kaleidoscope":0,"Replay:Bottled Snecko":6,"Cracked Core":0,"Boot":8},{"hubris:DisguiseKit":5,"hubris:MedicalManual":0,"Replay:Kaleidoscope":0,"Replay:Bottled Snecko":4,"Cracked Core":0,"Boot":5},{"hubris:DisguiseKit":20,"hubris:MedicalManual":0,"Replay:Kaleidoscope":0,"Replay:Bottled Snecko":15,"Cracked Core":0,"Boot":20}],"Burning Blood":30},"card_choices":[{"not_picked":["ReplayTheSpireMod:Strike From Hell","Wild Strike"],"picked":"Infernal Blade","floor":1},{"not_picked":["Evolve","Run Through"],"picked":"Infernal Blade","floor":4},{"not_picked":["Cleave","Dual Wield"],"picked":"Iron Wave","floor":5},{"not_picked":["Havoc","Anger","Dropkick"],"picked":"SKIP","floor":6},{"not_picked":["Hemogenesis","ReplayTheSpireMod:Strike From Hell"],"picked":"Iron Wave","floor":8}],"player_experience":642880,"relics_obtained":[{"floor":6,"key":"Replay:Bottled Snecko"},{"floor":8,"key":"Boot"},{"floor":9,"key":"hubris:DisguiseKit"}],"event_choices":[],"is_beta":false,"boss_relics":[],"items_purged_floors":[0,2],"is_endless":false,"potions_floor_spawned":[1,4,8],"killed_by":"Lagavulin","ascension_level":8}}