{"host":"ie50qk0ts9eskyyo","time":1613730871,"event":{"mods":["BaseMod","BetterRewards","Colored Map","Downfall","Friendly Minions","Highlight Path","Hubris","Infinite Spire","Minty Spire (QoL Compilation)","Quick Restart","Reliquary","Replay The Spire","Robot Space Explorer","StSLib","SuperFastMode","The Jungle"],"gold_per_floor":[115,115,131,141,157,189,204,217,269,300,300,250,250,20,20,123,123,136,136,1,13,23,52,52,68,68,97,110,110,136,147,147,147,147],"floor_reached":33,"language":"ENG","playtime":1297,"items_purged":["ReplayTheSpireMod:Splinters","Strike_R","Strike_R"],"score":335,"play_id":"8785b070-b88a-46d2-929d-a6a7b4a11199","local_time":"20210219053431","is_ascension_mode":true,"campfire_choices":[{"data":"Poisoned Strike","floor":13.0,"key":"SMITH"},{"data":"hubris:SharpeningStone","floor":24,"key":"SMITH"}],"circlet_count":0,"master_deck":["Strike_R","Defend_R","Defend_R","Defend_R","Defend_R","Bash","Cleave+1","Poisoned Strike+1","Hemokinesis","ReplayReversal","infinitespire:OneForAll","Fire Breathing","Fire Breathing+1","Rupture","hubris:SharpeningStone+1","Replay:Many Hands","Inflame+1","Hemokinesis+1","Flex+1","Impervious+1","Seeing Red+1"],"relics":["Black Blood","reliquary:Vitrine","ReplayTheSpireMod:CursedCoin","HornCleat","Mango","Vajra","reliquary:Crutches","PreservedInsect","Membership Card","reliquary:Knoch","Bag of Preparation","ReplayFunnel","Replay:Bottled Steam","Toy Ornithopter","reliquary:Stiletto"],"acts_visited":["Exordium","TheCity"],"potions_floor_usage":[18,23,27,28,30,33,33],"damage_taken":[{"damage":8.0,"enemies":"Small Slimes","floor":1.0,"turns":3.0},{"damage":2.0,"enemies":"2 Louse","floor":3.0,"turns":3.0},{"damage":13.0,"enemies":"Jaw Worm","floor":4.0,"turns":2.0},{"damage":4.0,"enemies":"Blue Slaver","floor":5.0,"turns":3.0},{"damage":16.0,"enemies":"Gremlin Nob","floor":6.0,"turns":4.0},{"damage":0.0,"enemies":"3 Louse","floor":7.0,"turns":1.0},{"damage":10.0,"enemies":"Looter","floor":8.0,"turns":3.0},{"damage":18.0,"enemies":"Lagavulin","floor":10.0,"turns":6.0},{"damage":53,"enemies":"The Guardian","floor":16,"turns":10},{"damage":12,"enemies":"3 Byrds","floor":18,"turns":4},{"damage":2,"enemies":"Spheric Guardian","floor":21,"turns":3},{"damage":27,"enemies":"Snake Plant","floor":22,"turns":4},{"damage":27,"enemies":"Slavers","floor":23,"turns":4},{"damage":28,"enemies":"Shelled Parasite and Fungi","floor":25,"turns":4},{"damage":10,"enemies":"Gremlin Leader","floor":27,"turns":4},{"damage":19,"enemies":"3 Cultists","floor":28,"turns":4},{"damage":19,"enemies":"Book of Stabbing","floor":30,"turns":4},{"damage":21,"enemies":"Centurion and Healer","floor":31,"turns":4},{"damage":89,"enemies":"Collector","floor":33,"turns":7}],"seed_played":"-4434069850013796141","potions_obtained":[{"floor":4.0,"key":"Block Potion"},{"floor":6.0,"key":"sneckomod:MuddlingPotion"},{"floor":8.0,"key":"PowerPotion"},{"floor":16,"key":"Fire Potion"},{"floor":18,"key":"Fire Potion"},{"floor":25,"key":"hexamod:SoulburnPotion"},{"floor":30,"key":"BloodPotion"},{"floor":31,"key":"bronze:BurnAndBuffPotion"}],"is_trial":false,"path_per_floor":["M","?","M","M","M","E","M","M","T","E","?","?","R","$","R_BF","B",null,"M","?","$","M","M","E","R","M","T","E","M","T","E","M","R_BF","B"],"character_chosen":"IRONCLAD","items_purchased":["reliquary:Vitrine","ReplayTheSpireMod:CursedCoin","HornCleat","Cleave+1","Poisoned Strike","Membership Card","hubris:SharpeningStone","reliquary:Knoch"],"campfire_rested":0,"item_purchase_floors":[0,0,0,0,0,14,14,20],"current_hp_per_floor":[56,56,60,53,55,45,51,47,47,35,35,35,35,35,63,16,94,94,94,94,94,79,64,64,48,48,50,43,43,41,32,60,0,0],"gold":147,"neow_bonus":"","is_daily":false,"chose_seed":false,"campfire_upgraded":2,"win_rate":0.0,"timestamp":1613730871,"path_taken":["M","?","M","M","M","E","M","M","T","E","?","?","R","$","R_BF","BOSS","M","?","$","M","M","E","R","M","T","E","M","?","E","M","R_BF","BOSS"],"items_purchased_type":["Relic","Relic","Relic","Card","Card","Relic","Card","Relic"],"build_version":"2020-12-22","purchased_purges":3,"victory":false,"max_hp_per_floor":[94,94,94,94,94,94,94,94,94,94,94,94,94,94,94,94,94,94,94,94,94,94,94,94,94,94,94,94,94,94,94,94,94,94],"card_choices":[{"not_picked":["Body Slam","Heavy Blade"],"picked":"Hemokinesis","floor":1.0},{"not_picked":["Shrug It Off","Anger"],"picked":"infinitespire:OneForAll","floor":3.0},{"not_picked":["Searing Blow","ReplayTheSpireMod:Strike From Hell","Pommel Strike"],"picked":"SKIP","floor":4.0},{"not_picked":["Flex","Heavy Blade"],"picked":"Fire Breathing","floor":5.0},{"not_picked":["Pommel Strike","Perfected Strike","Anger"],"picked":"SKIP","floor":6.0},{"not_picked":["Ghostly Armor","Pummel"],"picked":"Fire Breathing","floor":7.0},{"not_picked":["Anger","Disarm"],"picked":"Rupture","floor":8.0},{"not_picked":["Heavy Blade","Feel No Pain","ReplayTheSpireMod:Strike From Hell"],"picked":"SKIP","floor":10.0},{"not_picked":["Hemogenesis","Fiend Fire"],"picked":"Replay:Many Hands","floor":16},{"not_picked":["Spot Weakness+1","Cleave+1"],"picked":"Inflame+1","floor":18},{"not_picked":["Clash","Perfected Strike+1","Headbutt+1"],"picked":"SKIP","floor":21},{"not_picked":["Thunderclap","hubris:ReadiedAction"],"picked":"Hemokinesis+1","floor":22},{"not_picked":["Flame Barrier","Combust+1"],"picked":"Flex+1","floor":23},{"not_picked":["Rampage","Second Wind","Warcry+1"],"picked":"SKIP","floor":25},{"not_picked":["Perfected Strike","Feel No Pain"],"picked":"Impervious","floor":27},{"not_picked":["Anger","Armaments+1","Warcry"],"picked":"SKIP","floor":28},{"not_picked":["Perfected Strike","Headbutt+1"],"picked":"Seeing Red+1","floor":30},{"not_picked":["Thunderclap","Pommel Strike+1","Dropkick+1"],"picked":"SKIP","floor":31}],"player_experience":41815,"relics_obtained":[{"floor":6.0,"key":"Vajra"},{"floor":9.0,"key":"reliquary:Crutches"},{"floor":10.0,"key":"PreservedInsect"},{"floor":23,"key":"Bag of Preparation"},{"floor":26,"key":"ReplayFunnel"},{"floor":27,"key":"Replay:Bottled Steam"},{"floor":29,"key":"Toy Ornithopter"},{"floor":30,"key":"reliquary:Stiletto"}],"event_choices":[{"cards_removed":["Strike_R"],"damage_healed":0.0,"max_hp_gain":0.0,"max_hp_loss":0.0,"gold_gain":0.0,"event_name":"The Cleric","player_choice":"Card Removal","floor":12.0,"gold_loss":50.0,"damage_taken":0.0},{"damage_healed":0,"gold_gain":0,"player_choice":"Ignored","damage_taken":0,"max_hp_gain":0,"max_hp_loss":0,"event_name":"Ghosts","floor":19,"gold_loss":0}],"is_beta":false,"boss_relics":[{"not_picked":["Ooze Armor","reliquary:WritOfMandamus"],"picked":"Black Blood"}],"items_purged_floors":[0,14,20],"is_endless":false,"potions_floor_spawned":[4,6,8,16,18,25,30,31],"killed_by":"Collector","ascension_level":1}}