{"host":"tlbbab9afexrkdtf","time":1613777870,"event":{"mods":["2.2 Compatiblity","AchievementEnabler","BaseMod","Colored Map","Colored Powertips","Minty Spire (QoL Compilation)","Rare Cards Sparkle","StSLib"],"gold_per_floor":[109,128,47,12,12,12,44,59,110,121,121,136,136,153,153,153,153],"floor_reached":16,"language":"ENG","playtime":356,"items_purged":[],"score":128,"play_id":"fe83d9ea-12f9-4ed0-83e4-828791938b12","local_time":"20210219183750","is_ascension_mode":true,"campfire_choices":[{"floor":6,"key":"RECALL"},{"floor":11,"key":"REST"},{"floor":13,"key":"REST"},{"floor":15,"key":"REST"}],"circlet_count":0,"master_deck":["Strike_R","Strike_R","Strike_R","Strike_R","Strike_R","Defend_R","Defend_R","Defend_R","Defend_R","Bash","Havoc","Thunderclap","Feel No Pain","Armaments","Decay","Pommel Strike","Clothesline","Thunderclap","Thunderclap","Iron Wave"],"relics":["Burning Blood","Champion Belt","Bronze Scales","Bag of Marbles"],"acts_visited":["Exordium"],"potions_floor_usage":[10,12],"damage_taken":[{"damage":7,"enemies":"Small Slimes","floor":1,"turns":4},{"damage":7,"enemies":"Jaw Worm","floor":2,"turns":3},{"damage":66,"enemies":"Gremlin Nob","floor":7,"turns":6},{"damage":7,"enemies":"Cultist","floor":8,"turns":3},{"damage":5,"enemies":"Looter","floor":10,"turns":2},{"damage":9,"enemies":"Lots of Slimes","floor":12,"turns":3},{"damage":4,"enemies":"3 Louse","floor":14,"turns":4},{"damage":81,"enemies":"Hexaghost","floor":16,"turns":11}],"seed_played":"-2127123047820216009","potions_obtained":[{"floor":7,"key":"DuplicationPotion"},{"floor":10,"key":"EssenceOfSteel"}],"is_trial":false,"path_per_floor":["M","M","$","?","?","R","E","M","T","M","R","M","R","M","R","B"],"character_chosen":"IRONCLAD","items_purchased":["Feel No Pain","Armaments"],"campfire_rested":3,"item_purchase_floors":[3,3],"current_hp_per_floor":[55,54,54,74,74,74,14,13,13,14,38,35,59,61,80,0,0],"gold":153,"neow_bonus":"ONE_RARE_RELIC","is_daily":false,"chose_seed":false,"campfire_upgraded":0,"win_rate":0.0,"timestamp":1613777870,"path_taken":["M","M","$","?","?","R","E","?","T","M","R","M","R","M","R","BOSS"],"items_purchased_type":["Card","Card"],"build_version":"2020-12-22","purchased_purges":0,"victory":false,"max_hp_per_floor":[80,80,80,80,80,80,80,80,80,80,80,80,80,80,80,80,80],"card_choices":[{"not_picked":["Warcry","Body Slam"],"picked":"Havoc","floor":1},{"not_picked":["Twin Strike","Wild Strike"],"picked":"Thunderclap","floor":2},{"not_picked":["Iron Wave","Fiend Fire"],"picked":"Pommel Strike","floor":7},{"not_picked":["Havoc","Shrug It Off"],"picked":"Clothesline","floor":8},{"not_picked":["Feel No Pain","Disarm"],"picked":"Thunderclap","floor":10},{"not_picked":["Headbutt","Rampage"],"picked":"Thunderclap","floor":12},{"not_picked":["Anger","Cleave"],"picked":"Iron Wave","floor":14}],"player_experience":343729,"relics_obtained":[{"floor":7,"key":"Bronze Scales"},{"floor":9,"key":"Bag of Marbles"}],"event_choices":[{"damage_healed":20,"gold_gain":0,"player_choice":"Healed","damage_taken":0,"max_hp_gain":0,"max_hp_loss":0,"event_name":"The Cleric","floor":4,"gold_loss":35},{"damage_healed":0,"gold_gain":0,"player_choice":"Cursed","damage_taken":0,"max_hp_gain":0,"max_hp_loss":0,"event_name":"Wheel of Change","floor":5,"gold_loss":0,"cards_obtained":["Decay"]}],"is_beta":false,"boss_relics":[],"items_purged_floors":[],"is_endless":false,"potions_floor_spawned":[7,10],"killed_by":"Hexaghost","ascension_level":5}}