{"host":"x5w9zppki4gdwvc7","time":1613767229,"event":{"mods":["AchievementEnabler","BaseMod","Colored Powertips","DeckTracker","Minty Spire (QoL Compilation)","SuperFastMode"],"gold_per_floor":[119,134,148,168,184,184,184,202,202,232,244,273,313,344,356,368,368],"floor_reached":16,"language":"ENG","playtime":889,"items_purged":[],"score":116,"play_id":"5a2a2776-cc60-44fb-92e7-6db412babbc6","local_time":"20210219214029","is_ascension_mode":false,"campfire_choices":[{"data":"Neutralize","floor":7,"key":"SMITH"},{"data":"Dodge and Roll","floor":11,"key":"SMITH"},{"floor":15,"key":"REST"}],"circlet_count":0,"master_deck":["Strike_G+1","Strike_G","Strike_G+1","Strike_G","Strike_G+1","Defend_G","Defend_G","Defend_G","Defend_G","Defend_G","Survivor","Neutralize+1","Poisoned Stab","Dagger Spray+1","Dodge and Roll+1","Outmaneuver","Blur","Glass Knife","Backflip","Catalyst","Slice","Backflip"],"relics":["Ring of the Snake","Ancient Tea Set","Whetstone","MawBank","Art of War"],"acts_visited":["Exordium"],"potions_floor_usage":[13,16],"damage_taken":[{"damage":0,"enemies":"2 Louse","floor":1,"turns":2},{"damage":6,"enemies":"Jaw Worm","floor":2,"turns":4},{"damage":1,"enemies":"Cultist","floor":3,"turns":3},{"damage":2,"enemies":"Large Slime","floor":4,"turns":6},{"damage":0,"enemies":"3 Louse","floor":5,"turns":2},{"damage":0,"enemies":"Exordium Thugs","floor":8,"turns":5},{"damage":10,"enemies":"Gremlin Nob","floor":10,"turns":4},{"damage":0,"enemies":"Exordium Wildlife","floor":12,"turns":1},{"damage":8,"enemies":"3 Sentries","floor":13,"turns":8},{"damage":15,"enemies":"Gremlin Gang","floor":14,"turns":5},{"damage":36,"enemies":"Slime Boss","floor":16,"turns":15}],"seed_played":"-5974092129387262084","potions_obtained":[{"floor":4,"key":"CultistPotion"},{"floor":8,"key":"Fire Potion"},{"floor":10,"key":"BlessingOfTheForge"},{"floor":13,"key":"Fire Potion"}],"is_trial":false,"path_per_floor":["M","M","M","M","M","?","R","M","T","E","R","M","E","M","R","B"],"character_chosen":"THE_SILENT","items_purchased":[],"campfire_rested":1,"item_purchase_floors":[],"current_hp_per_floor":[70,64,63,61,61,47,47,47,47,37,37,37,29,14,35,0,0],"gold":368,"neow_bonus":"RANDOM_COMMON_RELIC","is_daily":false,"chose_seed":false,"campfire_upgraded":2,"win_rate":0.0,"timestamp":1613767229,"path_taken":["M","M","M","M","M","?","R","M","T","E","R","M","E","M","R","BOSS"],"items_purchased_type":[],"build_version":"2020-12-22","purchased_purges":0,"victory":false,"max_hp_per_floor":[70,70,70,70,70,70,70,70,70,70,70,70,70,70,70,70,70],"card_choices":[{"not_picked":["Outmaneuver","Quick Slash"],"picked":"Poisoned Stab","floor":1},{"not_picked":["Outmaneuver","Acrobatics"],"picked":"Dagger Spray","floor":2},{"not_picked":["Prepared","Dash"],"picked":"Dodge and Roll","floor":3},{"not_picked":["Reflex","Distraction"],"picked":"Outmaneuver","floor":4},{"not_picked":["Sucker Punch","Infinite Blades"],"picked":"Blur","floor":5},{"not_picked":["Catalyst","Sucker Punch"],"picked":"Glass Knife","floor":8},{"not_picked":["Dagger Throw","Underhanded Strike"],"picked":"Backflip","floor":10},{"not_picked":["Poisoned Stab","Night Terror"],"picked":"Catalyst","floor":12},{"not_picked":["Setup","Bane"],"picked":"Slice","floor":13},{"not_picked":["Quick Slash","Reflex"],"picked":"Backflip","floor":14}],"player_experience":674622,"relics_obtained":[{"floor":9,"key":"Whetstone"},{"floor":10,"key":"MawBank"},{"floor":13,"key":"Art of War"}],"event_choices":[{"damage_healed":0,"gold_gain":0,"player_choice":"Entered Light","damage_taken":14,"max_hp_gain":0,"max_hp_loss":0,"event_name":"Shining Light","floor":6,"gold_loss":0,"cards_upgraded":["Strike_G","Dagger Spray"]}],"is_beta":false,"boss_relics":[],"items_purged_floors":[],"is_endless":false,"potions_floor_spawned":[4,8,10,13],"killed_by":"Slime Boss","ascension_level":0}}