{"host":"79kl9rvhjzhuunbo","time":1613752634,"event":{"mods":["AchievementEnabler","BaseMod","Colored Powertips","Defuse TimeMaze Blight","Friendly Minions","Highlight Path","Minty Spire (QoL Compilation)","Permanent Neow","Quick Restart","Random Character Button","Relic Sorter","StSLib","SuperFastMode","Synergy Search","Unceasing Turn Reminder"],"gold_per_floor":[111,111,111,40,51,81,81,91,91,103,103,138,19,35,35,138,138,152,164,114,125,135,135,60,60,86,86,186,196,196,209,209,311,311,328,328,278,289,312,337,337,362,362,379,413,39,39,59,59,59,59,59,9,40,40],"floor_reached":56,"language":"ENG","playtime":5113,"items_purged":["Strike_G","Defend_G","Strike_G","Strike_G","Flechettes"],"score":1294,"play_id":"d6ef5ae0-cee5-42af-8f4e-ac01f37a17a2","local_time":"20210219173714","is_ascension_mode":true,"campfire_choices":[{"data":"Noxious Fumes","floor":7.0,"key":"SMITH"},{"floor":11.0,"key":"REST"},{"data":"Footwork","floor":15.0,"key":"SMITH"},{"data":"Noxious Fumes","floor":23.0,"key":"SMITH"},{"data":"Footwork","floor":25.0,"key":"SMITH"},{"floor":27.0,"key":"DIG"},{"floor":30.0,"key":"RECALL"},{"data":"Footwork","floor":32.0,"key":"SMITH"},{"floor":41.0,"key":"DIG"},{"data":"Well Laid Plans","floor":49.0,"key":"PURGE"},{"data":"Defend_G","floor":52.0,"key":"PURGE"}],"circlet_count":0,"master_deck":["Defend_G","Defend_G","Defend_G","Survivor","Neutralize+1","Footwork+1","Noxious Fumes+1","Adrenaline","Backstab","Footwork+1","Noxious Fumes+1","After Image","Blur+1","Footwork+1","Footwork+1","Burst","PiercingWail","Madness","Madness","Caltrops"],"relics":["Ring of the Snake","Pocketwatch","Torii","Shovel","Smiling Mask","Runic Pyramid","Oddly Smooth Stone","Bag of Preparation","Runic Dome","PreservedInsect","Bronze Scales","Peace Pipe","Ancient Tea Set","Centennial Puzzle","Mummified Hand","Bag of Marbles"],"acts_visited":["Exordium","TheCity","TheBeyond","TheEnding"],"potions_floor_usage":[55,55],"damage_taken":[{"damage":2.0,"enemies":"Small Slimes","floor":1.0,"turns":5.0},{"damage":0.0,"enemies":"Jaw Worm","floor":5.0,"turns":5.0},{"damage":34.0,"enemies":"Gremlin Nob","floor":6.0,"turns":6.0},{"damage":0.0,"enemies":"Cultist","floor":8.0,"turns":4.0},{"damage":3.0,"enemies":"Gremlin Gang","floor":10.0,"turns":5.0},{"damage":0.0,"enemies":"Lagavulin","floor":12.0,"turns":7.0},{"damage":0.0,"enemies":"Exordium Thugs","floor":14.0,"turns":4.0},{"damage":13.0,"enemies":"Slime Boss","floor":16.0,"turns":12.0},{"damage":4.0,"enemies":"3 Byrds","floor":18.0,"turns":5.0},{"damage":0.0,"enemies":"Chosen","floor":19.0,"turns":8.0},{"damage":1.0,"enemies":"Snake Plant","floor":21.0,"turns":8.0},{"damage":0.0,"enemies":"Snecko","floor":22.0,"turns":9.0},{"damage":0.0,"enemies":"Chosen and Byrds","floor":29.0,"turns":6.0},{"damage":1.0,"enemies":"3 Cultists","floor":31.0,"turns":5.0},{"damage":13.0,"enemies":"Champ","floor":33.0,"turns":14.0},{"damage":1.0,"enemies":"3 Shapes","floor":35.0,"turns":6.0},{"damage":1.0,"enemies":"3 Darklings","floor":38.0,"turns":6.0},{"damage":7.0,"enemies":"Nemesis","floor":40.0,"turns":11.0},{"damage":0.0,"enemies":"Giant Head","floor":42.0,"turns":12.0},{"damage":1.0,"enemies":"4 Shapes","floor":44.0,"turns":6.0},{"damage":12.0,"enemies":"Nemesis","floor":45.0,"turns":7.0},{"damage":0.0,"enemies":"Jaw Worm Horde","floor":48.0,"turns":5.0},{"damage":17.0,"enemies":"Time Eater","floor":50.0,"turns":17.0},{"damage":22,"enemies":"Shield and Spear","floor":54,"turns":7},{"damage":25,"enemies":"The Heart","floor":55,"turns":13}],"seed_played":"-3540949353994082638","potions_obtained":[{"floor":5.0,"key":"FearPotion"},{"floor":10.0,"key":"AttackPotion"},{"floor":14.0,"key":"Fruit Juice"},{"floor":19.0,"key":"EssenceOfSteel"},{"floor":21.0,"key":"FairyPotion"},{"floor":31.0,"key":"Block Potion"},{"floor":54,"key":"DuplicationPotion"}],"is_trial":false,"path_per_floor":["M","?","?","$","M","E","R","M","T","M","R","E","$","M","R","B",null,"M","M","$","M","M","R","?","R","T","R","?","M","R","M","R","B",null,"M","?","$","M","T","E","R","E","T","M","E","$","?","M","R","B",null,"R","$","E","B",null],"character_chosen":"THE_SILENT","items_purchased":["Footwork","Noxious Fumes","Mummified Hand","Caltrops"],"campfire_rested":1,"item_purchase_floors":[4,13,46,46],"current_hp_per_floor":[68,65,65,65,65,31,31,31,31,28,49,49,49,54,54,41,75,71,71,71,70,70,70,70,70,70,70,70,70,70,69,69,56,75,74,65,65,64,64,57,57,57,57,56,44,44,44,44,44,27,75,75,75,53,28],"gold":40,"neow_bonus":"REMOVE_CARD","is_daily":false,"chose_seed":false,"campfire_upgraded":5,"win_rate":0.0,"timestamp":1613752634,"path_taken":["M","?","?","$","M","E","R","M","T","M","R","E","$","?","R","BOSS","M","?","$","M","M","R","?","R","T","R","?","?","R","M","R","BOSS","M","?","$","M","?","E","R","E","T","M","E","$","?","?","R","BOSS","R","$","E","BOSS"],"items_purchased_type":["Card","Card","Relic","Card"],"build_version":"2020-12-22","purchased_purges":5,"victory":true,"max_hp_per_floor":[70,70,70,70,70,70,70,70,70,70,70,70,70,75,75,75,75,75,75,75,75,75,75,75,75,75,75,75,75,75,75,75,75,75,75,75,75,75,75,75,75,75,75,75,75,75,75,75,75,75,75,75,75,75,75],"card_choices":[{"not_picked":["Flying Knee","Poisoned Stab","Dagger Spray"],"picked":"SKIP","floor":1.0},{"not_picked":["Dagger Spray","Quick Slash"],"picked":"Noxious Fumes","floor":5.0},{"not_picked":["Deflect","Terror"],"picked":"Adrenaline","floor":6.0},{"not_picked":["Backflip","Setup"],"picked":"Backstab","floor":8.0},{"not_picked":["Acrobatics","Outmaneuver"],"picked":"Footwork","floor":10.0},{"not_picked":["Poisoned Stab","Dagger Throw","Slice"],"picked":"SKIP","floor":12.0},{"not_picked":["Terror","Bane"],"picked":"Well Laid Plans","floor":14.0},{"not_picked":["Night Terror","Burst"],"picked":"After Image","floor":16.0},{"not_picked":["Dash","Terror","Choke"],"picked":"SKIP","floor":18.0},{"not_picked":["Setup","Poisoned Stab+1"],"picked":"Blur+1","floor":19.0},{"not_picked":["Outmaneuver+1","Deflect+1"],"picked":"Flechettes","floor":21.0},{"not_picked":["Prepared","Sucker Punch"],"picked":"Footwork+1","floor":22.0},{"not_picked":["Cloak And Dagger","Well Laid Plans","Quick Slash"],"picked":"SKIP","floor":29.0},{"not_picked":["Accuracy+1","Outmaneuver+1"],"picked":"Footwork","floor":31.0},{"not_picked":["Wraith Form v2","Bullet Time"],"picked":"Burst","floor":33.0},{"not_picked":["Backflip","Predator"],"picked":"PiercingWail","floor":35.0},{"not_picked":["Eviscerate+1","Prepared","Deflect+1"],"picked":"SKIP","floor":38.0},{"not_picked":["Deadly Poison","Blade Dance","Dagger Throw+1"],"picked":"SKIP","floor":40.0},{"not_picked":["Corpse Explosion","Flying Knee","Crippling Poison"],"picked":"SKIP","floor":42.0},{"not_picked":["Leg Sweep+1","Backflip+1","Outmaneuver"],"picked":"SKIP","floor":44.0},{"not_picked":["Expertise+1","All Out Attack","Quick Slash+1"],"picked":"SKIP","floor":45.0},{"not_picked":["Reflex","Deadly Poison","Cloak And Dagger+1"],"picked":"SKIP","floor":48.0},{"not_picked":["Acrobatics","Dagger Throw+1","Backflip"],"picked":"SKIP","floor":54}],"player_experience":305437,"relics_obtained":[{"floor":6.0,"key":"Torii"},{"floor":9.0,"key":"Shovel"},{"floor":12.0,"key":"Smiling Mask"},{"floor":26.0,"key":"Oddly Smooth Stone"},{"floor":27.0,"key":"Bag of Preparation"},{"floor":40.0,"key":"PreservedInsect"},{"floor":41.0,"key":"Bronze Scales"},{"floor":42.0,"key":"Peace Pipe"},{"floor":43.0,"key":"Ancient Tea Set"},{"floor":45.0,"key":"Centennial Puzzle"},{"floor":54,"key":"Bag of Marbles"}],"event_choices":[{"damage_healed":0.0,"max_hp_gain":0.0,"max_hp_loss":0.0,"gold_gain":0.0,"event_name":"Scrap Ooze","player_choice":"Success","floor":2.0,"gold_loss":0.0,"damage_taken":3.0,"relics_obtained":["Pocketwatch"]},{"damage_healed":0.0,"max_hp_gain":0.0,"max_hp_loss":0.0,"gold_gain":0.0,"event_name":"Upgrade Shrine","player_choice":"Upgraded","floor":3.0,"gold_loss":0.0,"damage_taken":0.0,"cards_upgraded":["Neutralize"]},{"cards_removed":["Strike_G"],"damage_healed":0.0,"max_hp_gain":0.0,"max_hp_loss":0.0,"gold_gain":0.0,"event_name":"Beggar","player_choice":"Gave Gold","floor":24.0,"gold_loss":75.0,"damage_taken":0.0},{"damage_healed":0.0,"max_hp_gain":0.0,"max_hp_loss":0.0,"gold_gain":100.0,"event_name":"Golden Shrine","player_choice":"Pray","floor":28.0,"gold_loss":0.0,"damage_taken":0.0},{"damage_healed":0.0,"max_hp_gain":0.0,"max_hp_loss":0.0,"gold_gain":0.0,"event_name":"Winding Halls","player_choice":"Embrace Madness","floor":36.0,"gold_loss":0.0,"damage_taken":9.0,"cards_obtained":["Madness","Madness"]},{"damage_healed":0.0,"max_hp_gain":0.0,"max_hp_loss":0.0,"gold_gain":0.0,"event_name":"SecretPortal","player_choice":"Ignored","floor":47.0,"gold_loss":0.0,"damage_taken":0.0}],"is_beta":false,"boss_relics":[{"not_picked":["SlaversCollar","SacredBark"],"picked":"Runic Pyramid"},{"not_picked":["Velvet Choker","WristBlade"],"picked":"Runic Dome"}],"items_purged_floors":[13,20,37,46,53],"is_endless":false,"potions_floor_spawned":[5,10,14,19,21,31,33,35,42,48,54],"ascension_level":1}}