{"host":"mwb0clku6crgv6yl","time":1613713098,"event":{"mods":["AchievementEnabler","BaseMod","Highlight Path","Minty Spire (QoL Compilation)","StSLib","The Cursed"],"gold_per_floor":[369,369,381,398,398,398,398,411,437,462,136,136,36,54,54,54,54],"floor_reached":16,"language":"ZHS","playtime":328,"items_purged":["Strike_R","Defend_R"],"score":90,"play_id":"4f4fa68d-0a70-429d-9611-e35e261af59b","local_time":"20210219133818","is_ascension_mode":false,"campfire_choices":[{"floor":12.0,"key":"REST"},{"data":"Searing Blow","floor":15.0,"key":"SMITH"}],"circlet_count":0,"master_deck":["Strike_R","Strike_R","Strike_R","Strike_R","Defend_R","Defend_R","Defend_R","Bash+1","Searing Blow+1"],"relics":["Burning Blood","Golden Idol","Ancient Tea Set","PreservedInsect","Ornamental Fan"],"acts_visited":["Exordium"],"potions_floor_usage":[16,16,16],"damage_taken":[{"damage":8.0,"enemies":"Jaw Worm","floor":1.0,"turns":4.0},{"damage":1.0,"enemies":"Cultist","floor":3.0,"turns":3.0},{"damage":7.0,"enemies":"2 Louse","floor":4.0,"turns":3.0},{"damage":22.0,"enemies":"Looter","floor":8.0,"turns":4.0},{"damage":6.0,"enemies":"3 Louse","floor":14.0,"turns":4.0},{"damage":51,"enemies":"Hexaghost","floor":16,"turns":8}],"seed_played":"-2427489607160232488","potions_obtained":[{"floor":3.0,"key":"FearPotion"},{"floor":4.0,"key":"FearPotion"},{"floor":8.0,"key":"Dexterity Potion"}],"is_trial":false,"path_per_floor":["M","?","M","M","?","?","?","M","T","T","$","R","$","M","R","B"],"character_chosen":"IRONCLAD","items_purchased":["Ornamental Fan"],"campfire_rested":1,"item_purchase_floors":[11],"current_hp_per_floor":[54,54,59,58,63,63,42,26,26,26,26,51,51,51,51,0,0],"gold":54,"neow_bonus":"TWO_FIFTY_GOLD","is_daily":false,"chose_seed":false,"campfire_upgraded":1,"win_rate":0.0,"timestamp":1613713098,"path_taken":["M","?","M","?","?","?","?","M","T","?","$","R","$","M","R","BOSS"],"items_purchased_type":["Relic"],"build_version":"2020-12-22","purchased_purges":2,"victory":false,"max_hp_per_floor":[80,80,80,80,85,85,85,85,85,85,85,85,85,85,85,85,85],"card_choices":[{"not_picked":["Iron Wave","True Grit","Carnage"],"picked":"SKIP","floor":1.0},{"not_picked":["Pommel Strike","Spot Weakness","Thunderclap"],"picked":"SKIP","floor":3.0},{"not_picked":["Power Through","Body Slam"],"picked":"Searing Blow","floor":4.0},{"not_picked":["Whirlwind","Pommel Strike","Power Through"],"picked":"SKIP","floor":8.0},{"not_picked":["Flex","Iron Wave","Reaper"],"picked":"SKIP","floor":14.0}],"player_experience":348477,"relics_obtained":[{"floor":9.0,"key":"Ancient Tea Set"},{"floor":10.0,"key":"PreservedInsect"}],"event_choices":[{"damage_healed":0.0,"max_hp_gain":0.0,"max_hp_loss":0.0,"gold_gain":0.0,"event_name":"Upgrade Shrine","player_choice":"Upgraded","floor":2.0,"gold_loss":0.0,"damage_taken":0.0,"cards_upgraded":["Bash"]},{"damage_healed":0.0,"max_hp_gain":5.0,"max_hp_loss":0.0,"gold_gain":0.0,"event_name":"Big Fish","player_choice":"Donut","floor":5.0,"gold_loss":0.0,"damage_taken":0.0},{"damage_healed":0.0,"max_hp_gain":0.0,"max_hp_loss":0.0,"gold_gain":0.0,"event_name":"Liars Game","player_choice":"Ignored","floor":6.0,"gold_loss":0.0,"damage_taken":0.0},{"damage_healed":0.0,"max_hp_gain":0.0,"max_hp_loss":0.0,"gold_gain":0.0,"event_name":"Golden Idol","player_choice":"Take Damage","floor":7.0,"gold_loss":0.0,"damage_taken":21.0,"relics_obtained":["Golden Idol"]}],"is_beta":false,"boss_relics":[],"items_purged_floors":[11,13],"is_endless":false,"potions_floor_spawned":[3,4,8],"killed_by":"Hexaghost","ascension_level":0}}