{"host":"gaqyve1328ta0etl","time":1613726775,"event":{"mods":["BaseMod","Colored Map","Colored Powertips","Duelist Mod","Googly Eyes","Hero for Fun","Minty Spire (QoL Compilation)","Shop Mod","StSLib","SuperFastMode","The Hierophant","The Runesmith"],"gold_per_floor":[144,144,144,46,57,57,84,84,84,98,98,110,135,35,35,112,112,126,1,1,1,1,1,19,19,19,19,34,64,75,86,86,163,163,183,29,47,47,58,58,72,85,385,401,401,434,434,460,460,460],"floor_reached":51,"language":"ENG","playtime":1277,"items_purged":["theDuelist:Sparks","theDuelist:YamataDragon","theDuelist:CastleWalls"],"score":1555,"play_id":"67d8a612-efb2-40ef-8a62-5a9686fca5e0","local_time":"20210219012615","is_ascension_mode":true,"campfire_choices":[{"data":"theDuelist:MillenniumShield","floor":6,"key":"SMITH"},{"data":"theDuelist:DoubleTool","floor":8,"key":"SMITH"},{"data":"theDuelist:DoubleTool+1","floor":11,"key":"SMITH"},{"data":"theDuelist:DoubleTool+2","floor":15,"key":"SMITH"},{"data":"theDuelist:DoubleTool+4","floor":23,"key":"SMITH"},{"data":"theDuelist:DoubleTool+5","floor":25,"key":"SMITH"},{"data":"theDuelist:HappyLover","floor":27,"key":"SMITH"},{"floor":32,"key":"REST"},{"data":"theDuelist:AmuletAmbition","floor":40,"key":"SMITH"},{"data":"theDuelist:AmuletAmbition+1","floor":45,"key":"SMITH"},{"data":"theDuelist:AmuletAmbition+2","floor":47,"key":"SMITH"},{"data":"theDuelist:AmuletAmbition+3","floor":49,"key":"SMITH"}],"circlet_count":0,"master_deck":["theDuelist:CoreBlaster","AscendersBane","theDuelist:BabyDragon","theDuelist:CastleWalls","theDuelist:CaveDragon","theDuelist:CaveDragon","theDuelist:LesserDragon","theDuelist:LesserDragon","theDuelist:MillenniumShield+1","theDuelist:DoubleTool+6","theDuelist:RainbowNeos","theDuelist:RainbowNeos","theDuelist:HappyLover+1","theDuelist:Eva","theDuelist:ElectromagneticShield","theDuelist:HappyLover","theDuelist:AmuletAmbition+4","theDuelist:GridRod+1","theDuelist:KamionTimelord+1"],"relics":["theDuelist:MillenniumPuzzle","theDuelist:CardPoolRelic","theDuelist:CardPoolBasicRelic","theDuelist:BoosterPackPoolRelic","theDuelist:CardPoolAddRelic","theDuelist:CardPoolMinusRelic","theDuelist:CardPoolSaveRelic","theDuelist:CardPoolOptionsRelic","NeowsBlessing","theDuelist:DragonBurnRelic","Bag of Marbles","theDuelist:ElectricToken","theDuelist:GamblerChip","Frozen Egg 2","Oddly Smooth Stone","theDuelist:ElectricKey","Membership Card","Old Coin","theDuelist:DuelistOrichalcum","Art of War"],"acts_visited":["Exordium","TheCity","TheBeyond"],"potions_floor_usage":[24,28,33,37],"damage_taken":[{"damage":0,"enemies":"Cultist","floor":1,"turns":1},{"damage":0,"enemies":"2 Louse","floor":5,"turns":2},{"damage":0,"enemies":"3 Sentries","floor":7,"turns":2},{"damage":0,"enemies":"Small Slimes","floor":10,"turns":2},{"damage":0,"enemies":"2 Fungi Beasts","floor":12,"turns":2},{"damage":0,"enemies":"Gremlin Nob","floor":13,"turns":2},{"damage":0,"enemies":"Slime Boss","floor":16,"turns":5},{"damage":7,"enemies":"Shell Parasite","floor":18,"turns":3},{"damage":0,"enemies":"Chosen","floor":24,"turns":3},{"damage":0,"enemies":"Centurion and Healer","floor":28,"turns":4},{"damage":0,"enemies":"theDuelist:KaibaA2","floor":29,"turns":4},{"damage":5,"enemies":"Snake Plant","floor":30,"turns":2},{"damage":0,"enemies":"Cultist and Chosen","floor":31,"turns":5},{"damage":0,"enemies":"Collector","floor":33,"turns":9},{"damage":0,"enemies":"3 Shapes","floor":35,"turns":5},{"damage":0,"enemies":"Orb Walker","floor":37,"turns":4},{"damage":0,"enemies":"Spire Growth","floor":39,"turns":4},{"damage":0,"enemies":"3 Darklings","floor":41,"turns":5},{"damage":0,"enemies":"Transient","floor":42,"turns":5},{"damage":0,"enemies":"Maw","floor":44,"turns":7},{"damage":4,"enemies":"Nemesis","floor":46,"turns":9},{"damage":0,"enemies":"Reptomancer","floor":48,"turns":4},{"damage":50,"enemies":"Donu and Deca","floor":50,"turns":9}],"seed_played":"-2131012079588707428","potions_obtained":[{"floor":12,"key":"theDuelist:CoolBottle"},{"floor":16,"key":"theDuelist:WaterBottle"},{"floor":24,"key":"LiquidBronze"},{"floor":29,"key":"ColorlessPotion"},{"floor":33,"key":"Energy Potion"},{"floor":41,"key":"FearPotion"}],"is_trial":false,"path_per_floor":["M","?","?","$","M","R","E","R","T","M","R","M","E","$","R","B",null,"M","$","?","?","?","R","M","R","T","R","M","E","M","M","R","B",null,"M","$","M","$","M","R","M","M","T","M","R","E","R","E","R","B",null],"character_chosen":"THE_DUELIST","items_purchased":["theDuelist:DoubleTool","Membership Card"],"campfire_rested":1,"item_purchase_floors":[4,36],"current_hp_per_floor":[63,63,63,63,63,63,63,63,63,63,63,63,63,63,63,63,68,61,61,61,48,48,48,48,48,48,48,48,48,43,43,65,65,73,73,73,73,73,73,73,73,73,73,73,73,69,69,69,69,19],"gold":460,"neow_bonus":"THREE_ENEMY_KILL","is_daily":false,"chose_seed":false,"campfire_upgraded":11,"win_rate":0.0,"timestamp":1613726775,"path_taken":["M","?","?","$","M","R","E","R","T","M","R","M","E","$","R","BOSS","M","$","?","?","?","R","M","R","T","R","M","E","M","?","R","BOSS","M","$","M","$","M","R","?","M","T","M","R","E","R","E","R","BOSS"],"items_purchased_type":["Card","Relic"],"build_version":"2020-12-22","purchased_purges":3,"victory":true,"max_hp_per_floor":[70,70,70,70,70,70,70,70,70,70,70,70,70,70,70,70,70,70,70,70,75,75,75,75,75,75,75,75,75,75,75,75,75,75,75,75,75,75,75,75,75,75,75,75,75,75,75,75,75,75],"card_choices":[{"not_picked":["theDuelist:Wildfire","theDuelist:YamiForm"],"picked":"theDuelist:MillenniumShield","floor":1},{"not_picked":["theDuelist:MeteorDestruction","theDuelist:OnslaughtFireKings","theDuelist:FluteKuriboh","theDuelist:MagnumShield"],"picked":"theDuelist:RainbowNeos","floor":5},{"not_picked":["theDuelist:DoubleTool","theDuelist:SwordDeepSeated","theDuelist:SpiritHarp","theDuelist:BigFire"],"picked":"theDuelist:RainbowNeos","floor":7},{"not_picked":["theDuelist:Eva","theDuelist:RainbowNeos","theDuelist:FrontierWiseman","theDuelist:WhiteMagicalHat"],"picked":"theDuelist:HappyLover","floor":10},{"not_picked":["theDuelist:AncientGearFist","theDuelist:SwordDeepSeated","theDuelist:PotDuality","theDuelist:Wiretap"],"picked":"theDuelist:Eva","floor":12},{"not_picked":["theDuelist:MiraculousDescent","theDuelist:GravityAxe","theDuelist:WhiteHowling"],"picked":"theDuelist:ElectromagneticShield","floor":13},{"not_picked":["theDuelist:Eva","theDuelist:KamionTimelord","theDuelist:RainbowNeos","theDuelist:RainbowOverdragon"],"picked":"theDuelist:HappyLover","floor":16},{"not_picked":["theDuelist:BattleguardKing","theDuelist:Hinotama","theDuelist:LightningDarts+1","theDuelist:RainbowOverdragon","theDuelist:ForbiddenLance+1"],"picked":"SKIP","floor":18},{"not_picked":["theDuelist:RainbowNeos","theDuelist:CoreBlaster","theDuelist:Hinotama","theDuelist:SpellShatteringArrow","theDuelist:AncientGearFist"],"picked":"SKIP","floor":24},{"not_picked":["theDuelist:BattleguardKing","theDuelist:RainbowOverdragon","theDuelist:PotGreed","theDuelist:StrayLambs","theDuelist:GreenGraveOni+1"],"picked":"SKIP","floor":28},{"not_picked":["theDuelist:BattleguardKing","theDuelist:RainbowOverdragon","theDuelist:RainbowBridge","theDuelist:Terraforming","theDuelist:LightningDarts"],"picked":"SKIP","floor":29},{"not_picked":["theDuelist:RainbowNeos","theDuelist:BigFire","theDuelist:FairyBox","theDuelist:WormApocalypse","theDuelist:SpiralSpearStrike"],"picked":"SKIP","floor":30},{"not_picked":["theDuelist:GravityLash","theDuelist:PineappleBlast","theDuelist:SevenCompleted","theDuelist:Wildfire"],"picked":"theDuelist:AmuletAmbition","floor":31},{"not_picked":["theDuelist:LightningBlade","theDuelist:Raigeki","theDuelist:SevenCompleted","theDuelist:YamiForm+1"],"picked":"theDuelist:GridRod+1","floor":33},{"not_picked":["theDuelist:BattleguardKing","theDuelist:BigFire","theDuelist:LightningDarts+1","theDuelist:RainbowOverdragon+1","theDuelist:SmashingGround"],"picked":"SKIP","floor":35},{"not_picked":["theDuelist:Hinotama+2","theDuelist:Tuningware","theDuelist:WhiteMagicalHat+1","theDuelist:SpiritHarp+1","theDuelist:ImperialOrder+1"],"picked":"SKIP","floor":37},{"not_picked":["theDuelist:BigFire","theDuelist:BlueBloodedOni","theDuelist:BattleguardKing+1","theDuelist:FeatherPho","theDuelist:ShardGreed+1"],"picked":"SKIP","floor":39},{"not_picked":["theDuelist:SpellShatteringArrow","theDuelist:ScrapFactory","theDuelist:RainbowNeos","theDuelist:EgoBoost","theDuelist:CoreBlaster"],"picked":"SKIP","floor":41},{"not_picked":["theDuelist:LightningVortex","theDuelist:PreventRat","theDuelist:WhiteMagicalHat+1","theDuelist:FusionWeapon+1","theDuelist:MythicalBeast"],"picked":"SKIP","floor":42},{"not_picked":["theDuelist:ChaosSeed","theDuelist:DarkBurningAttack","theDuelist:DeltaAttacker","theDuelist:PotDuality","theDuelist:Downbeat"],"picked":"SKIP","floor":44},{"not_picked":["theDuelist:Mathematician+1","theDuelist:GridRod+1","theDuelist:LightLaser","theDuelist:SevenCompleted"],"picked":"theDuelist:KamionTimelord+1","floor":46},{"not_picked":["theDuelist:CombinationAttack","theDuelist:Hinotama","theDuelist:PowerWall","theDuelist:SwordDeepSeated","theDuelist:Wiretap"],"picked":"SKIP","floor":48}],"player_experience":2215969,"relics_obtained":[{"floor":7,"key":"theDuelist:DragonBurnRelic"},{"floor":9,"key":"Bag of Marbles"},{"floor":13,"key":"theDuelist:ElectricToken"},{"floor":26,"key":"Frozen Egg 2"},{"floor":29,"key":"Oddly Smooth Stone"},{"floor":43,"key":"Old Coin"},{"floor":46,"key":"theDuelist:DuelistOrichalcum"},{"floor":48,"key":"Art of War"}],"event_choices":[{"damage_healed":0,"gold_gain":0,"player_choice":"Leave","duelist":true,"damage_taken":0,"max_hp_gain":0,"max_hp_loss":0,"event_name":"Egyptian Village","floor":2,"gold_loss":0},{"damage_healed":0,"gold_gain":0,"player_choice":"Traded Sparks for Core Blaster","duelist":true,"damage_taken":0,"max_hp_gain":0,"max_hp_loss":0,"event_name":"Card Trader","floor":3,"gold_loss":0},{"damage_healed":0,"gold_gain":0,"player_choice":"Ignored","damage_taken":0,"max_hp_gain":0,"max_hp_loss":0,"event_name":"Ghosts","floor":20,"gold_loss":0},{"damage_healed":0,"gold_gain":0,"player_choice":"Shed Blood","damage_taken":18,"max_hp_gain":5,"max_hp_loss":0,"event_name":"Forgotten Altar","floor":21,"gold_loss":0},{"damage_healed":0,"gold_gain":0,"player_choice":"Forge","damage_taken":0,"max_hp_gain":0,"max_hp_loss":0,"event_name":"Accursed Blacksmith","floor":22,"gold_loss":0,"cards_upgraded":["theDuelist:DoubleTool"]}],"is_beta":false,"boss_relics":[{"not_picked":["Ectoplasm","HoveringKite"],"picked":"theDuelist:GamblerChip"},{"not_picked":["Coffee Dripper","Tiny House"],"picked":"theDuelist:ElectricKey"}],"items_purged_floors":[4,14,19],"is_endless":false,"potions_floor_spawned":[12,16,24,29,31,33,35,41,42,46,48],"ascension_level":14}}