{"host":"9qgbal69wq5palas","time":1613739854,"event":{"mods":["2.2 Compatiblity","Abigail Mod","AchievementEnabler","Act Like it!","Aspiration","Astrologer","Bartender","BaseMod","Better Altar","Better Note","Better Skull","Better Third Choice","Colored Powertips","Hallownest","Hermit","Highlight Path","Hubris","Infinite Spire","Jorbs\u0027s Wanderer Trilogy","Koishi","Lobotomy","Minty Spire (QoL Compilation)","Potionbrewer","Quick Restart","Random Character Button","Replay The Spire","Shade Mod","Shop Mod","Spicy Shops","StSLib","The Animator","The Bug Knight","The Cursed","The Disciple","The Exalted","The Hierophant","The Necromancer","The Servant 0.9.4","Wandering Minibosses"],"gold_per_floor":[18,30,30,41,53,53,86,86,158,158,183,183,193,227,227,304,304,322,41,41,41,41],"floor_reached":21,"language":"ENG","playtime":813,"items_purged":[],"score":394,"play_id":"a723143d-c614-48e7-8dbf-190e40a9c1dc","local_time":"20210219140414","is_ascension_mode":true,"campfire_choices":[{"data":"Demon Form","floor":6,"key":"SMITH"},{"data":"Rage","floor":8,"key":"SMITH"},{"data":"Heavy Blade","floor":10,"key":"SMITH"},{"data":"Rage","floor":15,"key":"SMITH"}],"circlet_count":0,"master_deck":["AscendersBane","Strike_R","Strike_R","Strike_R","Strike_R","Strike_R","Defend_R","Defend_R","Defend_R","Bash","Demon Form+1","Rage+1","Heavy Blade+1","Clash","Double Tap","Shrug It Off","ReplayTheSpireMod:Stacked","Rage+1","Twin Strike","Eclipse","ReplayTheSpireMod:Strike From Hell"],"relics":["Burning Blood","Bromod:ArcaneNullifier","Pantograph","Dream Catcher","Bag of Marbles","aspiration:PoetsPen_weak","potionbrewer:MortarAndPestle"],"acts_visited":["Exordium","TheCity"],"potions_floor_usage":[5,11,16],"damage_taken":[{"damage":10,"enemies":"2 Louse","floor":1,"turns":3},{"damage":8,"enemies":"Jaw Worm","floor":2,"turns":5},{"damage":7,"enemies":"Small Slimes","floor":4,"turns":5},{"damage":7,"enemies":"Red Slaver","floor":5,"turns":4},{"damage":19,"enemies":"Lagavulin","floor":7,"turns":6},{"damage":22,"enemies":"3 Sentries","floor":11,"turns":10},{"damage":0,"enemies":"Gremlin Gang","floor":13,"turns":6},{"damage":14,"enemies":"Lagavulin","floor":14,"turns":5},{"damage":37,"enemies":"Hexaghost","floor":16,"turns":8},{"damage":47,"enemies":"Spheric Guardian","floor":18,"turns":6},{"damage":12,"enemies":"Shell Parasite","floor":21,"turns":4}],"seed_played":"7310269623282614764","potions_obtained":[{"floor":2,"key":"ColorlessPotion"},{"floor":4,"key":"LiquidBronze"},{"floor":11,"key":"LiquidMemories"},{"floor":14,"key":"SpeedPotion"}],"is_trial":false,"path_per_floor":["M","M","?","M","M","R","E","R","T","R","E","?","M","E","R","B",null,"M","$","?","M"],"character_chosen":"IRONCLAD","items_purchased":["potionbrewer:MortarAndPestle"],"campfire_rested":0,"item_purchase_floors":[19],"current_hp_per_floor":[64,62,62,61,60,60,47,47,47,47,31,31,37,29,29,23,62,21,21,21,14,14],"gold":41,"neow_bonus":"THREE_RARE_CARDS","is_daily":false,"chose_seed":false,"campfire_upgraded":4,"win_rate":0.0,"timestamp":1613739854,"path_taken":["M","M","?","M","M","R","E","R","T","R","E","?","M","E","R","BOSS","M","$","?","M"],"items_purchased_type":["Relic"],"build_version":"2020-12-22","purchased_purges":0,"victory":false,"max_hp_per_floor":[75,75,75,75,75,75,75,75,75,75,75,75,75,75,75,75,75,75,75,75,75,75],"card_choices":[{"not_picked":["Limit Break","Eclipse"],"picked":"Demon Form","floor":0},{"not_picked":["Armaments","Flame Barrier"],"picked":"Rage","floor":1},{"not_picked":["Combust","Perfected Strike"],"picked":"Heavy Blade","floor":2},{"not_picked":["Thunderclap","Body Slam"],"picked":"Clash","floor":4},{"not_picked":["Body Slam","ReplayTheSpireMod:Muscle Training"],"picked":"Double Tap","floor":5},{"not_picked":["Headbutt","Abandon"],"picked":"Shrug It Off","floor":7},{"not_picked":["Burning Pact","Run Through"],"picked":"ReplayTheSpireMod:Stacked","floor":11},{"not_picked":["Power Through","Replay:Undeath\u0027s Touch"],"picked":"Rage","floor":13},{"not_picked":["Disarm","Armaments"],"picked":"Twin Strike","floor":14},{"not_picked":["Juggernaut","Impervious"],"picked":"Eclipse","floor":16},{"not_picked":["Cleave","ReplayTheSpireMod:Corrosion Curse"],"picked":"ReplayTheSpireMod:Strike From Hell","floor":18}],"player_experience":2752070,"relics_obtained":[{"floor":7,"key":"Bromod:ArcaneNullifier"},{"floor":9,"key":"Pantograph"},{"floor":11,"key":"Dream Catcher"},{"floor":14,"key":"Bag of Marbles"}],"event_choices":[{"damage_healed":0,"gold_gain":0,"player_choice":"LEAVE","damage_taken":0,"max_hp_gain":0,"max_hp_loss":0,"event_name":"betterThird:BetterScrap","floor":3,"gold_loss":0,"cards_obtained":["Study"]},{"damage_healed":0,"gold_gain":0,"player_choice":"Ignored","damage_taken":0,"max_hp_gain":0,"max_hp_loss":0,"event_name":"Ghosts","floor":20,"gold_loss":0}],"is_beta":false,"boss_relics":[{"not_picked":["Runic Dome","hubris:HollowSoul"],"picked":"aspiration:PoetsPen_weak"}],"items_purged_floors":[],"is_endless":false,"potions_floor_spawned":[2,4,11,14],"killed_by":"Shell Parasite","ascension_level":20}}