{"host":"373g0ui1bgeshz9m","time":1613760720,"event":{"mods":["Act Like it!","Aspiration","BaseMod","Beaked The Cultist","Better Third Choice","Colored Map","Conspire","Downfall","Halation","Hermit","Hubris","Infinite Spire","Minty Spire (QoL Compilation)","Pale of the Ancients","Permanent Neow","Quick Restart","Replay The Spire","Shade Mod","Shop Mod","Spikes Relics","StSLib","The Animator","The Bladedancer","The Florist","The Jungle","The Necromancer","The Sage","Trackpad"],"gold_per_floor":[114,114,130,130,8,42,42,58,58,91,101,48,76,76,76,76,76],"floor_reached":16,"language":"ENG","playtime":4974,"items_purged":[],"score":124,"play_id":"87f640ae-586c-468a-8fe9-eeedce3fb2fb","local_time":"20210219135200","is_ascension_mode":true,"campfire_choices":[{"floor":15,"key":"REST"}],"circlet_count":0,"master_deck":["Strike_G","Strike_G","Strike_G","Strike_G","Defend_G","Defend_G","Defend_G","Defend_G","Defend_G","Survivor","Neutralize","Poisoned Stab","Predator","Noxious Fumes","Blade Dance","Well Laid Plans","Footwork","Bane","Terror"],"relics":["Ring of the Snake","Dream Catcher","aspiration:HummingbirdHeart","infinitespire:WardingShard","infinitespire:CursedDice","Nunchaku","hubris:CrystalStatue"],"acts_visited":["Exordium"],"potions_floor_usage":[],"damage_taken":[{"damage":2,"enemies":"Jaw Worm","floor":1,"turns":5},{"damage":2,"enemies":"Small Slimes","floor":3,"turns":5},{"damage":12,"enemies":"Gremlin Nob","floor":6,"turns":4},{"damage":0,"enemies":"Cultist","floor":8,"turns":3},{"damage":15,"enemies":"3 Sentries","floor":10,"turns":6},{"damage":9,"enemies":"Red Slaver","floor":11,"turns":4},{"damage":12,"enemies":"Gremlin Nob","floor":13,"turns":4},{"damage":0,"enemies":"Fading Forest","floor":16,"turns":1}],"seed_played":"-6009174074915648849","potions_obtained":[{"floor":7,"key":"hexamod:SoulburnPotion"},{"floor":7,"key":"Ancient Potion"},{"floor":7,"key":"bronze:BurnAndBuffPotion"},{"floor":8,"key":"Fire Potion"}],"is_trial":false,"path_per_floor":["M","?","M","T","$","E","?","M","T","E","M","$","E","$","R","B"],"character_chosen":"THE_SILENT","items_purchased":["Noxious Fumes","Blade Dance","Bane"],"campfire_rested":1,"item_purchase_floors":[5,5,12],"current_hp_per_floor":[68,61,59,59,59,47,47,47,47,32,23,23,11,11,32,32,32],"gold":76,"neow_bonus":"RANDOM_COMMON_RELIC","is_daily":false,"chose_seed":false,"campfire_upgraded":0,"win_rate":0.0,"timestamp":1613760720,"path_taken":["M","?","M","?","$","E","?","M","T","E","?","$","E","?","R","BOSS"],"items_purchased_type":["Card","Card","Card"],"build_version":"2020-12-22","purchased_purges":0,"victory":false,"max_hp_per_floor":[70,70,70,70,70,70,70,70,70,70,70,70,70,70,70,70,70],"card_choices":[{"not_picked":["Acrobatics","Distraction"],"picked":"Poisoned Stab","floor":1},{"not_picked":["Masterful Stab","Endless Agony"],"picked":"Predator","floor":3},{"not_picked":["Poisoned Stab","Acrobatics","hubris:TrickCloak"],"picked":"SKIP","floor":6},{"not_picked":["Dagger Spray","Deflect"],"picked":"Well Laid Plans","floor":8},{"not_picked":["PiercingWail","Sucker Punch","Acrobatics"],"picked":"SKIP","floor":10},{"not_picked":["Poisoned Stab","PiercingWail"],"picked":"Footwork","floor":11},{"not_picked":["Sucker Punch","ReplayTheSpireMod:From All Sides","hubris:TrickCloak"],"picked":"SKIP","floor":13},{"not_picked":["Quick Slash","PiercingWail"],"picked":"Terror","floor":15}],"player_experience":403005,"relics_obtained":[{"floor":4,"key":"aspiration:HummingbirdHeart"},{"floor":6,"key":"infinitespire:WardingShard"},{"floor":9,"key":"infinitespire:CursedDice"},{"floor":10,"key":"Nunchaku"},{"floor":13,"key":"hubris:CrystalStatue"}],"event_choices":[{"cards_removed":["Strike_G"],"damage_healed":0,"gold_gain":0,"player_choice":"Card Removal","damage_taken":7,"max_hp_gain":0,"max_hp_loss":0,"event_name":"Golden Wing","floor":2,"gold_loss":0},{"damage_healed":0,"gold_gain":0,"player_choice":"Got Potions","damage_taken":0,"max_hp_gain":0,"max_hp_loss":0,"event_name":"Lab","floor":7,"gold_loss":0}],"is_beta":false,"boss_relics":[],"items_purged_floors":[],"is_endless":false,"potions_floor_spawned":[8,10,11,13],"killed_by":"Fading Forest","ascension_level":1}}