{"host":"0rn20prxkpuv2e47","time":1613738345,"event":{"mods":["100% Spire Juice","ATMod(阿瑾Mod)","Act Like it!","Arknights","Aspiration","BaseMod","Challenge The Spire","Downfall","Friendly Minions","Gensokyo","Hallownest","Hermit","Koishi","KomeijiMod","Marisa（F雨　魔理沙）","Minty Spire (QoL Compilation)","MostiFishMod","Quick Restart","Reimu（博丽灵梦）","Remilia（蕾米莉亚）","Robot Space Explorer","StSLib","The Administrix","The Alterego","The Animator","The Blackbeard","The Bug Knight","The Construct","The Cursed","The Jungle","The Mystic","The Runesmith","The Senshi","The Servant 0.9.4","Warlord Emblem","Wide Potions","[GremlinLeader]The Maniac","[IsaacMod]以撒尖塔","[功能]功能增强和修复MOD","noobMod","【功能Mod】聪明的最终Boss","【遗物卡牌】REMEMod"],"gold_per_floor":[115,70,87,87,87,87,101,128,151,151,146,146,146,174,174,270,0,14,30,-1385,-1371,-1371,-1371],"floor_reached":22,"language":"ZHS","playtime":1032,"items_purged":["Koishi:BasicStrike","Koishi:BasicStrike","Koishi:BasicDefend","Koishi:BasicDefend","Koishi:BasicDefend","Koishi:BasicDefend","Koishi:BasicStrike","Koishi:BasicStrike","Koishi:Provoke","Koishi:HauntingSlash+1","Clumsy","EpicFetus","Koishi:HauntingSlash+1"],"score":367,"play_id":"29f010f3-ce79-44ad-a64d-71a364c25e05","local_time":"20210219203905","is_ascension_mode":false,"campfire_choices":[{"data":"MostiFishMod:PerfectForm","floor":6,"key":"SMITH"},{"data":"Koishi:MassHysteria","floor":10,"key":"SMITH"},{"data":"Koishi:EmbersOfLove","floor":12,"key":"SMITH"},{"data":"Koishi:FleetingPhantom","floor":15,"key":"SMITH"}],"circlet_count":0,"master_deck":["Koishi:SubconsciousSweep","Deep Breath","Koishi:FreudianInstinct","Koishi:Whimsy","Koishi:MassHysteria+1","MostiFishMod:PerfectForm+1","Koishi:FleetingPhantom+1","Koishi:SubterraneanRose","Koishi:EmbersOfLove+1","Koishi:UnconsciousUprising","Koishi:SpiritedAway","REME_MagicPocketWatch","Koishi:RorschachInDanmaku","Koishi:FadingMemory","Koishi:SprinkleStarAndHeart+1","Koishi:IdleWhim","Deep Breath","Koishi:UnansweredLove","Koishi:GhostParty","Koishi:UnansweredLove"],"relics":["Koishi:ImaginaryFriend","ice","AT_ATBox","REME_ComplimentaryCards","HushsDoor","DaveBox","BirthdayGift-Tetrahedron","D6","Peace Pipe","SynthV:TestCard","WarlordEmblem:KitchenKnife","Eternal Feather","TheAbacus","WarlordEmblem:OldTorch","InkBottle","Frozen Eye","theSenshi:SailorFukuRelic","Bronze Scales","Dodecahedron","ShirouKen","Lantern","Whetstone","Ginger","HandDrill","Gensokyo:NagashiBinaDoll","AT_EbonyIvory","EctoplasmExtend","DollysMirror","Omamori","Ornamental Fan","Mercury Hourglass","Centennial Puzzle","SynthV:MejaisSoulstealer"],"acts_visited":["Gensokyo:Gensokyo","theJungle:Jungle"],"potions_floor_usage":[],"damage_taken":[{"damage":3,"enemies":"Gensokyo:2_Kodama","floor":1,"turns":2},{"damage":1,"enemies":"Gensokyo:Python","floor":3,"turns":1},{"damage":7,"enemies":"Gensokyo:Gryphon","floor":7,"turns":2},{"damage":7,"enemies":"Gensokyo:Cirno","floor":8,"turns":4},{"damage":2,"enemies":"Gensokyo:Aya","floor":14,"turns":2},{"damage":6,"enemies":"Gensokyo:Kokoro","floor":16,"turns":4},{"damage":2,"enemies":"theJungle:Flameango_and_Byrd","floor":18,"turns":2},{"damage":2,"enemies":"theJungle:MUSHROOMGANG","floor":19,"turns":2},{"damage":5,"enemies":"theJungle:SlimyTreeVines","floor":21,"turns":3}],"seed_played":"6154166730596773078","potions_obtained":[{"floor":1,"key":"AttackPotion"},{"floor":3,"key":"construct:ShiftPotion"},{"floor":7,"key":"Energy Potion"}],"is_trial":false,"path_per_floor":["M","$","M","$","?","R","M","E","T","R","$","R","?","E","R","B",null,"M","M","$","M","$"],"character_chosen":"KOISHI","items_purchased":["WarlordEmblem:KitchenKnife","Eternal Feather","TheAbacus","Deep Breath","Koishi:FreudianInstinct","Koishi:Whimsy","WarlordEmblem:OldTorch","InkBottle","Frozen Eye","MostiFishMod:PerfectForm","theSenshi:SailorFukuRelic","Bronze Scales","Dodecahedron","Koishi:FleetingPhantom","Whetstone","Ginger","HandDrill","Koishi:UnconsciousUprising","Koishi:SpiritedAway","REME_MagicPocketWatch","DollysMirror","Omamori","Ornamental Fan","Koishi:UnansweredLove","Mercury Hourglass","Centennial Puzzle","Koishi:GhostParty","SynthV:MejaisSoulstealer"],"campfire_rested":0,"item_purchase_floors":[2,2,2,2,2,2,4,4,4,4,4,4,4,4,11,11,11,11,11,11,20,20,20,20,20,20,20,20],"current_hp_per_floor":[39,39,40,40,46,52,48,41,41,47,47,53,53,53,60,56,60,60,60,60,60,60,60],"gold":-1371,"neow_bonus":"ONE_RARE_RELIC","is_daily":false,"chose_seed":false,"campfire_upgraded":4,"win_rate":0.0,"timestamp":1613738345,"path_taken":["M","$","M","$","?","R","M","E","T","R","$","R","?","E","R","BOSS","M","M","$","M","$"],"items_purchased_type":["Relic","Relic","Relic","Card","Card","Card","Relic","Relic","Relic","Card","Relic","Relic","Relic","Card","Relic","Relic","Relic","Card","Card","Card","Relic","Relic","Relic","Card","Relic","Relic","Card","Relic"],"build_version":"2020-12-22","purchased_purges":13,"victory":false,"max_hp_per_floor":[60,60,60,60,60,60,60,60,60,60,60,60,60,60,60,60,60,60,60,60,60,60,60],"card_choices":[{"not_picked":[],"picked":"EpicFetus","floor":0},{"not_picked":["Koishi:DreadfulBlow","Koishi:StingingMind"],"picked":"Koishi:SubconsciousSweep","floor":1},{"not_picked":["Koishi:PhilosophyOfTheDespised","Koishi:TremblingHands","Koishi:VengefulSpirit","Koishi:BloodcurdlingScream"],"picked":"Koishi:MassHysteria","floor":3},{"not_picked":["Koishi:GeneticsOfTheUnconscious","Koishi:RuptureMind","Koishi:FleetingPhantom","Koishi:SpiritedAway"],"picked":"Koishi:SubterraneanRose","floor":7},{"not_picked":["Koishi:EmbryosDream","Koishi:ReflexRadar","Koishi:Vanish","Koishi:PhantomBarrier"],"picked":"Koishi:EmbersOfLove","floor":8},{"not_picked":["Koishi:ReflexRadar","Koishi:PhilosophyOfTheDespised","Koishi:SilentAndRestless","Koishi:FreudianInstinct"],"picked":"Koishi:RorschachInDanmaku","floor":14},{"not_picked":["Koishi:ConfinedInnocent","Koishi:FormlessExistence","Koishi:GrowingPain","Koishi:RuptureMind"],"picked":"Koishi:FadingMemory","floor":16},{"not_picked":["Koishi:DreadfulBlow","Koishi:UnansweredLove","Koishi:StingingMind","Koishi:VengefulSpirit"],"picked":"Koishi:SprinkleStarAndHeart+1","floor":18},{"not_picked":["Koishi:HeartfeltFancy+1","Koishi:FleetingPhantom","Koishi:SubterraneanRose","Koishi:Bloodlust+1"],"picked":"Koishi:IdleWhim","floor":19},{"not_picked":["Koishi:DNAsFlaw+1","Koishi:SpiritedAway","Koishi:BloodcurdlingScream","Koishi:TraumaticStroke+1"],"picked":"Koishi:UnansweredLove","floor":21}],"player_experience":195510,"relics_obtained":[{"floor":1,"key":"SynthV:TestCard"},{"floor":8,"key":"ShirouKen"},{"floor":9,"key":"Lantern"},{"floor":14,"key":"AT_EbonyIvory"}],"event_choices":[],"is_beta":false,"boss_relics":[{"not_picked":["TimeKeys","RhineFirstAidKit"],"picked":"EctoplasmExtend"},{"not_picked":[]}],"items_purged_floors":[2,2,2,2,2,2,2,2,2,11,20,20,20],"is_endless":false,"potions_floor_spawned":[1,3,3,7,8,14,14,14,18,19,21],"ascension_level":0}}