{"host":"kh6fvhxn285ncg0o","time":1613766658,"event":{"mods":["Act Like it!","BaseMod","Colored Map","Friendly Minions","Keyboard Shortcuts","Minty Spire (QoL Compilation)","Quick Restart","Relic Stats","StSLib","SuperFastMode","UnlockEverythingMod"],"gold_per_floor":[165,176,251,251,251,251,251,251],"floor_reached":7,"language":"KOR","playtime":106,"items_purged":[],"score":78,"play_id":"0f784da6-e365-4b9e-a0e5-77aeb6051b98","local_time":"20210220053058","is_ascension_mode":true,"campfire_choices":[{"data":"Bash","floor":6,"key":"SMITH"}],"circlet_count":0,"master_deck":["AscendersBane","Strike_R","Strike_R","Strike_R","Strike_R","Strike_R","Defend_R","Defend_R+1","Defend_R","Defend_R","Bash+1","Evolve","Fire Breathing","Flame Barrier+1"],"relics":["Tiny House","Bag of Marbles"],"acts_visited":["Exordium"],"potions_floor_usage":[],"damage_taken":[{"damage":5,"enemies":"Small Slimes","floor":1,"turns":5},{"damage":27,"enemies":"Jaw Worm","floor":2,"turns":7},{"damage":0,"enemies":"Gremlin Nob","floor":7,"turns":2}],"seed_played":"-7903640347491787196","potions_obtained":[{"floor":0,"key":"Regen Potion"}],"is_trial":false,"path_per_floor":["M","M","?","?","?","R","E"],"character_chosen":"IRONCLAD","items_purchased":[],"campfire_rested":0,"item_purchase_floors":[],"current_hp_per_floor":[68,41,30,30,30,30,30,30],"gold":251,"neow_bonus":"BOSS_RELIC","is_daily":false,"chose_seed":false,"campfire_upgraded":1,"win_rate":0.0,"timestamp":1613766658,"path_taken":["M","M","?","?","?","R","E"],"items_purchased_type":[],"build_version":"2020-12-22","purchased_purges":0,"victory":false,"max_hp_per_floor":[80,80,80,80,80,80,80,80],"relic_stats":{"counters":[3,14],"obtain_stats":[{"Tiny House":0,"Bag of Marbles":5,"Burning Blood":0},{"Tiny House":0,"Bag of Marbles":2,"Burning Blood":0},{"Tiny House":0,"Bag of Marbles":12,"Burning Blood":0}]},"card_choices":[{"not_picked":["Havoc","Reckless Charge"],"picked":"Evolve","floor":0},{"not_picked":["Clothesline","Dark Embrace"],"picked":"Fire Breathing","floor":1},{"not_picked":["Headbutt","Heavy Blade"],"picked":"Flame Barrier","floor":2}],"player_experience":1476002,"relics_obtained":[],"event_choices":[{"damage_healed":0,"gold_gain":75,"player_choice":"Gather Gold","damage_taken":11,"max_hp_gain":0,"max_hp_loss":0,"event_name":"World of Goop","floor":3,"gold_loss":0},{"damage_healed":0,"gold_gain":0,"player_choice":"Grow","damage_taken":0,"max_hp_gain":0,"max_hp_loss":0,"event_name":"Living Wall","floor":4,"gold_loss":0,"cards_upgraded":["Flame Barrier"]},{"damage_healed":0,"gold_gain":0,"player_choice":"Gave Potion","damage_taken":0,"relics_obtained":["Bag of Marbles"],"max_hp_gain":0,"max_hp_loss":0,"event_name":"WeMeetAgain","floor":5,"gold_loss":0}],"is_beta":false,"boss_relics":[],"items_purged_floors":[],"is_endless":false,"potions_floor_spawned":[],"killed_by":"Gremlin Nob","ascension_level":20}}