{"host":"pheno","time":1613756886,"event":{"mods":["BaseMod","Minty Spire (QoL Compilation)","StSLib","The Marked"],"gold_per_floor":[114,114,133,152,167,167,467,501,501,517,517,575,575,47,47,163,163,181,214,230,240,273,306,306,351,351,351,368,368,493,20,20,118,118,157,237,282,38,313,345,345,399,479,99,99,119,139,156,156,181,181,181,27,54,54],"floor_reached":56,"language":"ZHS","playtime":3656,"items_purged":["Regret"],"score":1354,"play_id":"f107ab0d-089f-4e82-9d8a-b6b6fe83dfed","local_time":"20210220014806","is_ascension_mode":false,"campfire_choices":[{"data":"theMarked:SoldierOfQuellstein","floor":6.0,"key":"SMITH"},{"data":"theMarked:EnhanceMovement","floor":11.0,"key":"SMITH"},{"data":"theMarked:Maelstrom","floor":13.0,"key":"SMITH"},{"floor":15.0,"key":"RECALL"},{"data":"HandOfGreed","floor":24.0,"key":"SMITH"},{"data":"theMarked:Panic","floor":27.0,"key":"SMITH"},{"floor":32.0,"key":"REST"},{"data":"theMarked:ThrowWeapon","floor":41.0,"key":"SMITH"},{"data":"theMarked:TwofoldDefense","floor":45.0,"key":"SMITH"},{"data":"theMarked:KeepCalmAndFight","floor":49.0,"key":"SMITH"},{"data":"theMarked:BanishingWave","floor":52.0,"key":"SMITH"}],"circlet_count":0,"master_deck":["theMarked:Strike","theMarked:Strike","theMarked:Strike","theMarked:Strike","theMarked:Defend","theMarked:Defend","theMarked:Defend","theMarked:Defend","theMarked:SoldierOfQuellstein+1","theMarked:Parkour","theMarked:EnhanceMovement+1","theMarked:SwordAndMagic","theMarked:Maelstrom+1","theMarked:Pokerface","theMarked:TwofoldDefense","theMarked:Overcharge","HandOfGreed+1","theMarked:ComboAttacks+1","theMarked:FavorableWinds","theMarked:BanishingWave+1","theMarked:WastefulAttack+1","theMarked:Panic+1","theMarked:Aftermath+1","theMarked:Opportunist+1","theMarked:ChainLightning","theMarked:TwofoldDefense+1","theMarked:TurnInvisible","theMarked:Convert+1","Mayhem+1","theMarked:ParalyzingBlade+1","theMarked:BiggerThanFate+1","theMarked:Convert+1","theMarked:ElectricStrings+1","theMarked:WardOff+1","theMarked:RogueSparks+1","Master of Strategy+1","theMarked:ThrowWeapon+1","theMarked:Aftermath+1","Apotheosis+1","Finesse+1","theMarked:RepellingDischarge+1","theMarked:Panic+1","theMarked:KeepCalmAndFight+1","theMarked:Aftermath+1","theMarked:ChannelForce+1"],"relics":["theMarked:ArtifactOfAir","Old Coin","Frozen Egg 2","Kunai","FossilizedHelix","Mango","theMarked:SpiritSword","Bottled Tornado","Darkstone Periapt","Bird Faced Urn","Toxic Egg 2","Pear","Sozu","theMarked:SecretDocuments","Unceasing Top","Bag of Preparation","Eternal Feather","Strange Spoon","Mercury Hourglass"],"acts_visited":["Exordium","TheCity","TheBeyond","TheEnding"],"potions_floor_usage":[55,55],"damage_taken":[{"damage":3.0,"enemies":"Jaw Worm","floor":1.0,"turns":3.0},{"damage":0.0,"enemies":"Cultist","floor":3.0,"turns":3.0},{"damage":0.0,"enemies":"2 Louse","floor":4.0,"turns":2.0},{"damage":3.0,"enemies":"2 Fungi Beasts","floor":5.0,"turns":4.0},{"damage":26.0,"enemies":"Lagavulin","floor":8.0,"turns":6.0},{"damage":0.0,"enemies":"Large Slime","floor":10.0,"turns":2.0},{"damage":4.0,"enemies":"3 Sentries","floor":12.0,"turns":7.0},{"damage":49.0,"enemies":"Hexaghost","floor":16.0,"turns":9.0},{"damage":0.0,"enemies":"Spheric Guardian","floor":18.0,"turns":3.0},{"damage":5.0,"enemies":"2 Thieves","floor":19.0,"turns":4.0},{"damage":27.0,"enemies":"Shelled Parasite and Fungi","floor":20.0,"turns":5.0},{"damage":0.0,"enemies":"Snecko","floor":21.0,"turns":5.0},{"damage":0.0,"enemies":"Chosen and Byrds","floor":22.0,"turns":6.0},{"damage":0.0,"enemies":"Gremlin Leader","floor":23.0,"turns":4.0},{"damage":6.0,"enemies":"Snake Plant","floor":25.0,"turns":4.0},{"damage":0.0,"enemies":"Snecko","floor":28.0,"turns":5.0},{"damage":8.0,"enemies":"Colosseum Slavers","floor":30.0,"turns":4.0},{"damage":0.0,"enemies":"Colosseum Nobs","floor":30.0,"turns":5.0},{"damage":0.0,"enemies":"Champ","floor":33.0,"turns":12.0},{"damage":4.0,"enemies":"3 Darklings","floor":35.0,"turns":4.0},{"damage":42.0,"enemies":"2 Orb Walkers","floor":36.0,"turns":5.0},{"damage":0.0,"enemies":"Orb Walker","floor":37.0,"turns":2.0},{"damage":20.0,"enemies":"Reptomancer","floor":40.0,"turns":7.0},{"damage":0.0,"enemies":"Giant Head","floor":42.0,"turns":6.0},{"damage":0.0,"enemies":"Transient","floor":46.0,"turns":5.0},{"damage":0.0,"enemies":"Maw","floor":47.0,"turns":5.0},{"damage":11.0,"enemies":"3 Darklings","floor":48.0,"turns":6.0},{"damage":13.0,"enemies":"Donu and Deca","floor":50.0,"turns":7.0},{"damage":52.0,"enemies":"Shield and Spear","floor":54.0,"turns":6.0},{"damage":66,"enemies":"The Heart","floor":55,"turns":11}],"seed_played":"5938767323556929840","potions_obtained":[{"floor":1.0,"key":"DistilledChaos"},{"floor":4.0,"key":"Regen Potion"},{"floor":5.0,"key":"Energy Potion"},{"floor":18.0,"key":"PowerPotion"},{"floor":21.0,"key":"SneckoOil"},{"floor":30.0,"key":"ColorlessPotion"}],"is_trial":false,"path_per_floor":["M","?","M","M","M","R","?","E","T","M","R","?","R","$","R","B",null,"M","M","M","M","M","E","R","M","T","R","M","?","?","$","R","B",null,"M","?","M","$","?","E","R","E","T","$","R","M","M","M","R","B",null,"R","$","E","B",null],"character_chosen":"THE_DEFAULT","items_purchased":["HandOfGreed","Mango","theMarked:ComboAttacks+1","Pear","Mayhem+1","theMarked:ParalyzingBlade+1","theMarked:RogueSparks+1","Master of Strategy+1","Apotheosis+1","Finesse+1","theMarked:RepellingDischarge+1","Strange Spoon"],"campfire_rested":1,"item_purchase_floors":[14,14,14,31,31,31,38,38,44,44,44,53],"current_hp_per_floor":[76,76,76,76,73,73,61,35,35,35,35,46,46,60,60,11,93,93,88,61,61,61,61,61,55,55,55,55,55,47,57,87,93,103,99,63,69,69,75,61,61,67,67,67,91,97,103,98,109,98,109,109,109,61,3],"gold":54,"neow_bonus":"TEN_PERCENT_HP_BONUS","is_daily":false,"chose_seed":false,"campfire_upgraded":9,"win_rate":0.0,"timestamp":1613756886,"path_taken":["M","?","?","M","M","R","?","E","T","M","R","?","R","$","R","BOSS","M","M","M","M","M","E","R","M","T","R","M","?","?","?","R","BOSS","M","?","M","$","?","E","R","E","T","$","R","?","M","M","R","BOSS","R","$","E","BOSS"],"items_purchased_type":["Card","Relic","Card","Relic","Card","Card","Card","Card","Card","Card","Card","Relic"],"build_version":"2020-12-18","purchased_purges":1,"victory":true,"max_hp_per_floor":[79,79,79,79,79,79,79,79,79,79,79,79,79,93,93,93,93,93,93,93,93,93,93,93,93,93,93,93,93,93,103,103,103,103,103,103,103,103,109,109,109,109,109,109,109,109,109,109,109,109,109,109,109,109,109],"card_choices":[{"not_picked":["theMarked:Heritage","theMarked:EmpowerWeapon"],"picked":"theMarked:Parkour","floor":1.0},{"not_picked":["theMarked:Parkour","theMarked:ShockingTouch"],"picked":"theMarked:EnhanceMovement","floor":3.0},{"not_picked":["theMarked:HeightenedSenses","theMarked:Parkour"],"picked":"theMarked:SwordAndMagic","floor":4.0},{"not_picked":["theMarked:Memento","theMarked:Reabsorb"],"picked":"theMarked:Maelstrom","floor":5.0},{"not_picked":["theMarked:Memento","theMarked:Frustration"],"picked":"theMarked:Pokerface","floor":8.0},{"not_picked":["theMarked:MysticalArsenal+1","theMarked:Heritage+1"],"picked":"theMarked:TwofoldDefense","floor":10.0},{"not_picked":["theMarked:ResourceFulStrike","theMarked:EmpowerWeapon"],"picked":"theMarked:Overcharge","floor":12.0},{"not_picked":["theMarked:Vacuum","theMarked:MagusForm+1"],"picked":"theMarked:FavorableWinds","floor":16.0},{"not_picked":["theMarked:Memento","theMarked:Frustration"],"picked":"theMarked:BanishingWave","floor":18.0},{"not_picked":["theMarked:Pokerface+1","theMarked:WardOff"],"picked":"theMarked:WastefulAttack+1","floor":19.0},{"not_picked":["theMarked:ComboAttacks+1","theMarked:Frustration"],"picked":"theMarked:Panic","floor":20.0},{"not_picked":["theMarked:Parkour","theMarked:ComboAttacks+1"],"picked":"theMarked:Aftermath+1","floor":21.0},{"not_picked":["theMarked:Heritage+1","theMarked:Frustration"],"picked":"theMarked:Opportunist+1","floor":22.0},{"not_picked":["theMarked:ElectricStrings","theMarked:EnhanceMovement"],"picked":"theMarked:ChainLightning","floor":23.0},{"not_picked":["theMarked:BanishingStrike","theMarked:ResourceFulStrike"],"picked":"theMarked:TwofoldDefense","floor":25.0},{"not_picked":["theMarked:StartUp","theMarked:LightningStrikesTwice+1"],"picked":"theMarked:TurnInvisible","floor":28.0},{"not_picked":["theMarked:Electrify+1","theMarked:KeepCalmAndFight"],"picked":"theMarked:Convert+1","floor":30.0},{"not_picked":["theMarked:DispelDoubt","theMarked:MagusForm+1"],"picked":"theMarked:BiggerThanFate+1","floor":33.0},{"not_picked":["theMarked:SwordAndMagic","theMarked:TwofoldDefense+1"],"picked":"theMarked:Convert+1","floor":35.0},{"not_picked":["theMarked:Frustration","theMarked:TunnelVision+1"],"picked":"theMarked:ElectricStrings+1","floor":36.0},{"not_picked":["theMarked:WastefulAttack+1","theMarked:ChainLightning"],"picked":"theMarked:WardOff+1","floor":37.0},{"not_picked":["theMarked:Parkour","theMarked:ChainLightning"],"picked":"theMarked:ThrowWeapon","floor":40.0},{"not_picked":["theMarked:GodGivenPower+1","theMarked:ComboAttacks+1"],"picked":"theMarked:Aftermath+1","floor":42.0},{"not_picked":["theMarked:ResourceFulStrike","theMarked:ChainLightning+1"],"picked":"theMarked:Panic+1","floor":46.0},{"not_picked":["theMarked:Determination+1","theMarked:PowerFlow+1"],"picked":"theMarked:KeepCalmAndFight","floor":47.0},{"not_picked":["theMarked:ChainLightning","theMarked:ElectricStrings"],"picked":"theMarked:Aftermath+1","floor":48.0},{"not_picked":["theMarked:TunnelVision+1","theMarked:Aftermath+1"],"picked":"theMarked:ChannelForce+1","floor":54.0}],"player_experience":710591,"relics_obtained":[{"floor":8.0,"key":"Frozen Egg 2"},{"floor":9.0,"key":"Kunai"},{"floor":12.0,"key":"FossilizedHelix"},{"floor":23.0,"key":"Bottled Tornado"},{"floor":30.0,"key":"Bird Faced Urn"},{"floor":30.0,"key":"Toxic Egg 2"},{"floor":36.0,"key":"theMarked:SecretDocuments"},{"floor":40.0,"key":"Unceasing Top"},{"floor":42.0,"key":"Bag of Preparation"},{"floor":43.0,"key":"Eternal Feather"},{"floor":54.0,"key":"Mercury Hourglass"}],"event_choices":[{"cards_removed":["theMarked:Strike"],"damage_healed":0.0,"max_hp_gain":0.0,"max_hp_loss":0.0,"gold_gain":0.0,"event_name":"Purifier","player_choice":"Purged","floor":2.0,"gold_loss":0.0,"damage_taken":0.0},{"damage_healed":0.0,"max_hp_gain":0.0,"max_hp_loss":0.0,"gold_gain":0.0,"event_name":"Scrap Ooze","player_choice":"Success","floor":7.0,"gold_loss":0.0,"damage_taken":12.0,"relics_obtained":["Old Coin"]},{"damage_healed":0.0,"max_hp_gain":0.0,"max_hp_loss":0.0,"gold_gain":0.0,"event_name":"Dead Adventurer","player_choice":"Searched \u00272\u0027 times","floor":12.0,"gold_loss":0.0,"damage_taken":0.0},{"damage_healed":0.0,"max_hp_gain":0.0,"max_hp_loss":0.0,"gold_gain":0.0,"event_name":"The Mausoleum","player_choice":"Opened","floor":29.0,"gold_loss":0.0,"damage_taken":0.0,"relics_obtained":["Darkstone Periapt"]},{"damage_healed":0.0,"max_hp_gain":0.0,"max_hp_loss":0.0,"gold_gain":0.0,"event_name":"Colosseum","player_choice":"Fight","floor":30.0,"gold_loss":0.0,"damage_taken":0.0},{"damage_healed":0.0,"max_hp_gain":0.0,"max_hp_loss":0.0,"gold_gain":0.0,"event_name":"Colosseum","player_choice":"Fought Nobs","floor":30.0,"gold_loss":0.0,"damage_taken":0.0},{"damage_healed":0.0,"max_hp_gain":0.0,"max_hp_loss":0.0,"gold_gain":0.0,"event_name":"Mysterious Sphere","player_choice":"Fight","floor":36.0,"gold_loss":0.0,"damage_taken":0.0},{"damage_healed":0.0,"max_hp_gain":0.0,"max_hp_loss":0.0,"gold_gain":275.0,"event_name":"Golden Shrine","player_choice":"Desecrate","floor":39.0,"gold_loss":0.0,"damage_taken":0.0,"cards_obtained":["Regret"]}],"is_beta":true,"boss_relics":[{"not_picked":["Runic Dome","theMarked:Eyepatch"],"picked":"theMarked:SpiritSword"},{"not_picked":["Tiny House","Philosopher\u0027s Stone"],"picked":"Sozu"}],"items_purged_floors":[44],"is_endless":false,"potions_floor_spawned":[1,4,5,18,21,30,37,40,46,48],"ascension_level":0}}