{"host":"dscols65uipasqd2","time":1613719695,"event":{"mods":["2.2 Compatiblity","AchievementEnabler","Aspiration","BaseMod","Colored Powertips","Downfall","Energized Spire","GifTheSpireLib","Hermit","Hubris","Infinite Spire","Jorbs\u0027s Wanderer Trilogy","Minty Spire (QoL Compilation)","Rare Cards Sparkle","Relic Stats","Replay The Spire","Robot Space Explorer","Shade Mod","StSLib","Stuff the Spire","The Blue Laboratory","The Cursed","The Disciple","The Forsaken","The Hierophant","The Judge","The Jungle","The Mystic","The Runesmith","TheFirefly","Wandering Minibosses"],"gold_per_floor":[99,118,118,118,131,131,179,193,218,273,73,58,58,81,93,188,188,88,79,79,119,119,119,119],"floor_reached":22,"language":"ENG","playtime":826,"items_purged":[],"score":246,"play_id":"1af33b13-d59d-42a5-b9ab-f992a5868260","local_time":"20210219022815","is_ascension_mode":true,"campfire_choices":[{"floor":1,"key":"RECALL"},{"floor":11,"key":"REST"},{"floor":13,"key":"REST"},{"floor":18,"key":"DIG"}],"circlet_count":0,"master_deck":["sneckomod:Strike","sneckomod:Strike","sneckomod:Strike","sneckomod:Defend","sneckomod:Defend","sneckomod:Defend","sneckomod:TailWhip","sneckomod:SnekBite","sneckomod:Unknown","sneckomod:Unknown","sneckomod:Nope","sneckomod:UnknownRareAttack","sneckomod:UnknownColorless","sneckomod:UnknownClassSLIMEBOUND","sneckomod:UnknownUncommonSkill","sneckomod:UnknownClassRUNESMITH_BEIGE","sneckomod:DiceBoulder","sneckomod:UnknownRareSkill","sneckomod:ImprovisedAttack+1","sneckomod:SnekBeam+1"],"relics":["sneckomod:SneckoSoul","theForsaken:Gavel","Happy Flower","hubris:SlimyHat","Simple Rune","downfall:HeartBlessingRed","downfall:HeartBlessingBlue","Odd Mushroom","downfall:HeartBlessingGreen","Replay:Mystery Machine","hubris:Towel"],"acts_visited":["Exordium","TheCity"],"potions_floor_usage":[5,9,9,9,19],"damage_taken":[{"damage":1,"enemies":"2 Louse","floor":2,"turns":2},{"damage":0,"enemies":"Small Slimes","floor":5,"turns":2},{"damage":0,"enemies":"Cultist","floor":8,"turns":3},{"damage":43,"enemies":"3 Sentries","floor":9,"turns":8},{"damage":5,"enemies":"downfall:FleeingMerchant","floor":12,"turns":4},{"damage":16,"enemies":"The Mushroom Lair","floor":14,"turns":4},{"damage":30,"enemies":"Exordium Thugs","floor":15,"turns":5},{"damage":12,"enemies":"WA_ARCHETYPE_RETAIN","floor":16,"turns":5},{"damage":27,"enemies":"downfall:LooterAlt2","floor":19,"turns":2},{"damage":53,"enemies":"3 Byrds","floor":21,"turns":7},{"damage":12,"enemies":"3 Cultists","floor":22,"turns":2}],"seed_played":"-5665032460387037145","potions_obtained":[{"floor":0,"key":"BlessingOfTheForge"},{"floor":0,"key":"blueLaboratory:EmptyBottle"},{"floor":0,"key":"blueLaboratory:BottleOfRum"},{"floor":2,"key":"blueLaboratory:Moonshine"},{"floor":8,"key":"blueLaboratory:BottleOfVodka"},{"floor":16,"key":"blueLaboratory:BubblePotion"},{"floor":21,"key":"blueLaboratory:BubblePotion"}],"is_trial":false,"path_per_floor":["R","M","?","?","M","?","T","M","E","T","R","$","R","?","M","B",null,"R","M","?","M","M"],"character_chosen":"THE_SNECKO","items_purchased":[],"campfire_rested":2,"item_purchase_floors":[],"current_hp_per_floor":[81,80,77,77,77,86,86,86,43,43,83,78,100,84,54,42,86,86,59,59,6,0,0,0],"gold":119,"neow_bonus":"THREE_SMALL_POTIONS","is_daily":false,"chose_seed":false,"campfire_upgraded":0,"win_rate":0.0,"timestamp":1613719695,"path_taken":["R","M","?","?","M","?","T","?","E","?","R","?","R","?","M","BOSS","R","M","?","M","M"],"items_purchased_type":[],"build_version":"2020-12-22","purchased_purges":0,"victory":false,"max_hp_per_floor":[90,90,90,90,90,90,90,90,90,90,100,100,100,100,100,100,100,100,100,100,100,100,100,100],"relic_stats":{"Happy Flower":[14],"counters":[11,44],"obtain_stats":[{"Happy Flower":4,"downfall:HeartBlessingRed":11,"downfall:HeartBlessingBlue":11,"Simple Rune":10,"downfall:HeartBlessingGreen":18,"hubris:SlimyHat":9,"Odd Mushroom":14,"Replay:Mystery Machine":18,"hubris:Towel":20,"sneckomod:SneckoSoul":0,"theForsaken:Gavel":3},{"Happy Flower":1,"downfall:HeartBlessingRed":4,"downfall:HeartBlessingBlue":4,"Simple Rune":4,"downfall:HeartBlessingGreen":8,"hubris:SlimyHat":4,"Odd Mushroom":6,"Replay:Mystery Machine":8,"hubris:Towel":9,"sneckomod:SneckoSoul":0,"theForsaken:Gavel":1},{"Happy Flower":2,"downfall:HeartBlessingRed":15,"downfall:HeartBlessingBlue":15,"Simple Rune":15,"downfall:HeartBlessingGreen":33,"hubris:SlimyHat":15,"Odd Mushroom":23,"Replay:Mystery Machine":33,"hubris:Towel":35,"sneckomod:SneckoSoul":0,"theForsaken:Gavel":2}]},"card_choices":[{"not_picked":["sneckomod:WideSting","sneckomod:CheapStock"],"picked":"sneckomod:Nope","floor":2},{"not_picked":["sneckomod:SlitherStrike","sneckomod:DiceBoulder"],"picked":"sneckomod:UnknownRareAttack","floor":5},{"not_picked":["sneckomod:UnknownClassINFINITE_BLACK","sneckomod:DiceBoulder"],"picked":"sneckomod:UnknownColorless","floor":8},{"not_picked":["sneckomod:Unknown2Cost","sneckomod:Rotation"],"picked":"sneckomod:UnknownClassSLIMEBOUND","floor":9},{"not_picked":["sneckomod:Nope","sneckomod:UnknownClassFIREFLY_COLOR"],"picked":"sneckomod:UnknownUncommonSkill","floor":12},{"not_picked":["sneckomod:TrashToTreasure","sneckomod:UnknownClassFORSAKEN_GOLD_COLOR"],"picked":"sneckomod:UnknownClassRUNESMITH_BEIGE","floor":14},{"not_picked":["sneckomod:UnknownClassBLESSING","sneckomod:UnknownClassCHRONO_GOLD"],"picked":"sneckomod:DiceBoulder","floor":15},{"not_picked":["sneckomod:Mudshield","sneckomod:Unknown3Cost"],"picked":"sneckomod:UnknownRareSkill","floor":16},{"not_picked":["sneckomod:QuickMove+1","sneckomod:DiceCrush"],"picked":"sneckomod:ImprovisedAttack+1","floor":19},{"not_picked":["sneckomod:Unknown2Cost","sneckomod:RainOfDice"],"picked":"sneckomod:SnekBeam+1","floor":21}],"player_experience":649586,"relics_obtained":[{"floor":4,"key":"Happy Flower"},{"floor":9,"key":"hubris:SlimyHat"},{"floor":10,"key":"Simple Rune"},{"floor":14,"key":"Odd Mushroom"},{"floor":18,"key":"Replay:Mystery Machine"}],"event_choices":[{"damage_healed":0,"gold_gain":0,"player_choice":"Success","damage_taken":3,"relics_obtained":["theForsaken:Gavel"],"max_hp_gain":0,"max_hp_loss":0,"event_name":"Scrap Ooze","floor":3,"gold_loss":0},{"damage_healed":0,"gold_gain":0,"player_choice":"Fought Mushrooms","damage_taken":0,"max_hp_gain":0,"max_hp_loss":0,"event_name":"Mushrooms","floor":14,"gold_loss":0}],"is_beta":false,"boss_relics":[{"not_picked":["Painkiller Herb","Replay:Bronze Core","Runesmith:UraniumAnvil"]}],"items_purged_floors":[],"is_endless":false,"potions_floor_spawned":[2,8,16,21],"killed_by":"3 Cultists","ascension_level":7}}