{"host":"rw1trt79hfpl7pom","time":1613731111,"event":{"mods":["BaseMod","Bestiary","Colored Map","Jorbs\u0027s Wanderer Trilogy","Minty Spire (QoL Compilation)","Relic Stats","StSLib","SuperFastMode"],"gold_per_floor":[114,189,203,203,219,219,219],"floor_reached":6,"language":"ENG","playtime":408,"items_purged":[],"score":72,"play_id":"b27c8584-39a2-4953-9422-f1a762a6934f","local_time":"20210219023831","is_ascension_mode":true,"campfire_choices":[],"circlet_count":0,"master_deck":["AscendersBane","Strike_P","Strike_P","Strike_P","Strike_P","Defend_P","Defend_P","Defend_P","Eruption","Vigilance","CurseOfTheBell","TalkToTheHand","Crescendo","CrushJoints"],"relics":["Calling Bell","Oddly Smooth Stone","Mummified Hand","Gambling Chip"],"acts_visited":["Exordium"],"potions_floor_usage":[6],"damage_taken":[{"damage":13.0,"enemies":"Jaw Worm","floor":1.0,"turns":7.0},{"damage":4.0,"enemies":"Small Slimes","floor":3.0,"turns":5.0},{"damage":0.0,"enemies":"2 Louse","floor":5.0,"turns":4.0},{"damage":43,"enemies":"3 Sentries","floor":6,"turns":6}],"seed_played":"3186776678935374209","potions_obtained":[{"floor":1.0,"key":"FearPotion"}],"is_trial":false,"path_per_floor":["M","?","M","?","M","E"],"character_chosen":"WATCHER","items_purchased":[],"campfire_rested":0,"item_purchase_floors":[],"current_hp_per_floor":[48,37,33,26,26,0,0],"gold":219,"neow_bonus":"BOSS_RELIC","is_daily":false,"chose_seed":false,"campfire_upgraded":0,"win_rate":0.0,"timestamp":1613731111,"path_taken":["M","?","M","?","M","E"],"items_purchased_type":[],"build_version":"2020-12-22","purchased_purges":0,"victory":false,"max_hp_per_floor":[68,68,68,68,68,68,68],"relic_stats":{"counters":[4,22],"Mummified Hand":[0],"Gambling Chip":[15],"obtain_stats":[{"Calling Bell":0,"Mummified Hand":0,"Gambling Chip":0,"Oddly Smooth Stone":0,"PureWater":0},{"Calling Bell":0,"Mummified Hand":0,"Gambling Chip":0,"Oddly Smooth Stone":0,"PureWater":0},{"Calling Bell":0,"Mummified Hand":0,"Gambling Chip":0,"Oddly Smooth Stone":0,"PureWater":0}]},"card_choices":[{"not_picked":["ThirdEye","ClearTheMind"],"picked":"TalkToTheHand","floor":1.0},{"not_picked":["FollowUp","Prostrate"],"picked":"Crescendo","floor":3.0},{"not_picked":["SashWhip","Sanctity"],"picked":"CrushJoints","floor":5.0}],"player_experience":2800940,"relics_obtained":[{"floor":0.0,"key":"Oddly Smooth Stone"},{"floor":0.0,"key":"Mummified Hand"},{"floor":0.0,"key":"Gambling Chip"}],"event_choices":[{"damage_healed":0.0,"max_hp_gain":0.0,"max_hp_loss":0.0,"gold_gain":75.0,"event_name":"World of Goop","player_choice":"Gather Gold","floor":2.0,"gold_loss":0.0,"damage_taken":11.0},{"cards_removed":["Defend_P"],"damage_healed":0.0,"max_hp_gain":0.0,"max_hp_loss":0.0,"gold_gain":0.0,"event_name":"Golden Wing","player_choice":"Card Removal","floor":4.0,"gold_loss":0.0,"damage_taken":7.0}],"is_beta":false,"boss_relics":[],"items_purged_floors":[],"is_endless":false,"potions_floor_spawned":[1],"killed_by":"3 Sentries","ascension_level":20}}