{"host":"onfdonezo2qmaex3","time":1613725414,"event":{"mods":["2.2 Compatiblity","AchievementEnabler","Act Like it!","Aspiration","BaseMod","Colored Powertips","Downfall","Friendly Minions","Gensokyo","Hallownest","Hermit","Highlight Path","Jorbs\u0027s Wanderer Trilogy","Marisa????????","Marked Mod","Minty Spire (QoL Compilation)","Quick Restart","Reliquary","Shop Mod","StSLib","The Disciple","The Hayseed","The Hierophant","The Marked","The Runesmith"],"gold_per_floor":[99,114,129,129,32,32,57,57,72,72,72,57,57,272,287,387,387,387,402,402,402,41,26,26,26,26,67,67,82,82,82,82,82],"floor_reached":32,"language":"ENG","playtime":2710,"items_purged":["downfall:Bewildered","expansioncontent:PrepareCrush"],"score":224,"play_id":"1f2fdb1c-1198-4f71-90e6-9b6031b1784e","local_time":"20210219100334","daily_mods":["SealedDeck","Flight","Lethality"],"is_ascension_mode":false,"campfire_choices":[{"data":"hermit:Virtue","floor":1,"key":"SMITH"},{"data":"hermit:Virtue","floor":8,"key":"SMITH"},{"data":"hermit:Gestalt","floor":10,"key":"SMITH"},{"data":"hermit:OverwhelmingPower","floor":18,"key":"SMITH"},{"data":"Magnetism","floor":26,"key":"SMITH"},{"data":"expansioncontent:QuickStudy","floor":28,"key":"SMITH"},{"data":"hermit:Gestalt","floor":30,"key":"SMITH"}],"circlet_count":0,"master_deck":["hermit:PistolWhip","hermit:LowProfile","hermit:Virtue+1","hermit:LowProfile","hermit:Gestalt+1","hermit:Virtue+1","hermit:LowProfile","hermit:Determination+1","Endless Agony","hermit:PistolWhip","hermit:OverwhelmingPower+1","hermit:NoHoldsBarred+1","hermit:Roughhouse+1","Magnetism+1","hermit:FlashPowder+1","hermit:TakeCover","hermit:Desperado","expansioncontent:QuickStudy+1","hermit:Gestalt+1","Slimebound:CheckThePlaybook"],"relics":["hermit:Momento","reliquary:Aerogel","Pear","Gensokyo:OccultBall","Astrolabe","Gensokyo:Companionship","sneckomod:BabySnecko","Blood Vial"],"acts_visited":["Gensokyo:Gensokyo","TheCity"],"potions_floor_usage":[22,23,27],"damage_taken":[{"damage":2,"enemies":"Gensokyo:Gryphon","floor":2,"turns":3},{"damage":5,"enemies":"Gensokyo:2_Kodama","floor":3,"turns":5},{"damage":5,"enemies":"Gensokyo:3_Fairies","floor":9,"turns":8},{"damage":7,"enemies":"downfall:FleeingMerchant","floor":12,"turns":4},{"damage":16,"enemies":"Gensokyo:Gryphon_and_Rabbit","floor":14,"turns":4},{"damage":0,"enemies":"Gensokyo:LivingMonolith","floor":15,"turns":3},{"damage":29,"enemies":"WA_ARCHETYPE_RETAIN","floor":16,"turns":8},{"damage":4,"enemies":"Spheric Guardian","floor":19,"turns":5},{"damage":0,"enemies":"downfall:FleeingMerchant","floor":22,"turns":4},{"damage":8,"enemies":"downfall:FleeingMerchant","floor":23,"turns":4},{"damage":29,"enemies":"downfall:FleeingMerchant","floor":27,"turns":3},{"damage":1,"enemies":"Chosen","floor":29,"turns":3},{"damage":21,"enemies":"Snake Plant","floor":32,"turns":3}],"seed_played":"778547550210687013","potions_obtained":[{"floor":2,"key":"FearPotion"},{"floor":14,"key":"Fire Potion"},{"floor":15,"key":"hermit:Tonic"},{"floor":16,"key":"hermit:BlackBile"},{"floor":29,"key":"Swift Potion"}],"is_trial":false,"path_per_floor":["R","M","M","?","COS","?","T","R","M","R","?","$","?","M","M","B",null,"R","M","?","?","$","$","T","?","R","$","R","M","R","?","M"],"character_chosen":"HERMIT","items_purchased":["expansioncontent:PrepareCrush","Magnetism","hermit:Desperado","expansioncontent:QuickStudy"],"campfire_rested":0,"item_purchase_floors":[22,22,27,27],"current_hp_per_floor":[75,73,68,68,68,68,68,68,63,63,58,51,51,35,35,6,85,85,81,81,81,81,73,73,73,73,46,46,47,47,18,0,0],"gold":82,"neow_bonus":"","is_daily":true,"chose_seed":false,"campfire_upgraded":7,"win_rate":0.0,"timestamp":1613725414,"path_taken":["R","M","M","?","COS","?","T","R","?","R","?","?","?","?","M","BOSS","R","M","?","?","$","$","T","?","R","$","R","?","R","?","M"],"items_purchased_type":["Card","Card","Card","Card"],"build_version":"2020-12-22","purchased_purges":2,"victory":false,"max_hp_per_floor":[75,75,75,75,75,75,75,75,75,75,85,85,85,85,85,85,85,85,85,85,85,85,85,85,85,85,85,85,85,85,85,85,85],"card_choices":[{"not_picked":["hermit:Malice","hermit:Maintenance"],"picked":"hermit:LowProfile","floor":2},{"not_picked":["hermit:BigShot","hermit:Virtue"],"picked":"hermit:Determination","floor":3},{"not_picked":["hermit:EyeOfTheStorm","hermit:Coalescence"],"picked":"hermit:PistolWhip","floor":9},{"not_picked":["hermit:SprayPray","hermit:Dive"],"picked":"hermit:Spite","floor":12},{"not_picked":["hermit:BodyArmor","hermit:Brawl","hermit:ItchyTrigger"],"picked":"SKIP","floor":14},{"not_picked":["hermit:Vantage","hermit:Misfire","hermit:Roulette"],"picked":"SKIP","floor":15},{"not_picked":["hermit:Reprieve","hermit:FromBeyond"],"picked":"hermit:OverwhelmingPower","floor":16},{"not_picked":["hermit:Snipe","hermit:BodyArmor","hermit:CalledShot+1"],"picked":"SKIP","floor":19},{"not_picked":["hermit:OverwhelmingPower","hermit:Scavenge","hermit:GoldenBullet+1"],"picked":"SKIP","floor":22},{"not_picked":["hermit:Roulette","hermit:Determination"],"picked":"hermit:FlashPowder+1","floor":23},{"not_picked":["hermit:BigShot","hermit:PistolWhip"],"picked":"hermit:TakeCover","floor":27},{"not_picked":["hermit:Enervate","hermit:HoleUp"],"picked":"hermit:Gestalt","floor":29}],"player_experience":204130,"relics_obtained":[{"floor":7,"key":"reliquary:Aerogel"},{"floor":16,"key":"Gensokyo:OccultBall"},{"floor":24,"key":"Blood Vial"}],"event_choices":[{"damage_healed":0,"gold_gain":0,"player_choice":"Ignored","damage_taken":0,"max_hp_gain":0,"max_hp_loss":0,"event_name":"Vampires","floor":20,"gold_loss":0}],"is_beta":false,"boss_relics":[{"not_picked":["Empty Cage","Ectoplasm"],"picked":"Astrolabe"}],"items_purged_floors":[22,27],"is_endless":false,"potions_floor_spawned":[2,14,15,16,29],"killed_by":"Snake Plant","ascension_level":0}}