{"host":"z609fbm6pkeriks8","time":1613707612,"event":{"mods":["AchievementEnabler","BaseMod","Colored Map","Colored Powertips","Highlight Path","Minty Spire (QoL Compilation)","StSLib"],"gold_per_floor":[12,12,24,199,48,48,83,98,148,148,173,173,185,67,67,169,169,169,169,169,169,40,40,40,40,40,40,40,40,40,40,40,40,40],"floor_reached":33,"language":"ZHS","playtime":1063,"items_purged":["Doubt","Strike_R","Strike_R"],"score":398,"play_id":"7f82d32b-694f-46b0-b479-294c023db3eb","local_time":"20210219120652","is_ascension_mode":true,"campfire_choices":[{"data":"Brutality","floor":6,"key":"SMITH"},{"data":"Hemokinesis","floor":15,"key":"SMITH"},{"data":"Entrench","floor":24,"key":"SMITH"},{"data":"Barricade","floor":27,"key":"SMITH"},{"data":"Inflame","floor":32,"key":"SMITH"}],"circlet_count":0,"master_deck":["Defend_R","Defend_R","Defend_R","Defend_R","Bash","Infernal Blade","Brutality+1","Shrug It Off","Barricade+1","Headbutt","Inflame+1","Sword Boomerang","Parasite","Twin Strike","Juggernaut","Hemokinesis+1","Offering","Armaments+1","Writhe","Dual Wield","Entrench+1","Metallicize","Feed","Flex","Ghostly","Ghostly","Ghostly","Ghostly","Ghostly","Disarm+1"],"relics":["Burning Blood","Smiling Mask","Happy Flower","Du-Vu Doll","Red Skull","Ectoplasm","Oddly Smooth Stone","Orichalcum","Gambling Chip"],"acts_visited":["Exordium","TheCity"],"potions_floor_usage":[16,16,16,18,21,33],"damage_taken":[{"damage":7,"enemies":"2 Louse","floor":1,"turns":4},{"damage":3,"enemies":"Small Slimes","floor":3,"turns":3},{"damage":16,"enemies":"Lagavulin","floor":7,"turns":5},{"damage":6,"enemies":"Jaw Worm","floor":8,"turns":3},{"damage":36,"enemies":"3 Sentries","floor":11,"turns":9},{"damage":4,"enemies":"3 Louse","floor":13,"turns":4},{"damage":13,"enemies":"The Guardian","floor":16,"turns":9},{"damage":17,"enemies":"3 Byrds","floor":18,"turns":4},{"damage":18,"enemies":"Shell Parasite","floor":20,"turns":3},{"damage":12,"enemies":"Snake Plant","floor":21,"turns":3},{"damage":11,"enemies":"Centurion and Healer","floor":23,"turns":4},{"damage":15,"enemies":"3 Cultists","floor":25,"turns":4},{"damage":11,"enemies":"Shelled Parasite and Fungi","floor":30,"turns":5},{"damage":13,"enemies":"Centurion and Healer","floor":31,"turns":7},{"damage":26,"enemies":"Collector","floor":33,"turns":4}],"seed_played":"1636797411524326331","potions_obtained":[{"floor":3,"key":"EssenceOfSteel"},{"floor":7,"key":"Energy Potion"},{"floor":11,"key":"Strength Potion"},{"floor":16,"key":"AttackPotion"},{"floor":18,"key":"DistilledChaos"},{"floor":23,"key":"BloodPotion"},{"floor":25,"key":"CultistPotion"}],"is_trial":false,"path_per_floor":["M","?","M","?","$","R","E","M","T","?","E","T","M","$","R","B",null,"M","?","M","M","$","M","R","M","T","R","?","T","M","M","R","B"],"character_chosen":"IRONCLAD","items_purchased":["Inflame","Hemokinesis","Metallicize"],"campfire_rested":0,"item_purchase_floors":[5,14,22],"current_hp_per_floor":[71,71,74,74,74,74,64,64,64,80,50,50,52,52,52,45,71,60,60,48,42,42,37,37,31,31,31,31,31,29,26,26,0,0],"gold":40,"neow_bonus":"TRANSFORM_TWO_CARDS","is_daily":false,"chose_seed":false,"campfire_upgraded":5,"win_rate":0.0,"timestamp":1613707612,"path_taken":["M","?","M","?","?","R","E","M","T","?","E","?","M","?","R","BOSS","M","?","M","M","$","M","R","M","T","R","?","?","M","?","R","BOSS"],"items_purchased_type":["Card","Card","Card"],"build_version":"2020-12-22","purchased_purges":3,"victory":false,"max_hp_per_floor":[80,80,80,80,80,80,80,80,80,80,80,80,80,80,80,80,80,80,80,80,80,80,80,80,83,83,83,41,41,44,48,48,48,48],"card_choices":[{"not_picked":["Headbutt","Havoc"],"picked":"Shrug It Off","floor":1},{"not_picked":["Warcry","Blood for Blood"],"picked":"Headbutt","floor":3},{"not_picked":["Sever Soul","Warcry","Searing Blow"],"picked":"SKIP","floor":7},{"not_picked":["Rampage","True Grit"],"picked":"Sword Boomerang","floor":8},{"not_picked":["Wild Strike","Blood for Blood"],"picked":"Twin Strike","floor":11},{"not_picked":["Body Slam","Pommel Strike"],"picked":"Juggernaut","floor":13},{"not_picked":["Corruption","Barricade"],"picked":"Offering","floor":16},{"not_picked":["Headbutt","Clash+1"],"picked":"Armaments+1","floor":18},{"not_picked":["Shrug It Off","Burning Pact"],"picked":"Dual Wield","floor":20},{"not_picked":["Dark Embrace+1","Infernal Blade"],"picked":"Entrench","floor":21},{"not_picked":["Shrug It Off+1","Clothesline+1"],"picked":"Feed","floor":23},{"not_picked":["Headbutt","Perfected Strike"],"picked":"Flex","floor":25},{"not_picked":["Perfected Strike","Dual Wield","Rampage"],"picked":"SKIP","floor":30},{"not_picked":["True Grit+1","Dual Wield"],"picked":"Disarm+1","floor":31}],"player_experience":126136,"relics_obtained":[{"floor":7,"key":"Smiling Mask"},{"floor":9,"key":"Happy Flower"},{"floor":11,"key":"Du-Vu Doll"},{"floor":12,"key":"Red Skull"},{"floor":26,"key":"Orichalcum"},{"floor":29,"key":"Gambling Chip"}],"event_choices":[{"damage_healed":0,"gold_gain":0,"cards_transformed":["Strike_R"],"player_choice":"Change","damage_taken":0,"max_hp_gain":0,"max_hp_loss":0,"event_name":"Living Wall","floor":2,"gold_loss":0,"cards_obtained":["Barricade"]},{"damage_healed":0,"gold_gain":175,"player_choice":"AGREE","damage_taken":0,"max_hp_gain":0,"max_hp_loss":0,"event_name":"Liars Game","floor":4,"gold_loss":0,"cards_obtained":["Doubt"]},{"damage_healed":20,"gold_gain":0,"player_choice":"Healed and dodged fight","damage_taken":0,"max_hp_gain":0,"max_hp_loss":0,"event_name":"Mushrooms","floor":10,"gold_loss":0,"cards_obtained":["Parasite"]},{"damage_healed":0,"gold_gain":0,"player_choice":"Opened","damage_taken":0,"relics_obtained":["Oddly Smooth Stone"],"max_hp_gain":0,"max_hp_loss":0,"event_name":"The Mausoleum","floor":19,"gold_loss":0,"cards_obtained":["Writhe"]},{"damage_healed":0,"gold_gain":0,"player_choice":"Became a Ghost","damage_taken":0,"max_hp_gain":0,"max_hp_loss":42,"event_name":"Ghosts","floor":28,"gold_loss":0,"cards_obtained":["Ghostly","Ghostly","Ghostly","Ghostly","Ghostly"]}],"is_beta":false,"boss_relics":[{"not_picked":["Fusion Hammer","SacredBark"],"picked":"Ectoplasm"}],"items_purged_floors":[5,14,22],"is_endless":false,"potions_floor_spawned":[3,7,11,16,18,23,25],"killed_by":"Collector","ascension_level":9}}