{"host":"sav7uxregyirlf69","time":1613712382,"event":{"mods":["AchievementEnabler","BaseMod","Colored Map","DeckTracker","Keyboard Shortcuts","Minty Spire (QoL Compilation)","READ ME - Guardian Mod","StSLib","SuperFastMode"],"gold_per_floor":[10,10,10,24,47,47,47,67,92,108,148,222,222,245,245,334,334,350,2,52,75,89,89,89,46,73,73,73,73,73,73],"floor_reached":30,"language":"KOR","playtime":406,"items_purged":["Strike_B"],"score":506,"play_id":"a148a5ff-28e7-49c1-ad87-acf64e957b0a","local_time":"20210219142622","is_ascension_mode":true,"campfire_choices":[{"data":"Darkness","floor":7,"key":"SMITH"},{"floor":13,"key":"REST"},{"data":"Aggregate","floor":15,"key":"SMITH"},{"data":"Creative AI","floor":23,"key":"SMITH"},{"data":"Turbo","floor":27,"key":"SMITH"},{"data":"Coolheaded","floor":29,"key":"SMITH"}],"circlet_count":0,"master_deck":["AscendersBane","Strike_B","Strike_B","Strike_B","Defend_B","Defend_B","Defend_B","Defend_B","Zap+1","Dualcast","The Bomb","Conserve Battery","Darkness+1","Rainbow","Coolheaded+1","Undo","Aggregate+1","Creative AI+1","Turbo+1","Chill","Self Repair","Injury"],"relics":["Cracked Core","Golden Idol","Oddly Smooth Stone","Bag of Preparation","Bottled Lightning","Cursed Key","Meat on the Bone"],"acts_visited":["Exordium","TheCity"],"potions_floor_usage":[11,12,16,22],"damage_taken":[{"damage":1,"enemies":"Small Slimes","floor":1,"turns":4},{"damage":0,"enemies":"2 Louse","floor":4,"turns":3},{"damage":0,"enemies":"Cultist","floor":5,"turns":3},{"damage":5,"enemies":"Exordium Wildlife","floor":8,"turns":3},{"damage":3,"enemies":"3 Louse","floor":10,"turns":5},{"damage":0,"enemies":"Lagavulin","floor":11,"turns":6},{"damage":12,"enemies":"Lagavulin Event","floor":12,"turns":4},{"damage":7,"enemies":"Blue Slaver","floor":14,"turns":4},{"damage":24,"enemies":"The Guardian","floor":16,"turns":10},{"damage":16,"enemies":"Shell Parasite","floor":18,"turns":4},{"damage":0,"enemies":"Chosen","floor":21,"turns":3},{"damage":10,"enemies":"Snake Plant","floor":22,"turns":4},{"damage":48,"enemies":"Gremlin Leader","floor":30,"turns":6}],"seed_played":"5510874093235034767","potions_obtained":[{"floor":4,"key":"Explosive Potion"},{"floor":5,"key":"PowerPotion"},{"floor":11,"key":"Block Potion"},{"floor":14,"key":"Swift Potion"}],"is_trial":false,"path_per_floor":["M","?","?","M","M","$","R","M","T","M","E","?","R","M","R","B",null,"M","$","?","M","M","R","?","$","T","R","T","R","E"],"character_chosen":"DEFECT","items_purchased":["Meat on the Bone","Self Repair"],"campfire_rested":1,"item_purchase_floors":[19,25],"current_hp_per_floor":[63,39,39,39,39,39,39,34,34,31,31,19,40,33,33,9,56,40,40,40,40,42,42,42,42,42,42,42,42,0,0],"gold":73,"neow_bonus":"RANDOM_COLORLESS_2","is_daily":false,"chose_seed":false,"campfire_upgraded":5,"win_rate":0.0,"timestamp":1613712382,"path_taken":["M","?","?","M","M","$","R","M","T","?","E","?","R","M","R","BOSS","M","$","?","M","M","R","?","$","T","R","?","R","E"],"items_purchased_type":["Relic","Card"],"build_version":"2020-12-22","purchased_purges":1,"victory":false,"max_hp_per_floor":[71,71,71,71,71,71,71,71,71,71,71,71,71,71,71,71,71,71,71,71,71,71,71,71,71,71,71,71,71,71,71],"card_choices":[{"not_picked":["Secret Weapon","Magnetism"],"picked":"The Bomb","floor":0},{"not_picked":["Consume","Sweeping Beam"],"picked":"Conserve Battery","floor":1},{"not_picked":["Sweeping Beam","Ball Lightning"],"picked":"Darkness","floor":4},{"not_picked":["Stack","Steam","Tempest"],"picked":"SKIP","floor":5},{"not_picked":["Reprogram","Barrage"],"picked":"Rainbow","floor":8},{"not_picked":["Hologram","Barrage"],"picked":"Coolheaded","floor":10},{"not_picked":["Stack","Go for the Eyes","Steam"],"picked":"SKIP","floor":11},{"not_picked":["Biased Cognition","Conserve Battery"],"picked":"Undo","floor":12},{"not_picked":["Cold Snap","Leap"],"picked":"Aggregate","floor":14},{"not_picked":["Amplify","Fission"],"picked":"Creative AI","floor":16},{"not_picked":["Beam Cell","Conserve Battery","Streamline"],"picked":"SKIP","floor":18},{"not_picked":["Rebound","Undo"],"picked":"Turbo","floor":21},{"not_picked":["Auto Shields","Heatsinks"],"picked":"Chill","floor":22}],"player_experience":1618236,"relics_obtained":[{"floor":9,"key":"Oddly Smooth Stone"},{"floor":11,"key":"Bag of Preparation"},{"floor":12,"key":"Bottled Lightning"}],"event_choices":[{"damage_healed":0,"gold_gain":0,"player_choice":"Take Damage","damage_taken":24,"relics_obtained":["Golden Idol"],"max_hp_gain":0,"max_hp_loss":0,"event_name":"Golden Idol","floor":2,"gold_loss":0},{"damage_healed":0,"gold_gain":0,"player_choice":"Forge","damage_taken":0,"max_hp_gain":0,"max_hp_loss":0,"event_name":"Accursed Blacksmith","floor":3,"gold_loss":0,"cards_upgraded":["Zap"]},{"damage_healed":0,"gold_gain":0,"player_choice":"Searched \u00271\u0027 times","damage_taken":0,"max_hp_gain":0,"max_hp_loss":0,"event_name":"Dead Adventurer","floor":12,"gold_loss":0},{"damage_healed":0,"gold_gain":50,"player_choice":"Stole From Cult","damage_taken":0,"max_hp_gain":0,"max_hp_loss":0,"event_name":"Nest","floor":20,"gold_loss":0},{"damage_healed":0,"gold_gain":0,"player_choice":"Ignored","damage_taken":0,"max_hp_gain":0,"max_hp_loss":0,"event_name":"Cursed Tome","floor":24,"gold_loss":0}],"is_beta":false,"boss_relics":[{"not_picked":["Astrolabe","Velvet Choker"],"picked":"Cursed Key"}],"items_purged_floors":[19],"is_endless":false,"potions_floor_spawned":[4,5,11,14],"killed_by":"Gremlin Leader","ascension_level":20}}