{"host":"nq733qv0wuvl6xd6","time":1613761545,"event":{"mods":["BaseMod","Downfall","Minty Spire (QoL Compilation)","StSLib","The Poker Player"],"gold_per_floor":[99,117,127,141,126,152,152,152,185,216,216,216,216],"floor_reached":11,"language":"ZHS","playtime":703,"items_purged":[],"score":96,"play_id":"08e554c1-ddaf-4678-b989-7bd45a74a43d","local_time":"20210220030545","daily_mods":["SealedDeck","Flight","DeadlyEvents","Elite Swarm"],"is_ascension_mode":true,"metric_token":342,"campfire_choices":[{"floor":1,"key":"RECALL"},{"data":"PokerPlayerMod:ChangeRules","floor":8,"key":"SMITH"}],"circlet_count":0,"master_deck":["PokerPlayerMod:Trickery","PokerPlayerMod:Trickery","PokerPlayerMod:Raise","PokerPlayerMod:Raise","PokerPlayerMod:DiamondStrike","PokerPlayerMod:DiamondStrike","PokerPlayerMod:DiamondStrike","PokerPlayerMod:CardPrinter","PokerPlayerMod:CloakAndDiamond","PokerPlayerMod:CardPrinter","PokerPlayerMod:Diamond7","PokerPlayerMod:ChangeRules+1","PokerPlayerMod:Diamond6","PokerPlayerMod:Diamond4","PokerPlayerMod:Diamond7"],"relics":["PokerPlayerMod:DeckCase","StoneCalendar","Ginger","Ice Cream","Frozen Egg 2"],"acts_visited":["Exordium"],"potions_floor_usage":[11,11],"damage_taken":[{"damage":8,"enemies":"Jaw Worm","floor":2,"turns":2},{"damage":0,"enemies":"2 Louse","floor":3,"turns":2},{"damage":1,"enemies":"Small Slimes","floor":4,"turns":3},{"damage":5,"enemies":"downfall:FleeingMerchant","floor":5,"turns":4},{"damage":11,"enemies":"3 Sentries","floor":6,"turns":4},{"damage":11,"enemies":"Lagavulin","floor":9,"turns":4},{"damage":6,"enemies":"Gremlin Nob","floor":10,"turns":3},{"damage":13,"enemies":"Lagavulin","floor":11,"turns":2}],"seed_played":"-71664634113929678","potions_obtained":[{"floor":6,"key":"Weak Potion"},{"floor":9,"key":"Fire Potion"},{"floor":10,"key":"GamblersBrew"}],"is_trial":true,"path_per_floor":["R","M","M","M","$","E","T","R","E","E","E"],"character_chosen":"THE_POKER_PLAYER","items_purchased":[],"campfire_rested":0,"item_purchase_floors":[],"current_hp_per_floor":[52,44,44,43,38,27,27,27,16,10,0,0,0],"gold":216,"neow_bonus":"","is_daily":false,"chose_seed":false,"campfire_upgraded":1,"win_rate":0.0,"timestamp":1613761545,"path_taken":["R","M","M","M","$","E","T","R","E","E","E"],"items_purchased_type":[],"build_version":"2020-12-22","purchased_purges":0,"victory":false,"max_hp_per_floor":[52,52,52,52,52,52,52,52,52,52,52,52,52],"card_choices":[{"not_picked":["PokerPlayerMod:Club2","PokerPlayerMod:Spade3"],"picked":"PokerPlayerMod:Diamond7","floor":2},{"not_picked":["PokerPlayerMod:Diamond2","PokerPlayerMod:Overdeal"],"picked":"PokerPlayerMod:ChangeRules","floor":3},{"not_picked":["PokerPlayerMod:Spade3","PokerPlayerMod:DartThrow"],"picked":"PokerPlayerMod:Diamond6","floor":4},{"not_picked":["PokerPlayerMod:Fold","PokerPlayerMod:Spade4"],"picked":"PokerPlayerMod:Diamond4","floor":5},{"not_picked":["PokerPlayerMod:ChangeRules","PokerPlayerMod:StackedDeck"],"picked":"PokerPlayerMod:Diamond7","floor":6},{"not_picked":["PokerPlayerMod:StackedDeck","PokerPlayerMod:Diamond1","PokerPlayerMod:VarietyAttack"],"picked":"SKIP","floor":9},{"not_picked":["PokerPlayerMod:Spade2","PokerPlayerMod:ItsShowtime","PokerPlayerMod:WasteCollection"],"picked":"SKIP","floor":10}],"player_experience":53166,"relics_obtained":[{"floor":6,"key":"StoneCalendar"},{"floor":7,"key":"Ginger"},{"floor":9,"key":"Ice Cream"},{"floor":10,"key":"Frozen Egg 2"}],"event_choices":[],"is_beta":false,"boss_relics":[],"items_purged_floors":[],"is_endless":true,"potions_floor_spawned":[6,9,10],"killed_by":"Lagavulin","ascension_level":1}}