{"host":"zp8jvycvinn13jdb","time":1613766205,"event":{"mods":["BaseMod","Googly Eyes","Minty Spire (QoL Compilation)"],"gold_per_floor":[110,35,52,63,77,77,87,114,137,137,137,152,152,5,5,110,110,127,52,62,62,72,72,72,84,84,99,118,118,145,177,177,282,282,292,308,80,91,109,109,109,124,173,173,173,173,186,61,61,61,61],"floor_reached":50,"language":"ENG","playtime":2240,"items_purged":["Defend_R","Body Slam","Pain"],"score":466,"play_id":"d9e40ff5-f932-4ef6-bd37-240169a43539","local_time":"20210219152325","is_ascension_mode":false,"campfire_choices":[{"data":"Armaments","floor":6,"key":"SMITH"},{"data":"Armaments","floor":10,"key":"SMITH"},{"floor":13,"key":"REST"},{"floor":15,"key":"RECALL"},{"floor":23,"key":"REST"},{"floor":29,"key":"REST"},{"floor":32,"key":"REST"},{"floor":40,"key":"REST"},{"floor":44,"key":"REST"},{"data":"Demon Form","floor":46,"key":"SMITH"},{"floor":49,"key":"REST"}],"circlet_count":0,"master_deck":["Strike_R","Strike_R","Strike_R","Strike_R","Strike_R","Defend_R+1","Defend_R+1","Defend_R","Bash","Perfected Strike","Armaments+1","Armaments+1","Metallicize","Perfected Strike","Juggernaut","Searing Blow","Perfected Strike+1","Metallicize","Flex","Clash","Demon Form+1","Inflame","Flex","Flex"],"relics":["Burning Blood","Bronze Scales","Regal Pillow","War Paint","Philosopher\u0027s Stone","Enchiridion","Vajra","Happy Flower","Dream Catcher","Cursed Key","Cauldron"],"acts_visited":["Exordium","TheCity","TheBeyond"],"potions_floor_usage":[8,12,20,33,38,39,39,50,50],"damage_taken":[{"damage":1,"enemies":"Cultist","floor":1,"turns":3},{"damage":3,"enemies":"Small Slimes","floor":3,"turns":3},{"damage":8,"enemies":"Jaw Worm","floor":4,"turns":3},{"damage":23,"enemies":"Lots of Slimes","floor":5,"turns":4},{"damage":16,"enemies":"Exordium Thugs","floor":7,"turns":5},{"damage":12,"enemies":"3 Sentries","floor":8,"turns":6},{"damage":0,"enemies":"Gremlin Gang","floor":12,"turns":5},{"damage":53,"enemies":"Slime Boss","floor":16,"turns":12},{"damage":14,"enemies":"Chosen","floor":18,"turns":4},{"damage":20,"enemies":"2 Thieves","floor":20,"turns":3},{"damage":20,"enemies":"Snake Plant","floor":22,"turns":3},{"damage":26,"enemies":"3 Cultists","floor":25,"turns":5},{"damage":23,"enemies":"Centurion and Healer","floor":27,"turns":5},{"damage":24,"enemies":"Snake Plant","floor":28,"turns":2},{"damage":34,"enemies":"Book of Stabbing","floor":31,"turns":5},{"damage":44,"enemies":"Champ","floor":33,"turns":8},{"damage":39,"enemies":"3 Darklings","floor":35,"turns":6},{"damage":16,"enemies":"Orb Walker","floor":36,"turns":3},{"damage":37,"enemies":"Maw","floor":38,"turns":7},{"damage":0,"enemies":"Transient","floor":39,"turns":5},{"damage":46,"enemies":"Spire Growth","floor":42,"turns":4},{"damage":41,"enemies":"3 Darklings","floor":47,"turns":5},{"damage":80,"enemies":"Awakened One","floor":50,"turns":6}],"seed_played":"6798045974012076952","potions_obtained":[{"floor":1,"key":"EssenceOfSteel"},{"floor":3,"key":"SteroidPotion"},{"floor":4,"key":"Explosive Potion"},{"floor":18,"key":"Explosive Potion"},{"floor":25,"key":"FearPotion"},{"floor":37,"key":"Regen Potion"},{"floor":37,"key":"HeartOfIron"},{"floor":37,"key":"PowerPotion"},{"floor":38,"key":"SkillPotion"},{"floor":39,"key":"BloodPotion"}],"is_trial":false,"path_per_floor":["M","$","M","M","M","R","M","E","T","R","?","M","R","$","R","B",null,"M","$","M","?","M","R","?","M","T","M","M","R","T","E","R","B",null,"M","M","$","M","M","R","?","M","T","R","?","R","M","$","R","B"],"character_chosen":"IRONCLAD","items_purchased":["Perfected Strike","Searing Blow","Inflame","Cauldron"],"campfire_rested":7,"item_purchase_floors":[14,19,37,37],"current_hp_per_floor":[80,80,80,78,61,61,51,45,45,45,45,51,80,80,80,33,80,72,72,58,42,28,67,67,47,47,30,12,51,51,23,62,24,80,47,37,37,21,27,66,66,26,26,63,63,63,28,28,65,0,0],"gold":61,"neow_bonus":"THREE_CARDS","is_daily":false,"chose_seed":false,"campfire_upgraded":3,"win_rate":0.0,"timestamp":1613766205,"path_taken":["M","?","M","M","?","R","M","E","T","R","?","M","R","$","R","BOSS","M","$","M","?","M","R","?","M","T","M","?","R","?","E","R","BOSS","M","M","$","?","?","R","?","M","T","R","?","R","M","$","R","BOSS"],"items_purchased_type":["Card","Card","Card","Relic"],"build_version":"2020-12-22","purchased_purges":3,"victory":false,"max_hp_per_floor":[80,80,80,80,80,80,80,80,80,80,80,80,80,80,80,80,80,80,80,80,80,80,80,80,80,80,80,80,80,80,80,80,80,80,80,80,80,80,80,80,76,76,76,76,76,76,76,76,76,76,76],"card_choices":[{"not_picked":["Sentinel","Second Wind"],"picked":"Perfected Strike","floor":0},{"not_picked":["Infernal Blade","Clothesline","Body Slam"],"picked":"SKIP","floor":1},{"not_picked":["Flex","Body Slam"],"picked":"Armaments","floor":3},{"not_picked":["Havoc","Feel No Pain"],"picked":"Armaments","floor":4},{"not_picked":["Fire Breathing","Perfected Strike"],"picked":"Metallicize","floor":5},{"not_picked":["Cleave","Armaments","Reckless Charge"],"picked":"SKIP","floor":7},{"not_picked":["Seeing Red","Rupture","Wild Strike"],"picked":"SKIP","floor":8},{"not_picked":["Cleave","Thunderclap"],"picked":"Body Slam","floor":12},{"not_picked":["Immolate","Exhume"],"picked":"Juggernaut","floor":16},{"not_picked":["Heavy Blade+1","True Grit","Reckless Charge"],"picked":"SKIP","floor":18},{"not_picked":["Sentinel","Havoc+1"],"picked":"Perfected Strike+1","floor":20},{"not_picked":["Battle Trance","Evolve","Armaments+1"],"picked":"SKIP","floor":22},{"not_picked":["Headbutt","Fire Breathing"],"picked":"Metallicize","floor":25},{"not_picked":["Pommel Strike+1","Body Slam","Thunderclap"],"picked":"SKIP","floor":27},{"not_picked":["Havoc","Thunderclap","Body Slam+1"],"picked":"SKIP","floor":28},{"not_picked":["Cleave","Clothesline"],"picked":"Flex","floor":31},{"not_picked":["Reaper","Sword Boomerang"],"picked":"Clash","floor":32},{"not_picked":["Fiend Fire","Exhume"],"picked":"Demon Form","floor":33},{"not_picked":["Sword Boomerang","Iron Wave","Pummel+1"],"picked":"SKIP","floor":35},{"not_picked":["Dropkick","Twin Strike","Rage+1"],"picked":"SKIP","floor":36},{"not_picked":["Fire Breathing","Wild Strike+1","Anger"],"picked":"SKIP","floor":38},{"not_picked":["True Grit","Sever Soul"],"picked":"Flex","floor":39},{"not_picked":["Clash","Pommel Strike","Disarm+1"],"picked":"SKIP","floor":42},{"not_picked":["Immolate","Battle Trance","Clash+1"],"picked":"SKIP","floor":47}],"player_experience":163977,"relics_obtained":[{"floor":8,"key":"Bronze Scales"},{"floor":9,"key":"Regal Pillow"},{"floor":21,"key":"Enchiridion"},{"floor":26,"key":"Vajra"},{"floor":30,"key":"Happy Flower"},{"floor":31,"key":"Dream Catcher"}],"event_choices":[{"damage_healed":0,"gold_gain":0,"player_choice":"Gave Potion","damage_taken":0,"relics_obtained":["War Paint"],"max_hp_gain":0,"max_hp_loss":0,"event_name":"WeMeetAgain","floor":11,"gold_loss":0},{"damage_healed":0,"gold_gain":0,"player_choice":"Obtained Book","damage_taken":16,"max_hp_gain":0,"max_hp_loss":0,"event_name":"Cursed Tome","floor":21,"gold_loss":0},{"damage_healed":0,"gold_gain":0,"player_choice":"Ignored","damage_taken":0,"max_hp_gain":0,"max_hp_loss":0,"event_name":"N\u0027loth","floor":24,"gold_loss":0},{"damage_healed":0,"gold_gain":0,"player_choice":"Max HP","damage_taken":0,"max_hp_gain":0,"max_hp_loss":4,"event_name":"Winding Halls","floor":41,"gold_loss":0},{"damage_healed":0,"gold_gain":0,"player_choice":"Copied","damage_taken":0,"max_hp_gain":0,"max_hp_loss":0,"event_name":"Duplicator","floor":45,"gold_loss":0,"cards_obtained":["Flex"]}],"is_beta":false,"boss_relics":[{"not_picked":["Coffee Dripper","Ectoplasm"],"picked":"Philosopher\u0027s Stone"},{"not_picked":["Astrolabe","SacredBark"],"picked":"Cursed Key"}],"items_purged_floors":[2,14,48],"is_endless":false,"potions_floor_spawned":[1,3,4,18,25,38,39],"killed_by":"Awakened One","ascension_level":0}}