{"host":"o221npfsfw6z66k1","time":1613758283,"event":{"mods":["BaseMod","Downfall","Googly Eyes","Hermit","Hero for Fun","Jorbs\u0027s Wanderer Trilogy","Minty Spire (QoL Compilation)","Random Character Button","Robot Space Explorer","StSLib","The Animator","The Cursed","The Hierophant","The Jungle","The Runesmith","The Servant 0.9.4"],"gold_per_floor":[109,126,57,71,71,71,83,83,131,131,164,164,86,116,116,211,211,222,233,233,233,248,248,282,282,306,338,28,28,28,48,48,148,148,166,183,15,15,32,67,67,67,67,0,12,44,44,56,56,56,56,56,7,38,38,38],"floor_reached":55,"language":"ENG","playtime":6467,"items_purged":["Defend_B","Strike_B"],"score":1047,"play_id":"ebf0d7e1-5869-4fd4-95d5-2c4853837129","local_time":"20210219111123","is_ascension_mode":true,"campfire_choices":[{"data":"Zap","floor":6.0,"key":"SMITH"},{"data":"Static Discharge","floor":8.0,"key":"SMITH"},{"data":"Storm","floor":10.0,"key":"SMITH"},{"floor":12.0,"key":"REST"},{"data":"Auto Shields","floor":15.0,"key":"SMITH"},{"data":"Dualcast","floor":23.0,"key":"SMITH"},{"floor":25.0,"key":"REST"},{"data":"Self Repair","floor":29.0,"key":"SMITH"},{"data":"Compile Driver","floor":32.0,"key":"SMITH"},{"data":"Electrodynamics","floor":42,"key":"SMITH"},{"floor":47,"key":"REST"},{"floor":49,"key":"RECALL"},{"data":"White Noise","floor":52,"key":"SMITH"}],"circlet_count":0,"master_deck":["Strike_B","Strike_B","Defend_B","Defend_B","Defend_B","Zap+1","Dualcast+1","Compile Driver+1","Storm+1","Static Discharge+1","Auto Shields+1","Cold Snap","Heatsinks","Machine Learning","Steam+1","Genetic Algorithm+1","Tempest+1","Self Repair+1","Electrodynamics+1","Barrage+1","Steam","Loop","Parasite","White Noise+1","Consume+1","Redo+1","Redo+1"],"relics":["FrozenCore","Bird Faced Urn","Happy Flower","MealTicket","Tiny Chest","Runic Pyramid","Oddly Smooth Stone","War Paint","Runic Capacitor","Runesmith:AutoHammer","Lizard Tail","Ornamental Fan","Red Mask","Toxic Egg 2","Gremlin Horn"],"acts_visited":["Exordium","theJungle:Jungle","TheBeyond","TheEnding"],"potions_floor_usage":[38,45,50,55],"damage_taken":[{"damage":1.0,"enemies":"Cultist","floor":1.0,"turns":3.0},{"damage":11.0,"enemies":"Jaw Worm","floor":2.0,"turns":4.0},{"damage":1.0,"enemies":"2 Louse","floor":4.0,"turns":2.0},{"damage":0.0,"enemies":"Exordium Wildlife","floor":7.0,"turns":3.0},{"damage":21.0,"enemies":"3 Sentries","floor":11.0,"turns":6.0},{"damage":19.0,"enemies":"Gremlin Nob","floor":14.0,"turns":4.0},{"damage":20.0,"enemies":"Slime Boss","floor":16.0,"turns":9.0},{"damage":28.0,"enemies":"theJungle:5_Spyders","floor":18.0,"turns":8.0},{"damage":3.0,"enemies":"theJungle:MUSHROOMGANG","floor":19.0,"turns":7.0},{"damage":1.0,"enemies":"theJungle:Lyon","floor":22.0,"turns":5.0},{"damage":38.0,"enemies":"theJungle:MamaSnecko","floor":24.0,"turns":6.0},{"damage":25.0,"enemies":"theJungle:2_Phrogs","floor":27.0,"turns":6.0},{"damage":9.0,"enemies":"Snake Plant","floor":31.0,"turns":4.0},{"damage":54.0,"enemies":"theJungle:FunGuy","floor":33.0,"turns":14.0},{"damage":8,"enemies":"Orb Walker","floor":35,"turns":5},{"damage":20,"enemies":"3 Darklings","floor":36,"turns":4},{"damage":6,"enemies":"Sphere and 2 Shapes","floor":38,"turns":3},{"damage":31,"enemies":"Writhing Mass","floor":39,"turns":7},{"damage":0,"enemies":"Reptomancer","floor":40,"turns":6},{"damage":48,"enemies":"3 Darklings","floor":45,"turns":3},{"damage":77,"enemies":"Giant Head","floor":46,"turns":9},{"damage":3,"enemies":"Spire Growth","floor":48,"turns":5},{"damage":58,"enemies":"Donu and Deca","floor":50,"turns":6},{"damage":45,"enemies":"Shield and Spear","floor":54,"turns":4},{"damage":47,"enemies":"The Heart","floor":55,"turns":3}],"seed_played":"-785378113626552886","potions_obtained":[{"floor":4.0,"key":"LiquidBronze"},{"floor":11.0,"key":"DistilledChaos"},{"floor":16.0,"key":"hexamod:SoulburnPotion"},{"floor":18.0,"key":"SmokeBomb"},{"floor":22.0,"key":"SpeedPotion"},{"floor":36,"key":"Dexterity Potion"},{"floor":40,"key":"PowerPotion"},{"floor":46,"key":"LiquidBronze"}],"is_trial":false,"path_per_floor":["M","M","$","M","?","R","M","R","T","R","E","R","$","E","R","B",null,"M","M","?","?","M","R","E","R","T","E","$","R","T","M","R","B",null,"M","M","$","M","M","E","?","R","T","?","M","E","R","M","R","B",null,"R","$","E","B"],"character_chosen":"DEFECT","items_purchased":["Storm","Heatsinks","Runic Capacitor","Self Repair","Loop","Redo+1"],"campfire_rested":3,"item_purchase_floors":[3,13,28,28,37,53],"current_hp_per_floor":[49,38,38,37,37,37,41,41,41,41,24,46,61,48,48,34,65,43,48,48,58,65,65,35,57,57,38,53,53,53,62,62,28,63,75,71,75,75,60,75,75,75,75,75,31,21,43,64,64,18,61,61,75,38,0,0],"gold":38,"neow_bonus":"ONE_RARE_RELIC","is_daily":false,"chose_seed":false,"campfire_upgraded":9,"win_rate":0.0,"timestamp":1613758283,"path_taken":["M","M","$","?","?","R","?","R","T","R","E","R","?","E","R","BOSS","M","M","?","?","M","R","E","R","T","E","?","R","?","M","R","BOSS","M","?","$","M","M","E","?","R","T","?","M","E","R","M","R","BOSS","R","$","E","BOSS"],"items_purchased_type":["Card","Card","Relic","Card","Card","Card"],"build_version":"2020-12-22","purchased_purges":2,"victory":false,"max_hp_per_floor":[75,75,75,75,75,75,75,75,75,75,75,75,75,75,75,75,75,75,75,75,75,75,75,75,75,75,75,75,75,75,75,75,75,75,75,75,75,75,75,75,75,75,75,75,75,75,75,75,75,75,75,75,75,75,75,75],"card_choices":[{"not_picked":["Stack","Hologram"],"picked":"Compile Driver","floor":1.0},{"not_picked":["Stack","Hologram","Force Field"],"picked":"SKIP","floor":2.0},{"not_picked":["Stack","Conserve Battery"],"picked":"Static Discharge","floor":4.0},{"not_picked":["Compile Driver","Streamline"],"picked":"Cold Snap","floor":7.0},{"not_picked":["Conserve Battery","Turbo","Fusion"],"picked":"SKIP","floor":11.0},{"not_picked":["Conserve Battery","Go for the Eyes","Compile Driver"],"picked":"SKIP","floor":14.0},{"not_picked":["Fission","Reboot"],"picked":"Machine Learning","floor":16.0},{"not_picked":["Go for the Eyes","Cold Snap"],"picked":"Steam","floor":18.0},{"not_picked":["Gash","Streamline","Recycle"],"picked":"SKIP","floor":19.0},{"not_picked":["Barrage","Leap","Lockon"],"picked":"SKIP","floor":22.0},{"not_picked":["Go for the Eyes","Rebound+1"],"picked":"Genetic Algorithm","floor":24.0},{"not_picked":["Reprogram+1","Cold Snap"],"picked":"Tempest+1","floor":27.0},{"not_picked":["Go for the Eyes","Scrape+1","Tempest"],"picked":"SKIP","floor":31.0},{"not_picked":["Hyperbeam","Meteor Strike"],"picked":"Electrodynamics","floor":33.0},{"not_picked":["Coolheaded+1","Steam Power+1"],"picked":"Barrage+1","floor":35},{"not_picked":["Compile Driver+1","Gash+1"],"picked":"Steam","floor":36},{"not_picked":["Reprogram","Turbo","Leap+1"],"picked":"SKIP","floor":39},{"not_picked":["Undo+1","Rebound"],"picked":"White Noise","floor":40},{"not_picked":["Ball Lightning","Multi-Cast"],"picked":"Consume+1","floor":45},{"not_picked":["Undo+1","Rebound","Cold Snap+1"],"picked":"SKIP","floor":46},{"not_picked":["Coolheaded+1","Sweeping Beam+1"],"picked":"Redo+1","floor":48},{"not_picked":["Chill+1","Gash","Heatsinks+1"],"picked":"SKIP","floor":54}],"player_experience":451718,"relics_obtained":[{"floor":9.0,"key":"Happy Flower"},{"floor":11.0,"key":"MealTicket"},{"floor":14.0,"key":"Tiny Chest"},{"floor":24.0,"key":"Oddly Smooth Stone"},{"floor":27.0,"key":"War Paint"},{"floor":30.0,"key":"Runesmith:AutoHammer"},{"floor":40,"key":"Lizard Tail"},{"floor":43,"key":"Ornamental Fan"},{"floor":46,"key":"Toxic Egg 2"},{"floor":54,"key":"Gremlin Horn"}],"event_choices":[{"damage_healed":0.0,"max_hp_gain":0.0,"max_hp_loss":0.0,"gold_gain":0.0,"cards_transformed":["Strike_B"],"event_name":"Transmorgrifier","player_choice":"Transformed","floor":5.0,"gold_loss":0.0,"damage_taken":0.0,"cards_obtained":["Auto Shields"]},{"damage_healed":0,"gold_gain":0,"player_choice":"Ignored","damage_taken":0,"max_hp_gain":0,"max_hp_loss":0,"event_name":"Mysterious Sphere","floor":41,"gold_loss":0},{"damage_healed":0,"gold_gain":0,"player_choice":"Paid","damage_taken":0,"relics_obtained":["Red Mask"],"max_hp_gain":0,"max_hp_loss":0,"event_name":"Tomb of Lord Red Mask","floor":44,"gold_loss":67}],"is_beta":false,"boss_relics":[{"not_picked":["Fusion Hammer","Velvet Choker"],"picked":"Runic Pyramid"},{"not_picked":["Black Star","Pandora\u0027s Box"],"picked":"FrozenCore"}],"items_purged_floors":[28,37],"is_endless":false,"potions_floor_spawned":[4,11,16,18,22,36,40,46],"killed_by":"The Heart","ascension_level":8}}