{"host":"nfcm","time":1613722592,"event":{"mods":["BaseMod","Beaked The Cultist","Hermit","Minty Spire (QoL Compilation)","Replay The Spire","Shop Mod","StSLib","[IsaacMod]ÒÔÈö¼âËþ"],"gold_per_floor":[117,117,117,131,150,184,184,227,276,473,498,498,498,534,534,663,663,684,702,716,716,90,130,130,130],"floor_reached":24,"language":"ZHS","playtime":1209,"items_purged":["Strike_R","Hallucinations"],"score":512,"play_id":"cb276d43-b5df-4099-96e4-30d5ede45b98","local_time":"20210219161632","is_ascension_mode":true,"campfire_choices":[{"data":"ReplayTheSpireMod:Brewmster","floor":7,"key":"SMITH"},{"data":"Armaments","floor":13,"key":"SMITH"},{"data":"Strike_R","floor":15,"key":"PURGE"}],"circlet_count":0,"master_deck":["Defend_R","Defend_R","CurseOfTheBell","Sword Boomerang","Body Slam","Battle Trance","Impervious","ReplayTheSpireMod:Brewmster+1","Midas Touch","Hemogenesis","Armaments+1","Wraith Form v2","Offering","Shrug It Off","Reaper","Shame"],"relics":["HushsDoor","Calling Bell","BelialBook","DeathBook","Chaos","Golden Idol","ReplayTheSpireMod:ShopPack","Ice Cream","Membership Card","BloodBag","ReplayTheSpireMod:Ninjato","PrismaticShard","Art of War","Philosopher\u0027s Stone","GuppysHead","Kintsugi","Lee\u0027s Waffle","Damocles"],"acts_visited":["Exordium","TheCity"],"potions_floor_usage":[10,14,16,16,18,18,19,20,20,23,23,23,24,24,24],"damage_taken":[{"damage":2.0,"enemies":"Jaw Worm","floor":1.0,"turns":3.0},{"damage":0.0,"enemies":"Small Slimes","floor":4.0,"turns":3.0},{"damage":1.0,"enemies":"Cultist","floor":5.0,"turns":3.0},{"damage":0.0,"enemies":"Gremlin Nob","floor":6.0,"turns":2.0},{"damage":6,"enemies":"3 Sentries","floor":8,"turns":3},{"damage":0,"enemies":"Gremlin Nob","floor":10,"turns":3},{"damage":5,"enemies":"Exordium Thugs","floor":11,"turns":2},{"damage":12,"enemies":"Lagavulin","floor":14,"turns":4},{"damage":0,"enemies":"Hexaghost","floor":16,"turns":6},{"damage":18,"enemies":"3 Byrds","floor":18,"turns":4},{"damage":28,"enemies":"Spheric Guardian","floor":19,"turns":4},{"damage":2,"enemies":"Snecko","floor":20,"turns":5},{"damage":37,"enemies":"Gremlin Leader","floor":23,"turns":6},{"damage":2,"enemies":"Chosen and Byrds","floor":24,"turns":5}],"seed_played":"265372979947311685","potions_obtained":[{"floor":5.0,"key":"GamblersBrew"},{"floor":6,"key":"SteroidPotion"},{"floor":16,"key":"Adrenaline Potion"},{"floor":20,"key":"DuplicationPotion"}],"is_trial":false,"path_per_floor":["M","?","?","M","M","E","R","E","T","E","M","?","R","E","R","B",null,"M","M","M","?","$","E","M"],"character_chosen":"IRONCLAD","items_purchased":["Offering","GuppysHead","Kintsugi","Lee\u0027s Waffle"],"campfire_rested":0,"item_purchase_floors":[17,17,22,22],"current_hp_per_floor":[70,70,70,70,69,69,69,63,63,55,55,40,40,33,33,33,55,37,16,24,24,69,33,51,51],"gold":130,"neow_bonus":"BOSS_RELIC","is_daily":false,"chose_seed":false,"campfire_upgraded":2,"win_rate":0.0,"timestamp":1613722592,"path_taken":["M","?","?","M","M","E","R","E","T","E","M","?","R","E","R","BOSS","M","M","M","?","$","E","M"],"items_purchased_type":["Card","Relic","Relic","Relic"],"build_version":"2020-12-18","purchased_purges":2,"victory":false,"max_hp_per_floor":[80,80,74,74,74,74,74,74,74,81,81,81,81,81,81,81,62,62,62,62,62,69,69,69,69],"card_choices":[{"not_picked":[],"picked":"Bomb","floor":0.0},{"not_picked":["Entrench","Anger"],"picked":"Sword Boomerang","floor":1.0},{"not_picked":["Perfected Strike","Sword Boomerang"],"picked":"Body Slam","floor":4.0},{"not_picked":["Run Through","Flame Barrier"],"picked":"Battle Trance","floor":5.0},{"not_picked":["Feel No Pain","ReplayTheSpireMod:Strike From Hell"],"picked":"Impervious","floor":6},{"not_picked":["Secret Weapon","Poisoned Strike"],"picked":"ReplayTheSpireMod:Brewmster","floor":7},{"not_picked":["ReplayTheSpireMod:Uncanny Aura","Mayhem"],"picked":"Midas Touch","floor":7},{"not_picked":["Replay:Many Hands","Havoc"],"picked":"Hemogenesis","floor":8},{"not_picked":["Wild Strike","Reckless Charge","Pommel Strike"],"picked":"SKIP","floor":10},{"not_picked":["True Grit","ReplayTheSpireMod:Strike From Hell"],"picked":"Armaments","floor":11},{"not_picked":["Prepared","Jack Of All Trades","Coolheaded"],"picked":"SKIP","floor":14},{"not_picked":["ChaosCard","Poisoned Strike"],"picked":"Wraith Form v2","floor":16},{"not_picked":["hermit:Coalescence","ThirdEye","ReplayGash"],"picked":"SKIP","floor":18},{"not_picked":["ReplaySolidLightProjector","hermit:Quickdraw","Shrug It Off"],"picked":"SKIP","floor":19},{"not_picked":["ReplaySolidLightProjector","hermit:Quickdraw"],"picked":"Shrug It Off","floor":19},{"not_picked":["beaked:Insight+1","Nirvana","LikeWater"],"picked":"SKIP","floor":20},{"not_picked":["hermit:Midnight","FollowUp","Replay:Undeath\u0027s Touch"],"picked":"SKIP","floor":23}],"player_experience":177801,"relics_obtained":[{"floor":0.0,"key":"BelialBook"},{"floor":0.0,"key":"DeathBook"},{"floor":0.0,"key":"BloodDonationMachine"},{"floor":6,"key":"ReplayTheSpireMod:ShopPack"},{"floor":8,"key":"Ice Cream"},{"floor":9,"key":"Membership Card"},{"floor":10,"key":"ReplayTheSpireMod:Ninjato"},{"floor":14,"key":"Art of War"},{"floor":23,"key":"Damocles"}],"event_choices":[{"damage_healed":0.0,"max_hp_gain":0.0,"max_hp_loss":6.0,"gold_gain":0.0,"event_name":"Golden Idol","player_choice":"Lose Max HP","floor":3.0,"gold_loss":0.0,"damage_taken":0.0,"relics_obtained":["Golden Idol"]},{"damage_healed":0,"gold_gain":0,"cards_transformed":["Strike_R","Strike_R"],"player_choice":"Became Test Subject","damage_taken":0,"max_hp_gain":0,"max_hp_loss":0,"event_name":"Drug Dealer","floor":21,"gold_loss":0,"cards_obtained":["Heavy Blade","Reaper"]}],"is_beta":true,"boss_relics":[{"not_picked":["Shovel","Bottled Lightning"],"picked":"Philosopher\u0027s Stone"},{"not_picked":[]}],"items_purged_floors":[17,22],"is_endless":false,"potions_floor_spawned":[5,6,8,16,20],"killed_by":"Chosen and Byrds","ascension_level":6}}