{"host":"j61pjxqytd94o6ng","time":1613704577,"event":{"mods":["BaseMod","Bestiary","Colored Map","Colored Powertips","Curses Come First","Minty Spire (QoL Compilation)","StSLib"],"gold_per_floor":[116,134,146,146,16,16,16,27,27,58,69,69,88,120,120,120,120],"floor_reached":16,"language":"ENG","playtime":486,"items_purged":["Strike_G"],"score":207,"play_id":"0609cd75-dc18-4829-9c66-1d6641bbfb4a","local_time":"20210218201617","is_ascension_mode":true,"campfire_choices":[{"data":"Corpse Explosion","floor":6.0,"key":"SMITH"},{"floor":12,"key":"REST"},{"data":"Poisoned Stab","floor":15,"key":"SMITH"}],"circlet_count":0,"master_deck":["AscendersBane","Strike_G","Strike_G","Strike_G","Strike_G","Defend_G","Defend_G","Defend_G","Defend_G","Defend_G","Survivor","Neutralize","Accuracy","Distraction","PiercingWail","Corpse Explosion+1","PiercingWail","Backflip","Poisoned Stab+1","Leg Sweep","Deflect"],"relics":["Ring of the Snake","Lantern","Bottled Tornado","Sundial"],"acts_visited":["Exordium"],"potions_floor_usage":[],"damage_taken":[{"damage":4.0,"enemies":"Jaw Worm","floor":1.0,"turns":7.0},{"damage":0.0,"enemies":"Cultist","floor":2.0,"turns":5.0},{"damage":0.0,"enemies":"2 Louse","floor":3.0,"turns":4.0},{"damage":3.0,"enemies":"Looter","floor":8.0,"turns":4.0},{"damage":13.0,"enemies":"Gremlin Nob","floor":10.0,"turns":4.0},{"damage":22,"enemies":"Exordium Thugs","floor":11,"turns":5},{"damage":1,"enemies":"2 Fungi Beasts","floor":13,"turns":3},{"damage":22,"enemies":"Lagavulin","floor":14,"turns":8},{"damage":0,"enemies":"Hexaghost","floor":16,"turns":1}],"seed_played":"434879497771591676","potions_obtained":[{"floor":1.0,"key":"GhostInAJar"},{"floor":2.0,"key":"AttackPotion"}],"is_trial":false,"path_per_floor":["M","M","M","?","$","R","$","M","T","E","M","R","M","E","R","B"],"character_chosen":"THE_SILENT","items_purchased":["PiercingWail"],"campfire_rested":1,"item_purchase_floors":[5],"current_hp_per_floor":[55,55,55,51,51,51,51,48,48,35,13,32,31,9,9,9,9],"gold":120,"neow_bonus":"THREE_CARDS","is_daily":false,"chose_seed":false,"campfire_upgraded":2,"win_rate":0.0,"timestamp":1613704577,"path_taken":["M","M","M","?","$","R","$","M","T","E","M","R","M","E","R","BOSS"],"items_purchased_type":["Card"],"build_version":"2020-12-22","purchased_purges":1,"victory":false,"max_hp_per_floor":[66,66,66,66,66,66,66,66,66,66,66,66,66,66,66,66,66],"card_choices":[{"not_picked":["Quick Slash","Eviscerate"],"picked":"Accuracy","floor":0.0},{"not_picked":["Slice","Underhanded Strike"],"picked":"Distraction","floor":1.0},{"not_picked":["Deadly Poison","Dagger Throw"],"picked":"PiercingWail","floor":2.0},{"not_picked":["Dash","Skewer"],"picked":"Corpse Explosion","floor":3.0},{"not_picked":["Distraction","Expertise"],"picked":"Backflip","floor":8.0},{"not_picked":["All Out Attack","Bane"],"picked":"Poisoned Stab","floor":10.0},{"not_picked":["Slice","Expertise","Endless Agony"],"picked":"SKIP","floor":11},{"not_picked":["Prepared","Predator"],"picked":"Leg Sweep","floor":13},{"not_picked":["Slice","Poisoned Stab"],"picked":"Deflect","floor":14}],"player_experience":541414,"relics_obtained":[{"floor":9.0,"key":"Lantern"},{"floor":10.0,"key":"Bottled Tornado"},{"floor":14,"key":"Sundial"}],"event_choices":[{"damage_healed":0.0,"max_hp_gain":0.0,"max_hp_loss":0.0,"gold_gain":0.0,"event_name":"The Woman in Blue","player_choice":"Bought 0 Potions","floor":4.0,"gold_loss":0.0,"damage_taken":0.0}],"is_beta":false,"boss_relics":[],"items_purged_floors":[5],"is_endless":false,"potions_floor_spawned":[1,2,8],"killed_by":"Hexaghost","ascension_level":17}}