{"host":"19tvufa8xx4wr4o1","time":1613778087,"event":{"mods":["AchievementEnabler","BaseMod","Better Sensory Stone","Better Third Choice","Highlight Path","Minty Spire (QoL Compilation)","Relic Stats","StSLib"],"gold_per_floor":[217,56,56,30,30,55,55,90,90,90,107,138,138,150,150,224,224,235,235,252,177,102,102,133,133,206,239,251,201,213,228,228,228,228],"floor_reached":33,"language":"ENG","playtime":1027,"items_purged":["Parasite"],"score":572,"play_id":"6efaa5ee-5ea0-495f-867b-f1d51db58c3d","local_time":"20210219174127","is_ascension_mode":true,"campfire_choices":[{"data":"Shockwave","floor":7.0,"key":"SMITH"},{"data":"Offering","floor":13.0,"key":"SMITH"},{"data":"Inflame","floor":15.0,"key":"SMITH"},{"floor":23,"key":"REST"},{"floor":25,"key":"REST"},{"floor":32,"key":"REST"}],"circlet_count":0,"master_deck":["AscendersBane","Strike_R+1","Strike_R+1","Strike_R","Strike_R","Defend_R","Defend_R","Defend_R","Defend_R","Bash+1","Shockwave+1","Shrug It Off","Offering+1","Inflame+1","Heavy Blade","Pommel Strike","Clothesline","Immolate","Ghostly Armor+1","Thinking Ahead","Forethought","Hemokinesis","Uppercut"],"relics":["Burning Blood","Orichalcum","White Beast Statue","Gremlin Horn","Bag of Marbles","Akabeko","Whetstone","Fusion Hammer","Art of War","Blue Candle","Blood Vial"],"acts_visited":["Exordium","TheCity"],"potions_floor_usage":[33,33],"damage_taken":[{"damage":4.0,"enemies":"Jaw Worm","floor":1.0,"turns":6.0},{"damage":32.0,"enemies":"Gremlin Nob","floor":6.0,"turns":5.0},{"damage":27.0,"enemies":"3 Sentries","floor":8.0,"turns":10.0},{"damage":0.0,"enemies":"Cultist","floor":11.0,"turns":3.0},{"damage":8.0,"enemies":"Gremlin Nob","floor":12.0,"turns":3.0},{"damage":0.0,"enemies":"2 Louse","floor":14.0,"turns":2.0},{"damage":32,"enemies":"The Guardian","floor":16,"turns":9},{"damage":9,"enemies":"Chosen","floor":18,"turns":3},{"damage":9,"enemies":"Spheric Guardian","floor":20,"turns":3},{"damage":30,"enemies":"Slavers","floor":24,"turns":2},{"damage":11,"enemies":"Gremlin Leader","floor":27,"turns":3},{"damage":18,"enemies":"Snake Plant","floor":28,"turns":3},{"damage":8,"enemies":"3 Cultists","floor":30,"turns":3},{"damage":24,"enemies":"Shelled Parasite and Fungi","floor":31,"turns":3},{"damage":74,"enemies":"Collector","floor":33,"turns":7}],"seed_played":"6946957565597020319","potions_obtained":[{"floor":6.0,"key":"Ancient Potion"},{"floor":8.0,"key":"DistilledChaos"},{"floor":12.0,"key":"Dexterity Potion"},{"floor":14.0,"key":"LiquidBronze"},{"floor":28,"key":"LiquidMemories"}],"is_trial":false,"path_per_floor":["M","$","?","$","?","E","R","E","T","?","M","E","R","M","R","B",null,"M","?","M","$","?","R","E","R","T","E","M","?","M","M","R","B"],"character_chosen":"IRONCLAD","items_purchased":["Orichalcum","Shrug It Off"],"campfire_rested":3,"item_purchase_floors":[2,4],"current_hp_per_floor":[70,70,70,70,75,49,49,28,28,48,54,52,52,58,58,32,68,65,65,62,62,62,77,53,76,76,71,61,61,61,45,68,0,0],"gold":228,"neow_bonus":"HUNDRED_GOLD","is_daily":false,"chose_seed":false,"campfire_upgraded":3,"win_rate":0.0,"timestamp":1613778087,"path_taken":["M","$","?","?","?","E","R","E","T","?","M","E","R","M","R","BOSS","M","?","M","$","?","R","E","R","T","E","?","?","?","M","R","BOSS"],"items_purchased_type":["Relic","Card"],"build_version":"2020-12-22","purchased_purges":1,"victory":false,"max_hp_per_floor":[75,75,75,75,80,80,80,80,80,80,80,80,80,80,80,80,80,80,80,80,77,77,77,77,77,77,77,77,77,77,77,77,77,77],"relic_stats":{"Blood Vial":8,"Gremlin Horn":[14,14],"counters":[15,65],"Blue Candle":[0],"Art of War":[0],"Whetstone":["Strike_R","Bash"],"Orichalcum":[168],"obtain_stats":[{"Blood Vial":27,"Gremlin Horn":6,"Blue Candle":26,"Fusion Hammer":17,"Bag of Marbles":8,"Art of War":24,"Whetstone":12,"Orichalcum":2,"Burning Blood":0,"White Beast Statue":3,"Akabeko":9},{"Blood Vial":11,"Gremlin Horn":2,"Blue Candle":10,"Fusion Hammer":7,"Bag of Marbles":3,"Art of War":10,"Whetstone":5,"Orichalcum":1,"Burning Blood":0,"White Beast Statue":1,"Akabeko":3},{"Blood Vial":49,"Gremlin Horn":11,"Blue Candle":46,"Fusion Hammer":38,"Bag of Marbles":21,"Art of War":46,"Whetstone":27,"Orichalcum":6,"Burning Blood":0,"White Beast Statue":6,"Akabeko":21}],"Burning Blood":84},"card_choices":[{"not_picked":["Iron Wave","Heavy Blade"],"picked":"Shockwave","floor":1.0},{"not_picked":["Sword Boomerang","Whirlwind"],"picked":"Offering","floor":6.0},{"not_picked":["Wild Strike","Fire Breathing"],"picked":"Inflame","floor":8.0},{"not_picked":["Evolve","Warcry"],"picked":"Heavy Blade","floor":11.0},{"not_picked":["Armaments","Battle Trance"],"picked":"Pommel Strike","floor":12.0},{"not_picked":["Sentinel","Anger"],"picked":"Clothesline","floor":14.0},{"not_picked":["Impervious","Brutality"],"picked":"Immolate","floor":16},{"not_picked":["Blood for Blood","Searing Blow"],"picked":"Ghostly Armor","floor":18},{"not_picked":["Madness","Deep Breath"],"picked":"Thinking Ahead","floor":19},{"not_picked":["Flash of Steel","Metamorphosis"],"picked":"Forethought","floor":19},{"not_picked":["Searing Blow","Perfected Strike","Clothesline"],"picked":"SKIP","floor":20},{"not_picked":["Anger","Heavy Blade"],"picked":"Hemokinesis","floor":24},{"not_picked":["Pommel Strike","Heavy Blade","Warcry"],"picked":"SKIP","floor":27},{"not_picked":["Iron Wave","Cleave","Wild Strike"],"picked":"SKIP","floor":28},{"not_picked":["Heavy Blade","Hemokinesis","Entrench"],"picked":"SKIP","floor":30},{"not_picked":["Perfected Strike","Inflame"],"picked":"Uppercut","floor":31}],"player_experience":651076,"relics_obtained":[{"floor":3.0,"key":"White Beast Statue"},{"floor":6.0,"key":"Gremlin Horn"},{"floor":8.0,"key":"Bag of Marbles"},{"floor":9.0,"key":"Akabeko"},{"floor":12.0,"key":"Whetstone"},{"floor":24,"key":"Art of War"},{"floor":26,"key":"Blue Candle"},{"floor":27,"key":"Blood Vial"}],"event_choices":[{"damage_healed":0.0,"max_hp_gain":0.0,"max_hp_loss":0.0,"gold_gain":0.0,"event_name":"Wheel of Change","player_choice":"Relic","floor":3.0,"gold_loss":0.0,"damage_taken":0.0},{"damage_healed":0.0,"max_hp_gain":5.0,"max_hp_loss":0.0,"gold_gain":0.0,"event_name":"Big Fish","player_choice":"Donut","floor":5.0,"gold_loss":0.0,"damage_taken":0.0},{"damage_healed":20.0,"max_hp_gain":0.0,"max_hp_loss":0.0,"gold_gain":0.0,"event_name":"Mushrooms","player_choice":"Healed and dodged fight","floor":10.0,"gold_loss":0.0,"damage_taken":0.0,"cards_obtained":["Parasite"]},{"damage_healed":0,"gold_gain":2,"player_choice":"1","damage_taken":0,"max_hp_gain":0,"max_hp_loss":0,"event_name":"betterStone:BetterStone","floor":19,"gold_loss":0},{"cards_removed":["Strike_R"],"damage_healed":0,"gold_gain":0,"player_choice":"Gave Gold","damage_taken":0,"max_hp_gain":0,"max_hp_loss":0,"event_name":"Beggar","floor":22,"gold_loss":75},{"damage_healed":0,"gold_gain":0,"player_choice":"Upgraded Two","damage_taken":0,"max_hp_gain":0,"max_hp_loss":0,"event_name":"Designer","floor":29,"gold_loss":50,"cards_upgraded":["Strike_R","Ghostly Armor"]}],"is_beta":false,"boss_relics":[{"not_picked":["Astrolabe","Pandora\u0027s Box"],"picked":"Fusion Hammer"}],"items_purged_floors":[21],"is_endless":false,"potions_floor_spawned":[6,8,11,12,14,16,18,20,24,27,28,30,31],"killed_by":"Collector","ascension_level":18}}