{"host":"snampf0t8p8psf53","time":1613773578,"event":{"mods":["AchievementEnabler","BaseMod","Bestiary","DeckTracker","Minty Spire (QoL Compilation)","Permanent Neow","SuperFastMode"],"gold_per_floor":[415,426,443,461,477,511,555,599,625,662,697,732,763,791,803,920,932,958,986,1009,532,546,582,618,652,729,765,783,821,721,756,756,864,864,877,817,827,842,560,604,604,604,604,647,647,685,698,733,733,733],"floor_reached":51,"language":"ENG","playtime":3560,"items_purged":[],"score":1993,"play_id":"f8390b23-90da-4811-a372-5a50f045d35c","local_time":"20210219142618","daily_mods":["SealedDeck","Vintage","Heirloom","Time Dilation","Flight","DeadlyEvents","Elite Swarm"],"is_ascension_mode":true,"campfire_choices":[{"floor":15,"key":"REST"},{"floor":32,"key":"REST"},{"data":"1","floor":41,"key":"LIFT"},{"data":"2","floor":42,"key":"LIFT"},{"data":"3","floor":45,"key":"LIFT"},{"floor":49,"key":"REST"}],"circlet_count":0,"master_deck":["AscendersBane","Calculated Gamble+1","Dagger Spray","Crippling Poison","Leg Sweep","Backstab","Infinite Blades","Well Laid Plans","Cloak And Dagger","Backflip","Dash","Adrenaline","After Image","After Image","After Image","After Image","Adrenaline+1","After Image","Wraith Form v2","Terror","Venomology","Malaise","Adrenaline","After Image","Die Die Die","Caltrops","Backflip","Adrenaline","Envenom","Noxious Fumes","Adrenaline","Envenom","Wraith Form v2","Die Die Die","Malaise"],"relics":["Ring of the Snake","Old Coin","Tough Bandages","Bottled Lightning","Letter Opener","Centennial Puzzle","CeramicFish","StoneCalendar","Blood Vial","Art of War","Bronze Scales","Ninja Scroll","Unceasing Top","MawBank","HornCleat","Toy Ornithopter","Fusion Hammer","Ancient Tea Set","Regal Pillow","Thread and Needle","Dead Branch","Bottled Flame","TungstenRod","Ice Cream","Akabeko","Sundial","Peace Pipe","Gremlin Horn","Nunchaku","Omamori","SacredBark","Kunai","Orichalcum","CaptainsWheel","Bag of Preparation","DollysMirror","Girya","Oddly Smooth Stone","Mummified Hand","War Paint","Molten Egg 2","Bird Faced Urn"],"acts_visited":["Exordium","TheCity","TheBeyond"],"potions_floor_usage":[5,6,12,16,24,25,25,27,29,29,31,33,35,35,38,38,38,40,48,48,50],"damage_taken":[{"damage":0,"enemies":"2 Louse","floor":1,"turns":3},{"damage":0,"enemies":"Jaw Worm","floor":2,"turns":3},{"damage":0,"enemies":"Cultist","floor":3,"turns":3},{"damage":0,"enemies":"Blue Slaver","floor":4,"turns":4},{"damage":0,"enemies":"Exordium Wildlife","floor":5,"turns":3},{"damage":17,"enemies":"Lagavulin","floor":6,"turns":6},{"damage":7,"enemies":"3 Sentries","floor":7,"turns":4},{"damage":16,"enemies":"Gremlin Nob","floor":8,"turns":5},{"damage":9,"enemies":"3 Sentries","floor":10,"turns":5},{"damage":7,"enemies":"Lagavulin","floor":11,"turns":6},{"damage":4,"enemies":"Gremlin Nob","floor":12,"turns":4},{"damage":0,"enemies":"2 Fungi Beasts","floor":13,"turns":2},{"damage":0,"enemies":"Blue Slaver","floor":14,"turns":1},{"damage":0,"enemies":"Hexaghost","floor":16,"turns":8},{"damage":2,"enemies":"Spheric Guardian","floor":18,"turns":5},{"damage":3,"enemies":"Chosen","floor":19,"turns":4},{"damage":0,"enemies":"Sentry and Sphere","floor":20,"turns":7},{"damage":0,"enemies":"Centurion and Healer","floor":22,"turns":5},{"damage":3,"enemies":"Book of Stabbing","floor":23,"turns":6},{"damage":0,"enemies":"Gremlin Leader","floor":24,"turns":6},{"damage":0,"enemies":"Slavers","floor":25,"turns":2},{"damage":0,"enemies":"Book of Stabbing","floor":27,"turns":3},{"damage":0,"enemies":"Shelled Parasite and Fungi","floor":28,"turns":1},{"damage":0,"enemies":"Gremlin Leader","floor":29,"turns":4},{"damage":1,"enemies":"Book of Stabbing","floor":31,"turns":4},{"damage":8,"enemies":"Collector","floor":33,"turns":7},{"damage":0,"enemies":"3 Darklings","floor":35,"turns":2},{"damage":6,"enemies":"Orb Walker","floor":37,"turns":3},{"damage":0,"enemies":"4 Shapes","floor":38,"turns":1},{"damage":0,"enemies":"Giant Head","floor":40,"turns":7},{"damage":0,"enemies":"Nemesis","floor":44,"turns":3},{"damage":0,"enemies":"Reptomancer","floor":46,"turns":1},{"damage":0,"enemies":"Spire Growth","floor":47,"turns":3},{"damage":0,"enemies":"Giant Head","floor":48,"turns":4},{"damage":0,"enemies":"Time Eater","floor":50,"turns":8}],"seed_played":"-6287599718210032242","potions_obtained":[{"floor":2,"key":"Strength Potion"},{"floor":3,"key":"FairyPotion"},{"floor":4,"key":"EntropicBrew"},{"floor":5,"key":"CultistPotion"},{"floor":11,"key":"AttackPotion"},{"floor":13,"key":"SteroidPotion"},{"floor":22,"key":"SneckoOil"},{"floor":24,"key":"Explosive Potion"},{"floor":28,"key":"Strength Potion"},{"floor":47,"key":"DistilledChaos"},{"floor":48,"key":"Fruit Juice"}],"is_trial":true,"path_per_floor":["M","M","M","M","M","E","E","E","T","E","E","E","M","M","R","B",null,"M","M","M","$","M","E","E","E","T","E","M","E","$","E","R","B",null,"M","$","M","M","$","E","R","R","T","E","R","E","M","E","R","B",null],"character_chosen":"THE_SILENT","items_purchased":["Dead Branch","Wraith Form v2","Terror","Caltrops","Backflip","Noxious Fumes","Bag of Preparation","DollysMirror"],"campfire_rested":3,"item_purchase_floors":[21,21,21,30,30,36,39,39],"current_hp_per_floor":[63,63,63,63,63,46,39,25,25,18,13,11,13,15,36,43,63,63,62,64,64,66,65,70,70,70,70,70,70,70,70,70,62,68,70,70,64,70,70,70,70,70,70,70,70,70,70,80,80,80],"gold":733,"neow_bonus":"","is_daily":false,"chose_seed":false,"campfire_upgraded":0,"win_rate":0.0,"timestamp":1613773578,"path_taken":["M","M","M","M","M","E","E","E","T","E","E","E","M","M","R","BOSS","M","M","M","$","M","E","E","E","T","E","M","E","$","E","R","BOSS","M","$","M","M","$","E","R","R","T","E","R","E","M","E","R","BOSS"],"items_purchased_type":["Relic","Card","Card","Card","Card","Card","Relic","Relic"],"build_version":"2020-12-22","purchased_purges":0,"victory":true,"max_hp_per_floor":[70,70,70,70,70,70,70,70,70,70,70,70,70,70,70,70,70,70,70,70,70,70,70,70,70,70,70,70,70,70,70,70,70,70,70,70,70,70,70,70,70,70,70,70,70,70,70,80,80,80],"card_choices":[{"not_picked":["Storm of Steel","Grand Finale"],"picked":"Adrenaline","floor":6},{"not_picked":["Envenom","Corpse Explosion"],"picked":"After Image","floor":7},{"not_picked":["Bullet Time","Corpse Explosion"],"picked":"After Image","floor":8},{"not_picked":["Die Die Die","Storm of Steel"],"picked":"After Image","floor":10},{"not_picked":["Glass Knife","Malaise"],"picked":"After Image","floor":11},{"not_picked":["Corpse Explosion","Die Die Die"],"picked":"Adrenaline","floor":12},{"not_picked":["Doppelganger","Grand Finale"],"picked":"After Image","floor":16},{"not_picked":["Die Die Die","Night Terror"],"picked":"Venomology","floor":23},{"not_picked":["Bullet Time","Doppelganger"],"picked":"Malaise","floor":24},{"not_picked":["Corpse Explosion","Night Terror"],"picked":"Adrenaline","floor":25},{"not_picked":["Tools of the Trade","Venomology"],"picked":"After Image","floor":27},{"not_picked":["A Thousand Cuts","Unload"],"picked":"Die Die Die","floor":29},{"not_picked":["Phantasmal Killer","Storm of Steel"],"picked":"Adrenaline","floor":31},{"not_picked":["Venomology","Unload"],"picked":"Envenom","floor":33},{"not_picked":["Venomology","A Thousand Cuts"],"picked":"Envenom","floor":40},{"not_picked":["Burst","Glass Knife"],"picked":"Wraith Form v2","floor":44},{"not_picked":["A Thousand Cuts","Phantasmal Killer"],"picked":"Die Die Die","floor":46},{"not_picked":["Grand Finale+1","Burst"],"picked":"Malaise","floor":48}],"player_experience":121138,"relics_obtained":[{"floor":1,"key":"Tough Bandages"},{"floor":2,"key":"Bottled Lightning"},{"floor":3,"key":"Letter Opener"},{"floor":4,"key":"Centennial Puzzle"},{"floor":5,"key":"CeramicFish"},{"floor":6,"key":"StoneCalendar"},{"floor":7,"key":"Blood Vial"},{"floor":8,"key":"Art of War"},{"floor":9,"key":"Bronze Scales"},{"floor":10,"key":"Ninja Scroll"},{"floor":11,"key":"Unceasing Top"},{"floor":12,"key":"MawBank"},{"floor":13,"key":"HornCleat"},{"floor":14,"key":"Toy Ornithopter"},{"floor":18,"key":"Ancient Tea Set"},{"floor":19,"key":"Regal Pillow"},{"floor":20,"key":"Thread and Needle"},{"floor":22,"key":"Bottled Flame"},{"floor":23,"key":"TungstenRod"},{"floor":24,"key":"Ice Cream"},{"floor":25,"key":"Akabeko"},{"floor":26,"key":"Sundial"},{"floor":27,"key":"Peace Pipe"},{"floor":28,"key":"Gremlin Horn"},{"floor":29,"key":"Nunchaku"},{"floor":31,"key":"Omamori"},{"floor":35,"key":"Kunai"},{"floor":37,"key":"Orichalcum"},{"floor":38,"key":"CaptainsWheel"},{"floor":40,"key":"Girya"},{"floor":43,"key":"Oddly Smooth Stone"},{"floor":44,"key":"Mummified Hand"},{"floor":46,"key":"War Paint"},{"floor":47,"key":"Molten Egg 2"},{"floor":48,"key":"Bird Faced Urn"}],"event_choices":[],"is_beta":false,"boss_relics":[{"not_picked":["Ectoplasm","HoveringKite"],"picked":"Fusion Hammer"},{"not_picked":["Astrolabe","Black Star"],"picked":"SacredBark"}],"items_purged_floors":[],"is_endless":false,"potions_floor_spawned":[2,3,4,5,11,13,22,23,24,28,35,47,48],"ascension_level":10}}