{"host":"mo324zvkdr1xwprd","time":1613741055,"event":{"mods":["A Penny For Your Troubles","BaseMod","Better Note","Better Third Choice","BetterRewards","Hermit","Highlight Path","Hubris","Minty Spire (QoL Compilation)","Quick Restart","Rare Cards Sparkle","Shop Mod","StSLib","The Cursed","The Hierophant","The Servant 0.9.4","Transform Curses"],"gold_per_floor":[159,169,210,247,247,247,276,291,314,350,390,449,475,506,506,605,605,624,640,610,643,64,91,111,128,202,221,221,221],"floor_reached":28,"language":"ENG","playtime":2085,"items_purged":[],"score":669,"play_id":"afb6aa1b-639a-4db5-9e2f-167246d76869","local_time":"20210219132415","is_ascension_mode":true,"campfire_choices":[{"floor":6.0,"key":"REST"},{"data":"1","floor":15.0,"key":"LIFT"}],"circlet_count":0,"master_deck":["AscendersBane","Bash+1","Ghostly Armor","Shrug It Off","HandOfGreed","Flex","Apotheosis","Pummel","Infernal Blade","Metallicize","Second Wind","Pommel Strike","Flame Barrier","Cleave","Pummel","Thunderclap","Flex","Shockwave","hubris:ReadiedAction","Anger","Barricade","Shockwave","Headbutt","Reckless Charge","Armaments","Juggernaut","Flex","Uppercut","hubris:ReadiedAction","Evolve","Flame Barrier","Rage","Shrug It Off","Good Instincts","Anger","Twin Strike","Infernal Blade","Secret Technique","Dropkick","Anger+1","Ghostly Armor","Sword Boomerang+1"],"relics":["Burning Blood","Frozen Eye","Girya","Torii","Bottled Lightning","Nunchaku","Dream Catcher","Whetstone","Potion Belt","CaptainsWheel","Pandora\u0027s Box","Regal Pillow","Shuriken"],"acts_visited":["Exordium","TheCity"],"potions_floor_usage":[28],"damage_taken":[{"damage":6.0,"enemies":"Small Slimes","floor":1.0,"turns":4.0},{"damage":1.0,"enemies":"Jaw Worm","floor":2.0,"turns":5.0},{"damage":0.0,"enemies":"Cultist","floor":3.0,"turns":3.0},{"damage":2.0,"enemies":"Lots of Slimes","floor":4.0,"turns":5.0},{"damage":13.0,"enemies":"Lagavulin","floor":7.0,"turns":6.0},{"damage":3.0,"enemies":"Gremlin Gang","floor":8.0,"turns":4.0},{"damage":1.0,"enemies":"Exordium Thugs","floor":10.0,"turns":5.0},{"damage":1.0,"enemies":"2 Fungi Beasts","floor":11.0,"turns":4.0},{"damage":4.0,"enemies":"Lots of Slimes","floor":12.0,"turns":10.0},{"damage":16.0,"enemies":"3 Sentries","floor":14.0,"turns":7.0},{"damage":2.0,"enemies":"Hexaghost","floor":16.0,"turns":7.0},{"damage":0.0,"enemies":"Spheric Guardian","floor":18.0,"turns":4.0},{"damage":28.0,"enemies":"2 Thieves","floor":19.0,"turns":4.0},{"damage":15.0,"enemies":"Centurion and Healer","floor":21.0,"turns":9.0},{"damage":19.0,"enemies":"Gremlin Leader","floor":23.0,"turns":5.0},{"damage":25.0,"enemies":"Snake Plant","floor":24.0,"turns":4.0},{"damage":9.0,"enemies":"Snecko","floor":25.0,"turns":5.0},{"damage":0.0,"enemies":"3 Cultists","floor":27.0,"turns":3.0},{"damage":23,"enemies":"Centurion and Healer","floor":28,"turns":4}],"seed_played":"4927616694673226086","potions_obtained":[{"floor":1.0,"key":"Ancient Potion"},{"floor":3.0,"key":"SteroidPotion"},{"floor":8.0,"key":"Ancient Potion"},{"floor":10.0,"key":"GamblersBrew"},{"floor":12.0,"key":"Energy Potion"},{"floor":16.0,"key":"PowerPotion"},{"floor":18.0,"key":"SpeedPotion"},{"floor":20.0,"key":"Strength Potion"},{"floor":20.0,"key":"DistilledChaos"},{"floor":27.0,"key":"EssenceOfSteel"}],"is_trial":false,"path_per_floor":["M","M","M","M","?","R","E","M","T","M","M","M","T","E","R","B",null,"M","M","?","M","$","E","M","M","T","M","M"],"character_chosen":"IRONCLAD","items_purchased":["Frozen Eye","Ghostly Armor","Shrug It Off","HandOfGreed","Flex","Apotheosis","Bottled Lightning","Nunchaku","Pummel","Infernal Blade","Metallicize","Fruit Juice","Good Instincts","Anger","Twin Strike","Infernal Blade","Secret Technique"],"campfire_rested":1,"item_purchase_floors":[0,0,0,0,0,0,0,0,0,0,0,22,22,22,22,22,22],"current_hp_per_floor":[20,25,31,35,38,61,54,57,57,62,67,69,69,59,59,63,74,78,56,56,47,52,39,20,17,17,23,0,0],"gold":221,"neow_bonus":"","is_daily":false,"chose_seed":false,"campfire_upgraded":0,"win_rate":0.0,"timestamp":1613741055,"path_taken":["M","M","M","M","?","R","E","M","T","M","M","M","?","E","R","BOSS","M","M","?","M","$","E","M","M","T","M","?"],"items_purchased_type":["Relic","Card","Card","Card","Card","Card","Relic","Relic","Card","Card","Card","Potion","Card","Card","Card","Card","Card"],"build_version":"2020-12-22","purchased_purges":0,"victory":false,"max_hp_per_floor":[75,75,75,75,78,78,78,78,78,78,78,78,78,78,78,78,78,78,78,78,78,83,83,83,83,83,83,83,83],"card_choices":[{"not_picked":["Power Through","hubris:CleavingFinish"],"picked":"Second Wind","floor":1.0},{"not_picked":["Second Wind","Hemokinesis"],"picked":"Pommel Strike","floor":2.0},{"not_picked":["Sever Soul","Iron Wave"],"picked":"Flame Barrier","floor":3.0},{"not_picked":["Metallicize","Reckless Charge"],"picked":"Cleave","floor":4.0},{"not_picked":["Iron Wave","Uppercut"],"picked":"Pummel","floor":7.0},{"not_picked":["Pommel Strike","Body Slam"],"picked":"Thunderclap","floor":8.0},{"not_picked":["Sever Soul","Fiend Fire"],"picked":"Flex","floor":10.0},{"not_picked":["Body Slam","Rampage"],"picked":"Shockwave","floor":11.0},{"not_picked":["Flex","Body Slam"],"picked":"hubris:ReadiedAction","floor":12.0},{"not_picked":["Searing Blow","Uppercut"],"picked":"Anger","floor":14.0},{"not_picked":["Fiend Fire","Corruption"],"picked":"Barricade","floor":16.0},{"not_picked":["Thunderclap","Shockwave"],"picked":"Flame Barrier","floor":18.0},{"not_picked":["Rupture","Cleave+1"],"picked":"Rage","floor":19.0},{"not_picked":["Rupture","Body Slam"],"picked":"Shrug It Off","floor":21.0},{"not_picked":["True Grit","Dark Embrace"],"picked":"Dropkick","floor":23.0},{"not_picked":["Wild Strike","Shockwave"],"picked":"Anger+1","floor":24.0},{"not_picked":["Twin Strike","Wild Strike"],"picked":"Ghostly Armor","floor":25.0},{"not_picked":["Armaments","Metallicize+1"],"picked":"Sword Boomerang+1","floor":27.0}],"player_experience":763129,"relics_obtained":[{"floor":7.0,"key":"Dream Catcher"},{"floor":9.0,"key":"Whetstone"},{"floor":13.0,"key":"Potion Belt"},{"floor":14.0,"key":"CaptainsWheel"},{"floor":23.0,"key":"Regal Pillow"},{"floor":26.0,"key":"Shuriken"}],"event_choices":[{"damage_healed":0.0,"max_hp_gain":0.0,"max_hp_loss":0.0,"gold_gain":0.0,"event_name":"The Woman in Blue","player_choice":"Bought 2 Potions","floor":20.0,"gold_loss":0.0,"damage_taken":0.0}],"is_beta":false,"boss_relics":[{"not_picked":["Tiny House","Coffee Dripper"],"picked":"Pandora\u0027s Box"}],"items_purged_floors":[],"is_endless":false,"potions_floor_spawned":[1,3,8,10,12,16,18,27],"killed_by":"Centurion and Healer","ascension_level":16}}