{"host":"tr0r177cvmpvg89h","time":1613747102,"event":{"mods":["BaseMod","Colored Map","DeckTracker","Minty Spire (QoL Compilation)","StSLib","SuperFastMode"],"gold_per_floor":[113,38,58,76,76,76,88,88,88,105,118,18,35,46,46,145,195,208,83,100,100,120,120,219,219,219,219,230,258,258,284,284,388,388,402,179,190,190,206,206,206,206],"floor_reached":41,"language":"KOR","playtime":2457,"items_purged":["Strike_G","Strike_G","Defend_G","Strike_G"],"score":425,"play_id":"f7bd4108-2830-4ecb-b832-5422cca4e4cd","local_time":"20210220000502","is_ascension_mode":false,"campfire_choices":[{"data":"Footwork","floor":6,"key":"SMITH"},{"data":"Neutralize","floor":8,"key":"SMITH"},{"data":"Noxious Fumes","floor":15,"key":"SMITH"},{"data":"Catalyst","floor":23,"key":"SMITH"},{"data":"Backflip","floor":25,"key":"SMITH"},{"data":"Escape Plan","floor":30,"key":"SMITH"},{"floor":32,"key":"REST"},{"data":"Deflect","floor":40,"key":"SMITH"}],"circlet_count":0,"master_deck":["Strike_G","Strike_G","Defend_G","Defend_G","Defend_G","Survivor","Neutralize+1","Escape Plan+1","Slice","Footwork+1","Backflip+1","Noxious Fumes+1","Blade Dance","Corpse Explosion","Quick Slash+1","Unload","Deflect+1","Catalyst+1","Bouncing Flask","Well Laid Plans","Acrobatics+1"],"relics":["Ring of the Snake","Vajra","HornCleat","Tiny House","Ginger","Torii","TungstenRod","Sozu"],"acts_visited":["Exordium","TheCity","TheBeyond"],"potions_floor_usage":[16,29,29,31,39],"damage_taken":[{"damage":0,"enemies":"Small Slimes","floor":1,"turns":3},{"damage":1,"enemies":"Jaw Worm","floor":3,"turns":4},{"damage":0,"enemies":"2 Louse","floor":4,"turns":2},{"damage":2,"enemies":"Exordium Wildlife","floor":7,"turns":6},{"damage":6,"enemies":"Gremlin Gang","floor":10,"turns":5},{"damage":5,"enemies":"3 Louse","floor":11,"turns":3},{"damage":1,"enemies":"Red Slaver","floor":13,"turns":4},{"damage":4,"enemies":"2 Fungi Beasts","floor":14,"turns":3},{"damage":20,"enemies":"Hexaghost","floor":16,"turns":10},{"damage":0,"enemies":"Shell Parasite","floor":18,"turns":5},{"damage":10,"enemies":"Spheric Guardian","floor":20,"turns":5},{"damage":0,"enemies":"3 Cultists","floor":22,"turns":4},{"damage":3,"enemies":"Chosen and Byrds","floor":28,"turns":5},{"damage":7,"enemies":"Book of Stabbing","floor":29,"turns":6},{"damage":29,"enemies":"Slavers","floor":31,"turns":7},{"damage":34,"enemies":"Collector","floor":33,"turns":10},{"damage":6,"enemies":"Orb Walker","floor":35,"turns":4},{"damage":17,"enemies":"3 Shapes","floor":37,"turns":4},{"damage":29,"enemies":"Sphere and 2 Shapes","floor":39,"turns":6},{"damage":28,"enemies":"Nemesis","floor":41,"turns":5}],"seed_played":"3658773035153335287","potions_obtained":[{"floor":1,"key":"ColorlessPotion"},{"floor":7,"key":"LiquidMemories"},{"floor":10,"key":"Explosive Potion"},{"floor":17,"key":"FearPotion"},{"floor":28,"key":"SteroidPotion"},{"floor":33,"key":"Weak Potion"}],"is_trial":false,"path_per_floor":["M","$","M","M","?","R","M","R","T","M","M","$","M","M","R","B",null,"M","$","M","$","M","R","?","R","T","?","M","E","R","E","R","B",null,"M","$","M","?","M","R","E"],"character_chosen":"THE_SILENT","items_purchased":["Well Laid Plans"],"campfire_rested":1,"item_purchase_floors":[36],"current_hp_per_floor":[70,70,69,69,69,69,67,67,67,61,56,56,55,51,51,31,75,75,75,65,65,65,65,65,65,65,65,62,55,55,26,48,14,75,69,69,52,52,23,23,0,0],"gold":206,"neow_bonus":"RANDOM_COMMON_RELIC","is_daily":false,"chose_seed":false,"campfire_upgraded":7,"win_rate":0.0,"timestamp":1613747102,"path_taken":["M","$","M","M","?","R","M","R","T","M","M","$","M","M","R","BOSS","M","$","M","$","M","R","?","R","T","?","M","E","R","E","R","BOSS","M","$","M","?","M","R","E"],"items_purchased_type":["Card"],"build_version":"2020-12-22","purchased_purges":4,"victory":false,"max_hp_per_floor":[70,70,70,70,70,70,70,70,70,70,70,70,70,70,70,70,75,75,75,75,75,75,75,75,75,75,75,75,75,75,75,75,75,75,75,75,75,75,75,75,75,75],"card_choices":[{"not_picked":["Endless Agony","Dash"],"picked":"Escape Plan","floor":1},{"not_picked":["Blade Dance","Outmaneuver"],"picked":"Slice","floor":3},{"not_picked":["Quick Slash","Riddle With Holes"],"picked":"Footwork","floor":4},{"not_picked":["Riddle With Holes","Flying Knee"],"picked":"Backflip","floor":7},{"not_picked":["Underhanded Strike","Dodge and Roll"],"picked":"Noxious Fumes","floor":10},{"not_picked":["Poisoned Stab","Escape Plan"],"picked":"Blade Dance","floor":11},{"not_picked":["Dash","Blade Dance"],"picked":"Corpse Explosion","floor":13},{"not_picked":["PiercingWail","Leg Sweep"],"picked":"Quick Slash","floor":14},{"not_picked":["Corpse Explosion","Night Terror"],"picked":"Unload","floor":16},{"not_picked":["Dagger Throw","Distraction"],"picked":"Deflect","floor":17},{"not_picked":["Sucker Punch","Outmaneuver+1","Flechettes+1"],"picked":"SKIP","floor":18},{"not_picked":["Dagger Spray","Skewer","Masterful Stab"],"picked":"SKIP","floor":20},{"not_picked":["Well Laid Plans","Dagger Spray"],"picked":"Catalyst","floor":22},{"not_picked":["Dodge and Roll","Blade Dance","Backflip"],"picked":"SKIP","floor":28},{"not_picked":["Predator","Infinite Blades","Heel Hook+1"],"picked":"SKIP","floor":29},{"not_picked":["Escape Plan","Poisoned Stab","Accuracy+1"],"picked":"SKIP","floor":31},{"not_picked":["Dagger Spray+1","Accuracy","Reflex+1"],"picked":"SKIP","floor":35},{"not_picked":["Prepared","Tactician","Quick Slash"],"picked":"SKIP","floor":37},{"not_picked":["Dodge and Roll","Blade Dance+1"],"picked":"Acrobatics+1","floor":39}],"player_experience":119084,"relics_obtained":[{"floor":9,"key":"HornCleat"},{"floor":26,"key":"Ginger"},{"floor":29,"key":"Torii"},{"floor":31,"key":"TungstenRod"}],"event_choices":[{"cards_removed":["Defend_G"],"damage_healed":0,"gold_gain":0,"player_choice":"Forget","damage_taken":0,"max_hp_gain":0,"max_hp_loss":0,"event_name":"Living Wall","floor":5,"gold_loss":0},{"damage_healed":0,"gold_gain":99,"player_choice":"Stole From Cult","damage_taken":0,"max_hp_gain":0,"max_hp_loss":0,"event_name":"Nest","floor":24,"gold_loss":0},{"damage_healed":0,"gold_gain":0,"player_choice":"Read","damage_taken":0,"max_hp_gain":0,"max_hp_loss":0,"event_name":"The Library","floor":27,"gold_loss":0,"cards_obtained":["Bouncing Flask"]},{"damage_healed":0,"gold_gain":0,"player_choice":"Bought 0 Potions","damage_taken":0,"max_hp_gain":0,"max_hp_loss":0,"event_name":"The Woman in Blue","floor":38,"gold_loss":0}],"is_beta":false,"boss_relics":[{"not_picked":["Coffee Dripper","Empty Cage"],"picked":"Tiny House"},{"not_picked":["SlaversCollar","Runic Dome"],"picked":"Sozu"}],"items_purged_floors":[2,12,19,36],"is_endless":false,"potions_floor_spawned":[1,7,10,14,22,28,33,35,37],"killed_by":"Nemesis","ascension_level":0}}