{"host":"xltl1aroowo69o4n","time":1613710114,"event":{"mods":["BaseMod","Colored Map","Colored Powertips","Downfall","Marisa????????","Minty Spire (QoL Compilation)","Replay The Spire","StSLib","The Cursed","The Hierophant","The Mystic","The Necromancer","The Servant 0.9.4"],"gold_per_floor":[0,11,29,29,45,64,64,64,64,74,74,103,103,12,25,120,120,120,132,151,169,29,58,58,43,62,76,76,102,2,0,17,112,112,112,124,33,78,78,93,119,154,184,201,101,101,101,121,138,138],"floor_reached":51,"language":"ENG","playtime":3036,"items_purged":[],"score":881,"play_id":"254579c7-275a-4a33-8c46-3e6583d40af0","local_time":"20210218234834","is_ascension_mode":true,"campfire_choices":[{"data":"Flesh_Made_Foul","floor":8,"key":"SMITH"},{"data":"Necrotic_Claws","floor":11,"key":"SMITH"},{"data":"Slay_Living","floor":13,"key":"SMITH"},{"floor":18,"key":"RECALL"},{"floor":28,"key":"REST"},{"floor":30,"key":"REST"},{"data":"Specialist","floor":35,"key":"SMITH"},{"floor":45,"key":"REST"},{"data":"Apotheosis","floor":47,"key":"SMITH"},{"data":"Siphon_Strength","floor":47,"key":"SMITH"}],"circlet_count":0,"master_deck":["Strike_W","Strike_W","Strike_W","Defend_W","Defend_W","Defend_W","Defend_W","Negative_Energy_Arrows","Bone_Wall","Blood_Curse","Blood_Shield","Bone_Shift","Negative_Energy_Arrows","Hallucinations","Flesh_Made_Foul+1","Vampiric_Strike","Necrotic_Claws+1","Slay_Living+1","Negative_Energy_Shield","Spectral_Armor","Siphon_Strength+1","Skeleton_Dragon","Death_March_Dance+1","Bone_Shift","Toxic_Smoke_Screen","Summon_Undead","Secret Technique","Discovery","Specialist+1","Bone_Bullets+1","Bone_Armor","Death_Coil+1","Corrupt","Finger_Of_Death+1","Cloudkill","Deaths_Shadow","Summon_Vampire_Lady","Summon_Undead+1","Scare+1","Apotheosis+1","Bone_Prison","Summon_Lich","Siphon_Strength+1","Chill_Blood","Shackles_Of_Pain","Spectral_Armor+1","Grasp_Heart","Finger_Of_Death+1","Bone_Prison","Summon_Lich+1"],"relics":["Vampire_Amulet","CaptainsWheel","Bronze Scales","Garlic","SlaversCollar","ReplayTheSpireMod:ShopPack","WingedGreaves","InkBottle","Replay:Mystery Machine","downfall:HeartBlessingRed","Snecko Eye","Vajra","Replay:Arrowhead","White Beast Statue","Happy Flower","downfall:HeartBlessingBlue"],"acts_visited":["Exordium","TheCity","TheBeyond"],"potions_floor_usage":[33,38,38,48,50],"damage_taken":[{"damage":3,"enemies":"Jaw Worm","floor":2,"turns":6},{"damage":0,"enemies":"Cultist","floor":3,"turns":5},{"damage":0,"enemies":"2 Louse","floor":5,"turns":4},{"damage":7,"enemies":"Red Slaver","floor":6,"turns":5},{"damage":2,"enemies":"3 Louse","floor":10,"turns":4},{"damage":20,"enemies":"Lagavulin","floor":12,"turns":6},{"damage":0,"enemies":"downfall:FleeingMerchant","floor":14,"turns":4},{"damage":8,"enemies":"Gremlin Gang","floor":15,"turns":4},{"damage":19,"enemies":"SI_SHIV_ARCHETYPE","floor":16,"turns":9},{"damage":16,"enemies":"Spheric Guardian","floor":19,"turns":6},{"damage":0,"enemies":"Shell Parasite","floor":20,"turns":4},{"damage":18,"enemies":"Chosen and Byrds","floor":21,"turns":7},{"damage":2,"enemies":"downfall:FleeingMerchant","floor":22,"turns":4},{"damage":4,"enemies":"Book of Stabbing","floor":23,"turns":6},{"damage":0,"enemies":"downfall:FleeingMerchant","floor":25,"turns":4},{"damage":5,"enemies":"Shelled Parasite and Fungi","floor":26,"turns":5},{"damage":25,"enemies":"Centurion and Healer","floor":27,"turns":7},{"damage":25,"enemies":"Gremlin Leader","floor":29,"turns":7},{"damage":0,"enemies":"downfall:FleeingMerchant","floor":31,"turns":4},{"damage":11,"enemies":"Cultist and Chosen","floor":32,"turns":6},{"damage":48,"enemies":"IC_MUSHROOM_ARCHETYPE","floor":33,"turns":9},{"damage":5,"enemies":"Orb Walker","floor":36,"turns":3},{"damage":2,"enemies":"downfall:FleeingMerchant","floor":37,"turns":2},{"damage":19,"enemies":"2 Orb Walkers","floor":38,"turns":4},{"damage":9,"enemies":"3 Shapes","floor":40,"turns":3},{"damage":21,"enemies":"Giant Head","floor":42,"turns":8},{"damage":14,"enemies":"Transient","floor":44,"turns":5},{"damage":12,"enemies":"Spire Growth","floor":48,"turns":4},{"damage":11,"enemies":"Writhing Mass","floor":49,"turns":6},{"damage":2,"enemies":"WA_ARCHETYPE_DIVINITY","floor":50,"turns":9}],"seed_played":"-7184084146609056169","potions_obtained":[{"floor":3,"key":"Reflective Coating"},{"floor":9,"key":"SkillPotion"},{"floor":9,"key":"LiquidMemories"},{"floor":33,"key":"Toxic Potion"},{"floor":42,"key":"Regen Potion"},{"floor":43,"key":"SmokeBomb"},{"floor":48,"key":"Block Potion"},{"floor":49,"key":"ColorlessPotion"}],"is_trial":false,"path_per_floor":["R_BF","M","M","?","M","M","T","R","?","M","R","E","R","$","M","B",null,"R","M","M","M","$","E","T","$","M","M","R","E","R","$","M","B",null,"R","M","$","?","?","M","T","E","?","M","R","?","R","M","M","B",null],"character_chosen":"NECROMANCER","items_purchased":["Spectral_Armor","ReplayTheSpireMod:ShopPack","Apotheosis","Vajra","Bone_Prison","Summon_Lich"],"campfire_rested":3,"item_purchase_floors":[14,22,37,37,37,37],"current_hp_per_floor":[75,74,75,75,75,70,70,70,70,75,75,57,57,59,61,44,75,75,61,63,51,52,52,52,54,59,59,75,58,75,75,71,33,75,75,72,72,59,59,62,62,71,53,44,79,79,79,81,72,78],"gold":138,"neow_bonus":"ONE_RARE_RELIC","is_daily":false,"chose_seed":false,"campfire_upgraded":6,"win_rate":0.0,"timestamp":1613710114,"path_taken":["R_BF","M","M","?","?","M","T","R","?","M","R","E","R","$","M","BOSS","R","M","M","M","$","E","T","$","M","M","R","E","R","$","M","BOSS","R","M","$","?","?","?","T","E","?","M","R","?","R","M","M","BOSS"],"items_purchased_type":["Card","Relic","Card","Relic","Card","Card"],"build_version":"2020-12-13","purchased_purges":0,"victory":true,"max_hp_per_floor":[75,75,75,75,75,75,75,75,75,75,75,75,75,75,75,75,75,75,75,75,75,75,75,75,75,75,75,75,75,75,75,75,75,75,75,75,75,75,75,75,75,75,75,75,85,85,85,85,85,85],"card_choices":[{"not_picked":["Consume_Illness","Bones_to_Steel"],"picked":"Blood_Shield","floor":2},{"not_picked":["Shackles_Of_Pain","Bone_Armory"],"picked":"Bone_Shift","floor":3},{"not_picked":["Blood_Curse","Spectral_Walk"],"picked":"Flesh_Made_Foul","floor":5},{"not_picked":["Bone_Armor","Blood_Curse"],"picked":"Vampiric_Strike","floor":6},{"not_picked":["Deaths_Shadow","Blood_Curse"],"picked":"Necrotic_Claws","floor":10},{"not_picked":["Negative_Energy_Bomb","Blood_for_Blood"],"picked":"Slay_Living","floor":12},{"not_picked":["Bone_Armor","Vampiric_Strike"],"picked":"Negative_Energy_Shield","floor":14},{"not_picked":["Violent_Necrosis","Blood_Is_Power"],"picked":"Siphon_Strength","floor":15},{"not_picked":["Cloudkill","Grasp_Heart"],"picked":"Skeleton_Dragon","floor":16},{"not_picked":["Blood_Curse","Necromantic_Selection"],"picked":"Death_March_Dance+1","floor":19},{"not_picked":["Shackles_Of_Pain","Blood_Curse"],"picked":"Bone_Shift","floor":20},{"not_picked":["Spectral_Armor","Death_March_Dance+1"],"picked":"Toxic_Smoke_Screen","floor":21},{"not_picked":["Thousand_Bone_Knives","Blood_Magic"],"picked":"Summon_Undead","floor":22},{"not_picked":["Transmutation","ReplayTheSpireMod:Necrogeddon"],"picked":"Secret Technique","floor":22},{"not_picked":["Replay:Parry","ReplayTheSpireMod:Uncanny Aura"],"picked":"Discovery","floor":22},{"not_picked":["The Bomb","Discovery"],"picked":"Specialist","floor":22},{"not_picked":["Detonate_Bones","Bone_Armor"],"picked":"Bone_Bullets+1","floor":23},{"not_picked":["Vampiric_Strike","Death_March_Dance"],"picked":"Bone_Armor","floor":25},{"not_picked":["Consume_Illness","Bones_to_Steel"],"picked":"Death_Coil+1","floor":26},{"not_picked":["Negative_Energy_Javelin","Finger_Of_Death"],"picked":"Corrupt","floor":27},{"not_picked":["Bone_Armor","Consume_Illness"],"picked":"Finger_Of_Death+1","floor":29},{"not_picked":["Negative_Energy_Sphere","Bone_Armory"],"picked":"Cloudkill","floor":31},{"not_picked":["Death_Coil","Negative_Energy_Shield"],"picked":"Deaths_Shadow","floor":32},{"not_picked":["Cloudkill","Requiem"],"picked":"Summon_Vampire_Lady","floor":33},{"not_picked":["Bone_Shift+1","Bone_Spikes"],"picked":"Summon_Undead+1","floor":36},{"not_picked":["Spectral_Armor+1","Uncharnel"],"picked":"Scare+1","floor":37},{"not_picked":["Negative_Energy_Shield+1","Summon_Undead"],"picked":"Siphon_Strength+1","floor":38},{"not_picked":["Shackles_Of_Pain","Bone_Shift+1"],"picked":"Chill_Blood","floor":40},{"not_picked":["Toxic_Smoke_Screen","Bone_Armor"],"picked":"Shackles_Of_Pain","floor":42},{"not_picked":["Bones_to_Steel+1","Shade_Step+1"],"picked":"Spectral_Armor+1","floor":43},{"not_picked":["Blood_Is_Power","Negative_Energy_Shield+1"],"picked":"Grasp_Heart","floor":43},{"not_picked":["Bone_Spikes+1","Death_Coil"],"picked":"Finger_Of_Death+1","floor":44},{"not_picked":["Toxic_Smoke_Screen","Death_Coil"],"picked":"Bone_Prison","floor":48},{"not_picked":["Bone_Shift+1","Chill_Blood+1"],"picked":"Summon_Lich+1","floor":49}],"player_experience":223532,"relics_obtained":[{"floor":7,"key":"Bronze Scales"},{"floor":12,"key":"Garlic"},{"floor":23,"key":"WingedGreaves"},{"floor":24,"key":"InkBottle"},{"floor":29,"key":"Replay:Mystery Machine"},{"floor":38,"key":"Replay:Arrowhead"},{"floor":42,"key":"White Beast Statue"},{"floor":43,"key":"Happy Flower"}],"event_choices":[{"damage_healed":0,"gold_gain":0,"player_choice":"Got Potions","damage_taken":0,"max_hp_gain":0,"max_hp_loss":0,"event_name":"Lab","floor":9,"gold_loss":0},{"damage_healed":0,"gold_gain":0,"player_choice":"Fight","damage_taken":0,"max_hp_gain":0,"max_hp_loss":0,"event_name":"Mysterious Sphere","floor":38,"gold_loss":0},{"damage_healed":0,"gold_gain":0,"player_choice":"Ignored","damage_taken":0,"max_hp_gain":0,"max_hp_loss":0,"event_name":"NoteForYourself","floor":39,"gold_loss":0},{"cards_removed":["Blood_Curse"],"damage_healed":0,"gold_gain":0,"player_choice":"Removed Attack","damage_taken":0,"max_hp_gain":0,"max_hp_loss":0,"event_name":"Falling","floor":46,"gold_loss":0}],"is_beta":false,"boss_relics":[{"not_picked":["Philosopher\u0027s Stone","Coffee Dripper"],"picked":"SlaversCollar"},{"not_picked":["ChewingGum","Kintsugi"],"picked":"Snecko Eye"}],"items_purged_floors":[],"is_endless":false,"potions_floor_spawned":[3,10,12,15,16,21,26,29,32,33,42,44,48,49],"ascension_level":1}}