{"host":"zq15pup7vna0uxo1","time":1613771654,"event":{"mods":["BaseMod","Bestiary","Colored Map","Downfall","Infinite Spire","Minty Spire (QoL Compilation)","Replay The Spire","Robot Space Explorer","StSLib"],"gold_per_floor":[110,156,166,176,194,194,225,242,317,166,177,177,207,207,207,307,307,327,377,427,477,542,573,584,617,629,397,447,447,480,492,492,594,594,608,238,288,288,299,329,379,412,412,424,424,441,466,482,482,577,577,583,585,635,645,645,658,658,96,149,169,189,189,239,272,272,375,375,394,468,266,316,330,356,356,392,392,392,442,492,514,554,554,669,669,682,709,759,122,224,263,263,299,326,350,400,181,217,238,238,338,338,353,403,453,462,473,500,500,550,601,601,601,601],"floor_reached":113,"language":"ENG","playtime":5599,"items_purged":["RobotSpaceExplorer:Strike","RobotSpaceExplorer:Strike","RobotSpaceExplorer:Explosion","RobotSpaceExplorer:Defend","RobotSpaceExplorer:Defend","downfall:Bewildered","RobotSpaceExplorer:Scan"],"score":2707,"play_id":"5d8da8ae-7fa4-4078-bd6a-cb476931dae9","local_time":"20210219225414","is_ascension_mode":true,"campfire_choices":[{"floor":6.0,"key":"REST"},{"data":"RobotSpaceExplorer:DoubleFind","floor":12.0,"key":"SMITH"},{"floor":15.0,"key":"REST"},{"data":"RobotSpaceExplorer:ImprovisedAttack","floor":29.0,"key":"SMITH"},{"floor":32.0,"key":"REST"},{"data":"RobotSpaceExplorer:PowerCollector","floor":45.0,"key":"SMITH"},{"floor":49.0,"key":"REST"},{"data":"RobotSpaceExplorer:FreezeRay","floor":58.0,"key":"SMITH"},{"data":"RobotSpaceExplorer:DualCore","floor":63.0,"key":"SMITH"},{"floor":66.0,"key":"DIG"},{"data":"RobotSpaceExplorer:PowerGlove","floor":75.0,"key":"SMITH"},{"data":"1","floor":78.0,"key":"LIFT"},{"data":"2","floor":83.0,"key":"LIFT"},{"data":"3","floor":92.0,"key":"LIFT"},{"floor":100.0,"key":"DIG"},{"floor":109.0,"key":"DIG"},{"floor":112.0,"key":"DIG"}],"circlet_count":0,"master_deck":["RobotSpaceExplorer:MiniLasers","RobotSpaceExplorer:ScrapToss","RobotSpaceExplorer:ImprovisedAttack+1","RobotSpaceExplorer:DoubleFind+1","RobotSpaceExplorer:MiniDrones","RobotSpaceExplorer:ScrapMissile+1","RobotSpaceExplorer:ScrapShield","RobotSpaceExplorer:StunGrenade","RobotSpaceExplorer:DualCore+1","RobotSpaceExplorer:ScrapToss+1","RobotSpaceExplorer:Jetpack+1","RobotSpaceExplorer:GlueShot+1","RobotSpaceExplorer:LuckyStrike","RobotSpaceExplorer:SurgingShield+1","RobotSpaceExplorer:MiniBoosters+1","RobotSpaceExplorer:ShockMissile","RobotSpaceExplorer:PowerCollector+1","RobotSpaceExplorer:ToxicBomb+1","RobotSpaceExplorer:Scanner+1","RobotSpaceExplorer:Ammunition+1","RobotSpaceExplorer:FreezeRay+1","RobotSpaceExplorer:Multitool+1","RobotSpaceExplorer:Accelerator+1","RobotSpaceExplorer:ChargingLaser+1","RobotSpaceExplorer:PowerGlove+1","RobotSpaceExplorer:ChargingLaser+1","Pot Of Greed+1","Pot Of Greed+1","Pot Of Greed+1","RobotSpaceExplorer:FranticSearch+1","Regret"],"relics":["RobotSpaceExplorer:TurboCore","Potion Belt","Shovel","Shuriken","StoneCalendar","SsserpentHead","Black Star","MutagenicStrength","Unceasing Top","Happy Flower","MawBank","Garlic","Replay:WaspNest","Bronze Scales","Boot","Matryoshka","Replay:Drink Me","infinitespire:WardingShard","Replay:Baseball","MealTicket","Tiny Chest","Juzu Bracelet","infinitespire:FocusingShard","Golden Egg","ReplayTheSpireMod:TigerMarble","Nunchaku","Replay:Bottled Flurry","Orichalcum","The Courier","Incense Burner","RobotSpaceExplorer:FoglandsKnife","infinitespire:Bottled Soul","Singing Bowl","infinitespire:Lucky Rock","Whetstone","Replay:Bandana","Blood Vial","Bag of Marbles","Blue Candle","Oddly Smooth Stone","Busted Crown","Toy Ornithopter","Gambling Chip","Ice Cream","Girya","White Beast Statue","Toxic Egg 2","sneckomod:BabySnecko","Ornamental Fan","Replay:Mystery Machine","Philosopher\u0027s Stone","Ginger","Strange Spoon","Bag of Preparation","FossilizedHelix","infinitespire:Magic Flask","Pet Ghost","Mango","Calipers","Molten Egg 2","Gremlin Food","Letter Opener","Grinning Jar","Counterbalance","ReplayTheSpireMod:Ninjato","PreservedInsect","Vajra","RobotSpaceExplorer:ToughPlating","Omamori","Question Card","Centennial Puzzle","Pen Nib","Regal Pillow"],"acts_visited":["Exordium","TheCity","TheBeyond","Exordium","TheCity","TheBeyond","Exordium"],"potions_floor_usage":[],"damage_taken":[{"damage":5.0,"enemies":"Jaw Worm","floor":1.0,"turns":5.0},{"damage":11.0,"enemies":"infinitespire:Voidling","floor":3.0,"turns":4.0},{"damage":1.0,"enemies":"Cultist","floor":4.0,"turns":5.0},{"damage":14.0,"enemies":"Gremlin Gang","floor":5.0,"turns":5.0},{"damage":13.0,"enemies":"Replay:BlueRogue","floor":7.0,"turns":4.0},{"damage":0.0,"enemies":"3 Louse","floor":8.0,"turns":2.0},{"damage":0.0,"enemies":"Red Slaver","floor":11.0,"turns":1.0},{"damage":0.0,"enemies":"Gremlin Nob","floor":13.0,"turns":3.0},{"damage":4.0,"enemies":"Fading Forest","floor":16.0,"turns":11.0},{"damage":7.0,"enemies":"Spheric Guardian","floor":18.0,"turns":4.0},{"damage":0.0,"enemies":"Chosen","floor":22.0,"turns":4.0},{"damage":26.0,"enemies":"Nightmare","floor":23.0,"turns":5.0},{"damage":5.0,"enemies":"3 Cultists","floor":24.0,"turns":6.0},{"damage":0.0,"enemies":"Gremlin Leader","floor":25.0,"turns":6.0},{"damage":0.0,"enemies":"Slavers","floor":30.0,"turns":3.0},{"damage":10.0,"enemies":"Snake Plant","floor":31.0,"turns":2.0},{"damage":12.0,"enemies":"Collector","floor":33.0,"turns":10.0},{"damage":0.0,"enemies":"3 Darklings","floor":35.0,"turns":3.0},{"damage":0.0,"enemies":"Orb Walker","floor":39.0,"turns":2.0},{"damage":0.0,"enemies":"R_Hoarder","floor":40.0,"turns":1.0},{"damage":0.0,"enemies":"Nemesis","floor":42.0,"turns":3.0},{"damage":0.0,"enemies":"Sphere and 2 Shapes","floor":44.0,"turns":3.0},{"damage":5.0,"enemies":"Transient","floor":46.0,"turns":5.0},{"damage":10.0,"enemies":"Reptomancer","floor":47.0,"turns":4.0},{"damage":0.0,"enemies":"3 Darklings","floor":48.0,"turns":2.0},{"damage":14.0,"enemies":"Replay:Hell Engine","floor":50.0,"turns":4.0},{"damage":0.0,"enemies":"Cultist","floor":52.0,"turns":2.0},{"damage":0.0,"enemies":"Small Slimes","floor":53.0,"turns":2.0},{"damage":0.0,"enemies":"2 Louse","floor":55.0,"turns":1.0},{"damage":0.0,"enemies":"Exordium Wildlife","floor":56.0,"turns":1.0},{"damage":0.0,"enemies":"3 Sentries","floor":57.0,"turns":3.0},{"damage":0.0,"enemies":"Lagavulin","floor":61.0,"turns":2.0},{"damage":0.0,"enemies":"Blue Slaver","floor":62.0,"turns":1.0},{"damage":0.0,"enemies":"Gremlin Nob","floor":65.0,"turns":1.0},{"damage":0.0,"enemies":"Hexaghost","floor":67.0,"turns":3.0},{"damage":0.0,"enemies":"3 Byrds","floor":69.0,"turns":1.0},{"damage":0.0,"enemies":"Chosen","floor":73.0,"turns":1.0},{"damage":0.0,"enemies":"Gremlin Leader","floor":74.0,"turns":3.0},{"damage":0.0,"enemies":"Book of Stabbing","floor":76.0,"turns":2.0},{"damage":0.0,"enemies":"Snake Plant","floor":81.0,"turns":1.0},{"damage":0.0,"enemies":"Slavers","floor":82.0,"turns":1.0},{"damage":0.0,"enemies":"Collector","floor":84.0,"turns":2.0},{"damage":1.0,"enemies":"Orb Walker","floor":86.0,"turns":2.0},{"damage":4.0,"enemies":"3 Shapes","floor":87.0,"turns":2.0},{"damage":0.0,"enemies":"Mind Bloom Boss Battle","floor":90.0,"turns":1.0},{"damage":0.0,"enemies":"R_Hoarder","floor":91.0,"turns":3.0},{"damage":0.0,"enemies":"Reptomancer","floor":93.0,"turns":2.0},{"damage":0.0,"enemies":"R_Hoarder","floor":95.0,"turns":3.0},{"damage":0.0,"enemies":"Giant Head","floor":98.0,"turns":1.0},{"damage":0.0,"enemies":"Spire Growth","floor":99.0,"turns":1.0},{"damage":0.0,"enemies":"Time Eater","floor":101.0,"turns":4.0},{"damage":0.0,"enemies":"Cultist","floor":103.0,"turns":1.0},{"damage":0.0,"enemies":"Jaw Worm","floor":106.0,"turns":1.0},{"damage":0.0,"enemies":"2 Louse","floor":107.0,"turns":1.0},{"damage":0.0,"enemies":"Nightmare","floor":108.0,"turns":2.0},{"damage":0,"enemies":"Blue Slaver","floor":113,"turns":1}],"seed_played":"-3338606768424856800","potions_obtained":[{"floor":1.0,"key":"Swift Potion"},{"floor":2.0,"key":"RobotSpaceExplorer:PlasmaFlask"},{"floor":2.0,"key":"DuplicationPotion"},{"floor":2.0,"key":"EssenceOfSteel"},{"floor":4.0,"key":"SkillPotion"},{"floor":16.0,"key":"Energy Potion"},{"floor":25.0,"key":"Toxic Potion"},{"floor":30.0,"key":"sneckomod:MuddlingPotion"},{"floor":33.0,"key":"sneckomod:MuddlingPotion"},{"floor":39.0,"key":"Elixir"},{"floor":40.0,"key":"AttackPotion"},{"floor":42.0,"key":"Energy Potion"},{"floor":48.0,"key":"FairyPotion"},{"floor":53.0,"key":"FearPotion"},{"floor":56.0,"key":"AttackPotion"},{"floor":57.0,"key":"RobotSpaceExplorer:RecyclePotion"},{"floor":62.0,"key":"Weak Potion"},{"floor":81.0,"key":"AttackPotion"},{"floor":101.0,"key":"SteroidPotion"},{"floor":108.0,"key":"Milkshake"}],"is_trial":false,"path_per_floor":["M","?","M","M","M","R","E","M","T","$","M","R","E","?","R","B",null,"M","?","?","?","M","NM","M","E","T","$","?","R","E","M","R","B",null,"M","$","?","AVR","M","E","T","E","T","M","R","M","E","M","R","B",null,"M","M","?","M","M","E","R","$","T","E","M","R","?","E","R","B",null,"M","T","$","?","M","E","R","E","T","R","?","?","M","E","R","B",null,"M","M","T","$","?","E","R","E","T","E","?","$","E","M","R","B",null,"M","?","T","M","M","NM","R","?","T","R","M"],"character_chosen":"RobotSpaceExplorer","items_purchased":["RobotSpaceExplorer:DualCore","Bronze Scales","infinitespire:WardingShard","RobotSpaceExplorer:Multitool","Singing Bowl","infinitespire:Lucky Rock","RobotSpaceExplorer:ChargingLaser","Strange Spoon","Bag of Preparation","FossilizedHelix","RobotSpaceExplorer:FranticSearch+1"],"campfire_rested":4,"item_purchase_floors":[10,27,36,59,59,59,71,89,89,89,97],"current_hp_per_floor":[70,40,36,35,21,43,30,30,30,30,30,30,30,30,52,74,75,68,68,68,68,68,42,37,37,37,37,37,37,37,27,49,37,57,57,57,43,43,43,43,43,43,43,43,43,38,28,28,45,31,57,57,57,57,57,57,57,57,57,57,59,61,61,61,63,63,63,65,67,67,67,67,69,71,71,73,73,73,73,73,75,77,77,79,79,80,79,79,83,85,101,101,103,103,105,105,105,107,109,109,111,111,113,113,113,115,117,119,119,119,119,119,119,119],"gold":601,"neow_bonus":"RANDOM_COMMON_RELIC","is_daily":false,"chose_seed":false,"campfire_upgraded":6,"win_rate":0.0,"timestamp":1613771654,"path_taken":["M","?","?","?","?","R","E","M","T","$","M","R","E","?","R","BOSS","M","?","?","?","?","NM","M","E","T","$","?","R","E","M","R","BOSS","M","$","?","AVR","M","E","?","E","T","M","R","M","E","M","R","BOSS","M","M","?","M","M","E","R","$","T","E","M","R","?","E","R","BOSS","M","?","$","?","M","E","R","E","T","R","?","?","M","E","R","BOSS","M","M","?","$","?","E","R","E","T","E","?","$","E","M","R","BOSS","M","?","?","M","M","NM","R","?","T","R","M"],"items_purchased_type":["Card","Relic","Relic","Card","Relic","Relic","Card","Relic","Relic","Relic","Card"],"build_version":"2020-12-22","purchased_purges":7,"victory":false,"max_hp_per_floor":[75,75,75,75,75,75,75,75,75,75,75,75,75,75,75,75,75,75,75,75,75,75,75,75,75,75,75,75,75,75,75,75,75,57,57,57,57,57,57,57,57,57,57,57,57,57,57,57,57,57,57,57,57,57,57,57,57,57,57,57,59,61,61,61,63,63,63,65,67,67,67,67,69,71,71,73,73,73,73,73,75,77,77,79,79,81,83,83,83,85,101,101,103,103,105,105,105,107,109,109,111,111,113,113,113,115,117,119,119,119,119,119,119,119],"card_choices":[{"not_picked":["RobotSpaceExplorer:Counterblock","RobotSpaceExplorer:SwiftStep"],"picked":"RobotSpaceExplorer:ScrapToss","floor":1.0},{"not_picked":["RobotSpaceExplorer:PlasmaMissile","RobotSpaceExplorer:SurgingShield"],"picked":"RobotSpaceExplorer:ImprovisedAttack","floor":2.0},{"not_picked":["RobotSpaceExplorer:GearShield","RobotSpaceExplorer:ShockKick"],"picked":"RobotSpaceExplorer:DoubleFind","floor":3.0},{"not_picked":["RobotSpaceExplorer:PowerCollector","RobotSpaceExplorer:ToxicBomb"],"picked":"RobotSpaceExplorer:MiniDrones","floor":4.0},{"not_picked":["RobotSpaceExplorer:ImprovisedAttack","RobotSpaceExplorer:ShovelStrike"],"picked":"RobotSpaceExplorer:ScrapMissile","floor":5.0},{"not_picked":["RobotSpaceExplorer:BigMissile","RobotSpaceExplorer:Blitz"],"picked":"RobotSpaceExplorer:ScrapShield","floor":7.0},{"not_picked":["RobotSpaceExplorer:SlimeMissile","RobotSpaceExplorer:Probe"],"picked":"RobotSpaceExplorer:StunGrenade","floor":8.0},{"not_picked":["RobotSpaceExplorer:GearShield","RobotSpaceExplorer:MetalStrike"],"picked":"RobotSpaceExplorer:ScrapToss","floor":11.0},{"not_picked":["RobotSpaceExplorer:ExhaustFan","RobotSpaceExplorer:RigExplosive"],"picked":"RobotSpaceExplorer:Jetpack","floor":13.0},{"not_picked":["RobotSpaceExplorer:Multitool","RobotSpaceExplorer:HighVoltage"],"picked":"RobotSpaceExplorer:Explosion","floor":16.0},{"not_picked":["RobotSpaceExplorer:SwiftStep","RobotSpaceExplorer:StunGrenade"],"picked":"RobotSpaceExplorer:GlueShot+1","floor":18.0},{"not_picked":["RobotSpaceExplorer:FreezeRay","RobotSpaceExplorer:MiniDrones"],"picked":"RobotSpaceExplorer:LuckyStrike","floor":22.0},{"not_picked":["RobotSpaceExplorer:DoubleFind","RobotSpaceExplorer:FreezingShield+1"],"picked":"RobotSpaceExplorer:SurgingShield+1","floor":23.0},{"not_picked":["RobotSpaceExplorer:ImprovisedAttack","RobotSpaceExplorer:Discharger","RobotSpaceExplorer:TurboDodge"],"picked":"SKIP","floor":24.0},{"not_picked":["RobotSpaceExplorer:ScrapShield","RobotSpaceExplorer:Blitz","RobotSpaceExplorer:Ammunition"],"picked":"SKIP","floor":25.0},{"not_picked":["RobotSpaceExplorer:Probe","RobotSpaceExplorer:SwiftStep"],"picked":"RobotSpaceExplorer:MiniBoosters","floor":30.0},{"not_picked":["RobotSpaceExplorer:SurgingShield","RobotSpaceExplorer:BigMissile"],"picked":"RobotSpaceExplorer:IronShell","floor":31.0},{"not_picked":["RobotSpaceExplorer:BlastShield","RobotSpaceExplorer:Autoloader"],"picked":"RobotSpaceExplorer:ShockMissile","floor":33.0},{"not_picked":["RobotSpaceExplorer:ScrapMissile+1","RobotSpaceExplorer:SwiftStep"],"picked":"RobotSpaceExplorer:PowerCollector","floor":35.0},{"not_picked":["ReplayTheSpireMod:Haul","ReplayTheSpireMod:Book of Names"],"picked":"infinitespire:SealOfDarkness+","floor":37.0},{"not_picked":["RobotSpaceExplorer:ScrapMissile","RobotSpaceExplorer:StunGrenade","RobotSpaceExplorer:MakeshiftVolley+1"],"picked":"SKIP","floor":39.0},{"not_picked":["RobotSpaceExplorer:SurgingShield+1","RobotSpaceExplorer:MakeshiftVolley"],"picked":"RobotSpaceExplorer:ToxicBomb+1","floor":40.0},{"not_picked":["RobotSpaceExplorer:SelfCleaning","RobotSpaceExplorer:IronShell","RobotSpaceExplorer:Probe"],"picked":"SKIP","floor":42.0},{"not_picked":["RobotSpaceExplorer:SurgingShield+1","RobotSpaceExplorer:ScrapToss+1","RobotSpaceExplorer:FranticSearch"],"picked":"SKIP","floor":44.0},{"not_picked":["RobotSpaceExplorer:FranticSearch+1","RobotSpaceExplorer:ScrapMissile"],"picked":"RobotSpaceExplorer:Scanner","floor":46.0},{"not_picked":["RobotSpaceExplorer:SurgingStrike","RobotSpaceExplorer:StunGrenade"],"picked":"RobotSpaceExplorer:Ammunition+1","floor":47.0},{"not_picked":["RobotSpaceExplorer:Discharger+1","RobotSpaceExplorer:SlimeMissile"],"picked":"RobotSpaceExplorer:FreezeRay","floor":48.0},{"not_picked":["RobotSpaceExplorer:MetalStrike","RobotSpaceExplorer:FrostMissile","RobotSpaceExplorer:SwiftStep"],"picked":"SKIP","floor":52.0},{"not_picked":["RobotSpaceExplorer:FranticSearch","RobotSpaceExplorer:SwiftStep","RobotSpaceExplorer:Pulsar"],"picked":"SKIP","floor":53.0},{"not_picked":["RobotSpaceExplorer:Electroshield","RobotSpaceExplorer:FranticSearch","RobotSpaceExplorer:Ammunition"],"picked":"SKIP","floor":55.0},{"not_picked":["RobotSpaceExplorer:Counterblock","RobotSpaceExplorer:SurgingStrike","RobotSpaceExplorer:ShovelStrike"],"picked":"SKIP","floor":56.0},{"not_picked":["RobotSpaceExplorer:ExhaustFan","RobotSpaceExplorer:Ammunition","RobotSpaceExplorer:RigExplosive"],"picked":"SKIP","floor":57.0},{"not_picked":["RobotSpaceExplorer:SurgingShield","RobotSpaceExplorer:Probe","RobotSpaceExplorer:LuckyStrike"],"picked":"Singing Bowl","floor":61.0},{"not_picked":["RobotSpaceExplorer:Pulsar","RobotSpaceExplorer:MiniDrones","RobotSpaceExplorer:SwiftStep"],"picked":"Singing Bowl","floor":62.0},{"not_picked":["RobotSpaceExplorer:DroneSwarm","RobotSpaceExplorer:MetalStrike","RobotSpaceExplorer:Wormhole"],"picked":"Singing Bowl","floor":65.0},{"not_picked":["RobotSpaceExplorer:Exploration","RobotSpaceExplorer:Asteroid"],"picked":"RobotSpaceExplorer:Accelerator","floor":67.0},{"not_picked":["infinitespire:Menacing","ReplayTheSpireMod:Black Plague","ReplayTheSpireMod:Book of Names"],"picked":"Singing Bowl","floor":68.0},{"not_picked":["RobotSpaceExplorer:SlimeMissile"],"picked":"Singing Bowl","floor":69.0},{"not_picked":["RobotSpaceExplorer:SelfCleaning"],"picked":"Singing Bowl","floor":73.0},{"not_picked":["RobotSpaceExplorer:FrostMissile+1"],"picked":"Singing Bowl","floor":74.0},{"not_picked":["RobotSpaceExplorer:SurgingStrike"],"picked":"Singing Bowl","floor":76.0},{"not_picked":["RobotSpaceExplorer:ShockKick+1"],"picked":"Singing Bowl","floor":81.0},{"not_picked":["RobotSpaceExplorer:Probe"],"picked":"Singing Bowl","floor":82.0},{"not_picked":["RobotSpaceExplorer:Multitool"],"picked":"Singing Bowl","floor":84.0},{"not_picked":["RobotSpaceExplorer:ExhaustFan"],"picked":"Singing Bowl","floor":86.0},{"not_picked":["RobotSpaceExplorer:SlimeMissile+1"],"picked":"Singing Bowl","floor":87.0},{"not_picked":["RobotSpaceExplorer:StunGrenade"],"picked":"Singing Bowl","floor":90.0},{"not_picked":["RobotSpaceExplorer:ChargingLaser"],"picked":"Singing Bowl","floor":91.0},{"not_picked":["RobotSpaceExplorer:Jetpack+1"],"picked":"Singing Bowl","floor":93.0},{"not_picked":["RobotSpaceExplorer:Reload+1"],"picked":"Singing Bowl","floor":95.0},{"not_picked":["RobotSpaceExplorer:Blitz+1"],"picked":"Singing Bowl","floor":98.0},{"not_picked":["RobotSpaceExplorer:Ammunition+1"],"picked":"Singing Bowl","floor":99.0},{"not_picked":["RobotSpaceExplorer:Arsenal+1"],"picked":"Singing Bowl","floor":101.0},{"not_picked":["RobotSpaceExplorer:SlimeMissile+1"],"picked":"Singing Bowl","floor":103.0},{"not_picked":["RobotSpaceExplorer:SurgingShield+1"],"picked":"Singing Bowl","floor":106.0},{"not_picked":["RobotSpaceExplorer:MiniDrones+1"],"picked":"Singing Bowl","floor":107.0},{"not_picked":["RobotSpaceExplorer:SlimeMissile+1"],"picked":"Singing Bowl","floor":108.0}],"player_experience":1210040,"relics_obtained":[{"floor":7.0,"key":"Shovel"},{"floor":9.0,"key":"Shuriken"},{"floor":13.0,"key":"StoneCalendar"},{"floor":23.0,"key":"Unceasing Top"},{"floor":23.0,"key":"Happy Flower"},{"floor":25.0,"key":"MawBank"},{"floor":25.0,"key":"Garlic"},{"floor":26.0,"key":"Replay:WaspNest"},{"floor":30.0,"key":"Boot"},{"floor":30.0,"key":"Matryoshka"},{"floor":40.0,"key":"MealTicket"},{"floor":40.0,"key":"Tiny Chest"},{"floor":41.0,"key":"Juzu Bracelet"},{"floor":41.0,"key":"infinitespire:FocusingShard"},{"floor":42.0,"key":"Golden Egg"},{"floor":42.0,"key":"ReplayTheSpireMod:TigerMarble"},{"floor":43.0,"key":"Nunchaku"},{"floor":43.0,"key":"Replay:Bottled Flurry"},{"floor":47.0,"key":"Orichalcum"},{"floor":47.0,"key":"The Courier"},{"floor":57.0,"key":"RobotSpaceExplorer:FoglandsKnife"},{"floor":57.0,"key":"infinitespire:Bottled Soul"},{"floor":60.0,"key":"Whetstone"},{"floor":61.0,"key":"Replay:Bandana"},{"floor":61.0,"key":"Blood Vial"},{"floor":65.0,"key":"Bag of Marbles"},{"floor":65.0,"key":"Blue Candle"},{"floor":66.0,"key":"Oddly Smooth Stone"},{"floor":70.0,"key":"Toy Ornithopter"},{"floor":74.0,"key":"Gambling Chip"},{"floor":74.0,"key":"Ice Cream"},{"floor":76.0,"key":"Girya"},{"floor":76.0,"key":"White Beast Statue"},{"floor":77.0,"key":"Toxic Egg 2"},{"floor":82.0,"key":"Ornamental Fan"},{"floor":82.0,"key":"Replay:Mystery Machine"},{"floor":88.0,"key":"Ginger"},{"floor":90.0,"key":"infinitespire:Magic Flask"},{"floor":91.0,"key":"Pet Ghost"},{"floor":91.0,"key":"Mango"},{"floor":93.0,"key":"Calipers"},{"floor":93.0,"key":"Molten Egg 2"},{"floor":94.0,"key":"Gremlin Food"},{"floor":95.0,"key":"Letter Opener"},{"floor":95.0,"key":"Grinning Jar"},{"floor":98.0,"key":"Counterbalance"},{"floor":98.0,"key":"ReplayTheSpireMod:Ninjato"},{"floor":100.0,"key":"PreservedInsect"},{"floor":105.0,"key":"RobotSpaceExplorer:ToughPlating"},{"floor":108.0,"key":"Omamori"},{"floor":108.0,"key":"Question Card"},{"floor":109.0,"key":"Centennial Puzzle"},{"floor":111.0,"key":"Pen Nib"},{"floor":112.0,"key":"Regal Pillow"}],"event_choices":[{"damage_healed":0.0,"max_hp_gain":0.0,"max_hp_loss":0.0,"gold_gain":0.0,"event_name":"FaceTrader","player_choice":"Trade","floor":14.0,"gold_loss":0.0,"damage_taken":0.0,"relics_obtained":["SsserpentHead"]},{"damage_healed":0.0,"max_hp_gain":0.0,"max_hp_loss":0.0,"gold_gain":0.0,"event_name":"Drug Dealer","player_choice":"Inject Mutagens","floor":19.0,"gold_loss":0.0,"damage_taken":0.0,"relics_obtained":["MutagenicStrength"]},{"cards_removed":["RobotSpaceExplorer:Strike"],"damage_healed":0.0,"max_hp_gain":0.0,"max_hp_loss":0.0,"gold_gain":0.0,"event_name":"Back to Basics","player_choice":"Elegance","floor":20.0,"gold_loss":0.0,"damage_taken":0.0},{"damage_healed":0.0,"max_hp_gain":0.0,"max_hp_loss":0.0,"gold_gain":0.0,"event_name":"Cursed Tome","player_choice":"Ignored","floor":21.0,"gold_loss":0.0,"damage_taken":0.0},{"damage_healed":0.0,"max_hp_gain":0.0,"max_hp_loss":0.0,"gold_gain":0.0,"event_name":"Vampires","player_choice":"Ignored","floor":28.0,"gold_loss":0.0,"damage_taken":0.0},{"cards_removed":["ReplayTheSpireMod:Book of Names"],"damage_healed":0.0,"max_hp_gain":0.0,"max_hp_loss":0.0,"gold_gain":0.0,"event_name":"WeMeetAgain","player_choice":"Gave Card","floor":54.0,"gold_loss":0.0,"damage_taken":0.0,"relics_obtained":["Incense Burner"]},{"damage_healed":0.0,"max_hp_gain":0.0,"max_hp_loss":0.0,"gold_gain":0.0,"event_name":"Upgrade Shrine","player_choice":"Upgraded","floor":64.0,"gold_loss":0.0,"damage_taken":0.0,"cards_upgraded":["RobotSpaceExplorer:MiniBoosters"]},{"damage_healed":0.0,"max_hp_gain":0.0,"max_hp_loss":0.0,"gold_gain":0.0,"event_name":"The Library","player_choice":"Read","floor":72.0,"gold_loss":0.0,"damage_taken":0.0,"cards_obtained":["RobotSpaceExplorer:PowerGlove"]},{"damage_healed":0.0,"max_hp_gain":0.0,"max_hp_loss":0.0,"gold_gain":0.0,"event_name":"Duplicator","player_choice":"Copied","floor":79.0,"gold_loss":0.0,"damage_taken":0.0,"cards_obtained":["RobotSpaceExplorer:ChargingLaser"]},{"damage_healed":0.0,"max_hp_gain":0.0,"max_hp_loss":0.0,"gold_gain":0.0,"event_name":"MindBloom","player_choice":"Fight","floor":90.0,"gold_loss":0.0,"damage_taken":0.0},{"cards_removed":["RobotSpaceExplorer:IronShell"],"damage_healed":0.0,"max_hp_gain":0.0,"max_hp_loss":0.0,"gold_gain":0.0,"event_name":"Falling","player_choice":"Removed Skill","floor":96.0,"gold_loss":0.0,"damage_taken":0.0},{"damage_healed":0.0,"max_hp_gain":0.0,"max_hp_loss":0.0,"gold_gain":0.0,"event_name":"Big Fish","player_choice":"Box","floor":104.0,"gold_loss":0.0,"damage_taken":0.0,"relics_obtained":["Vajra"],"cards_obtained":["Regret"]},{"damage_healed":0.0,"max_hp_gain":0.0,"max_hp_loss":0.0,"gold_gain":0.0,"event_name":"Upgrade Shrine","player_choice":"Upgraded","floor":110.0,"gold_loss":0.0,"damage_taken":0.0,"cards_upgraded":["RobotSpaceExplorer:Jetpack"]}],"is_beta":false,"boss_relics":[{"not_picked":["ReplayTheSpireMod:SealedPack","Runic Dome"],"picked":"Black Star"},{"not_picked":["Velvet Choker","Cursed Key"],"picked":"Replay:Drink Me"},{"not_picked":["SlaversCollar","Busted Crown"],"picked":"RobotSpaceExplorer:TurboCore"},{"not_picked":["infinitespire:Cupcake","Sozu"],"picked":"Busted Crown"},{"not_picked":["Snecko Eye","Calling Bell"],"picked":"Philosopher\u0027s Stone"},{"not_picked":["Kintsugi","bronze:MakeshiftBattery","Velvet Choker"]}],"items_purged_floors":[10,27,36,59,71,89,97],"is_endless":true,"potions_floor_spawned":[1,4,16,25,30,33,39,40,42,48,53,56,57,62,73,81,82,84,86,87,90,91,93,95,98,99,101,103,106,107,108],"killed_by":"Blue Slaver","ascension_level":1}}