{"host":"blhqr6uo32maonpv","time":1613719843,"event":{"mods":["BaseMod","Downfall","Minty Spire (QoL Compilation)","Replay The Spire","StSLib","The Bug Knight","The Marked"],"gold_per_floor":[119,119,135,154,9,9,40,60,60,74,74,104,104,29,29,125,125,140,164,164,12,25,25,25,25],"floor_reached":24,"language":"ENG","playtime":795,"items_purged":[],"score":277,"play_id":"5dbc347a-4735-4c4f-bbcf-05942d3678c5","local_time":"20210219033043","is_ascension_mode":false,"campfire_choices":[{"data":"BasicCrystalCard","floor":6,"key":"SMITH"},{"floor":13,"key":"REST"},{"data":"Zap","floor":15,"key":"SMITH"},{"data":"Stack","floor":23,"key":"SMITH"}],"circlet_count":0,"master_deck":["Defend_B","Defend_B","Defend_B","Zap+1","Dualcast","Steam","BasicCrystalCard+1","Cold Snap","Panic Button","Redo","Stack+1","Sweeping Beam+1","Conserve Battery","Lockon+1","Echo Form+1","Cold Snap","Bite","Bite","Bite","Bite","Bite"],"relics":["Cracked Core","NeowsBlessing","Eternal Feather","Unceasing Top","Tiny Chest","ReplayFunnel","Golden Egg","Mango","Ring of Chaos","Lee\u0027s Waffle"],"acts_visited":["Exordium","TheCity"],"potions_floor_usage":[10,16,18],"damage_taken":[{"damage":0,"enemies":"Small Slimes","floor":1,"turns":1},{"damage":0,"enemies":"2 Louse","floor":3,"turns":1},{"damage":0,"enemies":"Gremlin Nob","floor":7,"turns":1},{"damage":0,"enemies":"Cultist","floor":8,"turns":4},{"damage":21,"enemies":"Gremlin Gang","floor":10,"turns":7},{"damage":16,"enemies":"Lagavulin","floor":12,"turns":6},{"damage":34,"enemies":"Hexaghost","floor":16,"turns":7},{"damage":28,"enemies":"3 Byrds","floor":18,"turns":5},{"damage":3,"enemies":"Spheric Guardian","floor":22,"turns":5},{"damage":114,"enemies":"Gremlin Leader","floor":24,"turns":7}],"seed_played":"4592306400142633575","potions_obtained":[{"floor":3,"key":"Guardian:BlockOnCardUsePotion"},{"floor":12,"key":"PowerPotion"},{"floor":16,"key":"FocusPotion"},{"floor":18,"key":"Elixir"}],"is_trial":false,"path_per_floor":["M","?","M","?","$","R","E","M","T","M","?","E","R","$","R","B",null,"M","T","?","$","M","R","E"],"character_chosen":"DEFECT","items_purchased":["Tiny Chest","Lockon","Lee\u0027s Waffle"],"campfire_rested":1,"item_purchase_floors":[5,14,21],"current_hp_per_floor":[75,72,72,54,54,60,60,60,60,39,39,37,72,72,81,47,89,61,61,61,96,96,96,0,0],"gold":25,"neow_bonus":"THREE_ENEMY_KILL","is_daily":false,"chose_seed":false,"campfire_upgraded":3,"win_rate":0.0,"timestamp":1613719843,"path_taken":["M","?","M","?","$","R","E","?","T","?","?","E","R","$","R","BOSS","M","?","?","?","M","R","E"],"items_purchased_type":["Relic","Card","Relic"],"build_version":"2020-12-22","purchased_purges":0,"victory":false,"max_hp_per_floor":[75,75,75,75,75,75,75,75,75,75,75,89,89,89,89,89,89,89,89,89,96,96,96,96,96],"card_choices":[{"not_picked":["Streamline","Hologram"],"picked":"Steam","floor":1},{"not_picked":["Reprogram","Gash"],"picked":"BasicCrystalCard","floor":3},{"not_picked":["Go for the Eyes","Rebound"],"picked":"Cold Snap","floor":4},{"not_picked":["Barrage","Thunder Strike"],"picked":"Panic Button","floor":7},{"not_picked":["Stack","Barrage"],"picked":"Redo","floor":8},{"not_picked":["Reboot","Steam"],"picked":"Stack","floor":10},{"not_picked":["Stack","Coolheaded"],"picked":"Conserve Battery","floor":12},{"not_picked":["Biased Cognition","Seek"],"picked":"Echo Form","floor":16},{"not_picked":["Streamline","Sweeping Beam"],"picked":"Cold Snap","floor":18},{"not_picked":["Lockon","Scrape","Reprogram+1"],"picked":"SKIP","floor":22}],"player_experience":38059,"relics_obtained":[{"floor":4,"key":"Unceasing Top"},{"floor":7,"key":"ReplayFunnel"},{"floor":9,"key":"Golden Egg"},{"floor":12,"key":"Mango"},{"floor":19,"key":"Blood Vial"}],"event_choices":[{"damage_healed":0,"gold_gain":0,"player_choice":"Success","damage_taken":3,"relics_obtained":["Eternal Feather"],"max_hp_gain":0,"max_hp_loss":0,"event_name":"Scrap Ooze","floor":2,"gold_loss":0},{"damage_healed":0,"gold_gain":0,"player_choice":"Became a vampire (Vial)","damage_taken":0,"max_hp_gain":0,"max_hp_loss":0,"event_name":"Vampires","floor":20,"relics_lost":["Blood Vial"],"gold_loss":0,"cards_obtained":["Bite","Bite","Bite","Bite","Bite"]}],"is_beta":false,"boss_relics":[{"not_picked":["Snecko Eye","ReplayTheSpireMod:DimensionalGlitch"],"picked":"Ring of Chaos"}],"items_purged_floors":[],"is_endless":false,"potions_floor_spawned":[3,12,16,18],"killed_by":"Gremlin Leader","ascension_level":0}}