{"host":"5wwct7e0z3l0f094","time":1613759537,"event":{"mods":["AchievementEnabler","BaseMod","Downfall","Highlight Path","Minty Spire (QoL Compilation)","Quick Restart","StSLib","SuperFastMode"],"gold_per_floor":[112,112,112,125,139,171,187,217,241,241,259,271,271,303,303,400,400,416,428,703,714,725,725,160,160,238,238,272,272,272,286,286,391,391,408,424,436,158,208,235,235,267,341,376,387,397,397,415,415,415,415],"floor_reached":50,"language":"ENG","playtime":2232,"items_purged":["Regret","Strike_B"],"score":990,"play_id":"29422f6b-4ab9-438e-82bf-9841474ae824","local_time":"20210219133217","is_ascension_mode":true,"campfire_choices":[{"floor":10.0,"key":"REST"},{"data":"Zap","floor":13.0,"key":"SMITH"},{"data":"Storm","floor":15.0,"key":"SMITH"},{"data":"Creative AI","floor":23.0,"key":"SMITH"},{"floor":25.0,"key":"REST"},{"floor":29.0,"key":"REST"},{"data":"Heatsinks","floor":32.0,"key":"SMITH"},{"floor":47.0,"key":"REST"},{"floor":49.0,"key":"RECALL"}],"circlet_count":0,"master_deck":["AscendersBane","Strike_B+1","Strike_B","Defend_B","Defend_B","Defend_B","Defend_B","Zap+1","Dualcast","BootSequence","Sunder+1","FTL","Self Repair","Ball Lightning","Storm+1","Self Repair","Creative AI+1","FTL+1","Heatsinks+1","Conserve Battery+1","Seek","Storm","Writhe"],"relics":["Cracked Core","NeowsBlessing","Matryoshka","Blood Vial","Whetstone","DataDisk","Pantograph","Black Star","Juzu Bracelet","Mummified Hand","The Courier","MutagenicStrength","Regal Pillow","TungstenRod","Kunai","Velvet Choker","Singing Bowl","Gambling Chip","Bag of Preparation","Cables","StrikeDummy","Akabeko","Blue Candle","Bird Faced Urn","Nunchaku"],"acts_visited":["Exordium","TheCity","TheBeyond"],"potions_floor_usage":[50],"damage_taken":[{"damage":0.0,"enemies":"2 Louse","floor":1.0,"turns":1.0},{"damage":0.0,"enemies":"Small Slimes","floor":4.0,"turns":1.0},{"damage":0.0,"enemies":"Cultist","floor":5.0,"turns":1.0},{"damage":16.0,"enemies":"Gremlin Nob","floor":6.0,"turns":3.0},{"damage":2.0,"enemies":"Gremlin Gang","floor":7.0,"turns":4.0},{"damage":35.0,"enemies":"3 Sentries","floor":8.0,"turns":5.0},{"damage":0.0,"enemies":"Blue Slaver","floor":11.0,"turns":2.0},{"damage":8.0,"enemies":"Large Slime","floor":12.0,"turns":3.0},{"damage":20.0,"enemies":"Lagavulin","floor":14.0,"turns":6.0},{"damage":37.0,"enemies":"Hexaghost","floor":16.0,"turns":9.0},{"damage":18.0,"enemies":"2 Thieves","floor":18.0,"turns":3.0},{"damage":25.0,"enemies":"Shell Parasite","floor":19.0,"turns":5.0},{"damage":41.0,"enemies":"Cultist and Chosen","floor":21.0,"turns":6.0},{"damage":18.0,"enemies":"3 Cultists","floor":22.0,"turns":4.0},{"damage":35.0,"enemies":"Gremlin Leader","floor":28.0,"turns":5.0},{"damage":12.0,"enemies":"Snake Plant","floor":31.0,"turns":3.0},{"damage":36.0,"enemies":"Champ","floor":33.0,"turns":7.0},{"damage":8.0,"enemies":"3 Shapes","floor":35.0,"turns":5.0},{"damage":15.0,"enemies":"Orb Walker","floor":36.0,"turns":3.0},{"damage":48.0,"enemies":"Writhing Mass","floor":37.0,"turns":5.0},{"damage":0.0,"enemies":"Mind Bloom Boss Battle","floor":39.0,"turns":5.0},{"damage":44.0,"enemies":"Giant Head","floor":40.0,"turns":7.0},{"damage":53.0,"enemies":"Reptomancer","floor":42.0,"turns":4.0},{"damage":56.0,"enemies":"Nemesis","floor":44.0,"turns":5.0},{"damage":19.0,"enemies":"3 Darklings","floor":45.0,"turns":4.0},{"damage":0.0,"enemies":"Sphere and 2 Shapes","floor":46.0,"turns":3.0},{"damage":13.0,"enemies":"Jaw Worm Horde","floor":48.0,"turns":3.0},{"damage":108,"enemies":"Awakened One","floor":50,"turns":5}],"seed_played":"2557870426880719817","potions_obtained":[{"floor":4.0,"key":"Energy Potion"},{"floor":6.0,"key":"Weak Potion"},{"floor":11.0,"key":"EntropicBrew"},{"floor":16.0,"key":"CultistPotion"},{"floor":18.0,"key":"DistilledChaos"},{"floor":22.0,"key":"Fruit Juice"},{"floor":33.0,"key":"Explosive Potion"},{"floor":36.0,"key":"Regen Potion"},{"floor":42.0,"key":"FairyPotion"},{"floor":45.0,"key":"GamblersBrew"}],"is_trial":false,"path_per_floor":["M","?","?","M","M","E","M","E","T","R","M","M","R","E","R","B",null,"M","M","?","M","M","R","$","R","T","?","E","R","T","M","R","B",null,"M","M","M","$","?","E","?","E","T","E","M","M","R","M","R","B"],"character_chosen":"DEFECT","items_purchased":["Juzu Bracelet","Mummified Hand","Heatsinks","Singing Bowl"],"campfire_rested":4,"item_purchase_floors":[24,24,24,38],"current_hp_per_floor":[68,68,68,68,68,52,50,15,15,37,46,40,40,29,29,33,65,63,54,54,29,32,32,32,56,56,56,37,76,76,80,80,58,75,80,72,40,40,82,54,75,45,45,32,47,79,92,94,94,0,0],"gold":415,"neow_bonus":"THREE_ENEMY_KILL","is_daily":false,"chose_seed":false,"campfire_upgraded":4,"win_rate":0.0,"timestamp":1613759537,"path_taken":["M","?","?","M","?","E","?","E","T","R","M","M","R","E","R","BOSS","M","M","?","?","M","R","$","R","T","?","E","R","?","M","R","BOSS","M","M","M","$","?","E","?","E","T","E","M","M","R","M","R","BOSS"],"items_purchased_type":["Relic","Relic","Card","Relic"],"build_version":"2020-12-22","purchased_purges":2,"victory":false,"max_hp_per_floor":[75,75,75,75,75,75,75,75,75,75,75,75,75,75,75,75,75,75,75,75,75,80,80,80,80,80,80,80,80,80,80,80,80,80,80,80,80,80,82,84,84,86,86,88,90,92,92,94,94,94,94],"card_choices":[{"not_picked":["Hologram","Glacier"],"picked":"BootSequence","floor":1.0},{"not_picked":["Streamline","Doom and Gloom"],"picked":"Sunder","floor":4.0},{"not_picked":["Beam Cell","Cold Snap","Steam"],"picked":"SKIP","floor":5.0},{"not_picked":["Redo","Aggregate","Beam Cell"],"picked":"SKIP","floor":6.0},{"not_picked":["Reprogram","Genetic Algorithm"],"picked":"FTL","floor":7.0},{"not_picked":["Rebound","Darkness"],"picked":"Self Repair","floor":8.0},{"not_picked":["Rebound","Coolheaded"],"picked":"Ball Lightning","floor":11.0},{"not_picked":["Chill","Go for the Eyes"],"picked":"Storm","floor":12.0},{"not_picked":["Undo","Scrape"],"picked":"Self Repair","floor":14.0},{"not_picked":["Machine Learning","Rainbow"],"picked":"Creative AI","floor":16.0},{"not_picked":["Rebound","Turbo","Leap"],"picked":"SKIP","floor":18.0},{"not_picked":["Cold Snap","Ball Lightning","Stack"],"picked":"SKIP","floor":19.0},{"not_picked":["Go for the Eyes","Conserve Battery+1"],"picked":"FTL+1","floor":21.0},{"not_picked":["Hologram+1","Leap","Go for the Eyes+1"],"picked":"SKIP","floor":22.0},{"not_picked":["Turbo+1","Redo"],"picked":"Conserve Battery+1","floor":28.0},{"not_picked":["Barrage","Redo","Coolheaded"],"picked":"SKIP","floor":31.0},{"not_picked":["Hyperbeam","All For One"],"picked":"Seek","floor":33.0},{"not_picked":["Cold Snap+1","Go for the Eyes+1","Steam+1"],"picked":"SKIP","floor":35.0},{"not_picked":["Streamline","Gash+1","Cold Snap"],"picked":"SKIP","floor":36.0},{"not_picked":["Gash","Steam Power+1"],"picked":"Storm","floor":37.0},{"not_picked":["Fission","Ball Lightning+1","Reinforced Body"],"picked":"Singing Bowl","floor":39.0},{"not_picked":["Streamline+1","Self Repair+1","Recycle"],"picked":"Singing Bowl","floor":40.0},{"not_picked":["Steam","Coolheaded","Self Repair+1"],"picked":"Singing Bowl","floor":42.0},{"not_picked":["Static Discharge","Skim+1","Sweeping Beam"],"picked":"Singing Bowl","floor":44.0},{"not_picked":["Fusion","Ball Lightning","Beam Cell+1"],"picked":"Singing Bowl","floor":45.0},{"not_picked":["Go for the Eyes+1","Stack","Ball Lightning"],"picked":"Singing Bowl","floor":46.0},{"not_picked":["Seek","Loop+1","Sweeping Beam+1"],"picked":"Singing Bowl","floor":48.0}],"player_experience":345524,"relics_obtained":[{"floor":6.0,"key":"Matryoshka"},{"floor":8.0,"key":"Blood Vial"},{"floor":9.0,"key":"Whetstone"},{"floor":9.0,"key":"DataDisk"},{"floor":14.0,"key":"Pantograph"},{"floor":26.0,"key":"The Courier"},{"floor":28.0,"key":"Regal Pillow"},{"floor":28.0,"key":"TungstenRod"},{"floor":30.0,"key":"Kunai"},{"floor":39.0,"key":"Gambling Chip"},{"floor":40.0,"key":"Bag of Preparation"},{"floor":40.0,"key":"Cables"},{"floor":42.0,"key":"StrikeDummy"},{"floor":42.0,"key":"Akabeko"},{"floor":43.0,"key":"Blue Candle"},{"floor":44.0,"key":"Bird Faced Urn"},{"floor":44.0,"key":"Nunchaku"}],"event_choices":[{"cards_removed":["Strike_B"],"damage_healed":0.0,"max_hp_gain":0.0,"max_hp_loss":0.0,"gold_gain":0.0,"event_name":"Living Wall","player_choice":"Forget","floor":2.0,"gold_loss":0.0,"damage_taken":0.0},{"damage_healed":0.0,"max_hp_gain":0.0,"max_hp_loss":0.0,"gold_gain":0.0,"event_name":"Match and Keep!","player_choice":"0 cards matched","floor":3.0,"gold_loss":0.0,"damage_taken":0.0,"cards_obtained":[]},{"damage_healed":0.0,"max_hp_gain":0.0,"max_hp_loss":0.0,"gold_gain":275.0,"event_name":"Golden Shrine","player_choice":"Desecrate","floor":20.0,"gold_loss":0.0,"damage_taken":0.0,"cards_obtained":["Regret"]},{"damage_healed":0.0,"max_hp_gain":0.0,"max_hp_loss":0.0,"gold_gain":0.0,"event_name":"Drug Dealer","player_choice":"Inject Mutagens","floor":27.0,"gold_loss":0.0,"damage_taken":0.0,"relics_obtained":["MutagenicStrength"]},{"damage_healed":0.0,"max_hp_gain":0.0,"max_hp_loss":0.0,"gold_gain":0.0,"event_name":"MindBloom","player_choice":"Fight","floor":39.0,"gold_loss":0.0,"damage_taken":0.0},{"damage_healed":21.0,"max_hp_gain":0.0,"max_hp_loss":0.0,"gold_gain":0.0,"event_name":"Winding Halls","player_choice":"Writhe","floor":41.0,"gold_loss":0.0,"damage_taken":0.0,"cards_obtained":["Writhe"]}],"is_beta":false,"boss_relics":[{"not_picked":["Runic Dome","Astrolabe"],"picked":"Black Star"},{"not_picked":["Philosopher\u0027s Stone","Coffee Dripper"],"picked":"Velvet Choker"}],"items_purged_floors":[24,38],"is_endless":false,"potions_floor_spawned":[4,6,11,16,18,22,33,36,40,42,45],"killed_by":"Awakened One","ascension_level":11}}