{"host":"11728qvdvolffudn","time":1613755854,"event":{"mods":["BaseMod","Block Reminder","Colored Powertips","Curses Come First","Custom Start","Displayed Cursed Tome","Highlight Path","Minty Spire (QoL Compilation)","Permanent Neow","Quick Restart","Rare Cards Sparkle","Relic Stats","StSLib","Weighted Paths"],"gold_per_floor":[113,113,133,86,11,11,39,54,54,79,79,79,79,79,79,177,177,177],"floor_reached":17,"language":"ENG","playtime":417,"items_purged":["Strike_R"],"score":201,"play_id":"231c8150-e540-4256-9b48-268d08b837ad","local_time":"20210219173054","is_ascension_mode":true,"campfire_choices":[{"data":"Defend_R","floor":6,"key":"SMITH"},{"data":"Flex","floor":11,"key":"SMITH"},{"floor":13,"key":"REST"},{"floor":15,"key":"REST"}],"circlet_count":0,"master_deck":["Strike_R+1","Defend_R+1","Defend_R","Defend_R","Bash+1","Flex+1","Flex","Inflame","Feed","Double Tap+1","Armaments+1","Dropkick+1"],"relics":["Burning Blood","Whetstone","Darkstone Periapt","Bottled Lightning","Paper Frog","Omamori","Lantern","Astrolabe"],"acts_visited":["Exordium","TheCity"],"potions_floor_usage":[7],"damage_taken":[{"damage":6,"enemies":"Small Slimes","floor":1,"turns":3},{"damage":1,"enemies":"Cultist","floor":3,"turns":3},{"damage":38,"enemies":"Gremlin Nob","floor":7,"turns":5},{"damage":7,"enemies":"Jaw Worm","floor":8,"turns":3},{"damage":33,"enemies":"Lagavulin","floor":10,"turns":7},{"damage":54,"enemies":"The Guardian","floor":16,"turns":9}],"seed_played":"6697367140056357037","potions_obtained":[{"floor":1,"key":"DistilledChaos"},{"floor":10,"key":"ElixirPotion"},{"floor":16,"key":"Swift Potion"}],"is_trial":false,"path_per_floor":["M","?","M","$","$","R","E","M","T","E","R","T","R","?","R","B",null],"character_chosen":"IRONCLAD","items_purchased":["Flex"],"campfire_rested":2,"item_purchase_floors":[4],"current_hp_per_floor":[80,80,80,80,80,80,48,47,47,20,20,20,44,44,68,20,65,65],"gold":177,"neow_bonus":"RANDOM_COMMON_RELIC","is_daily":false,"chose_seed":false,"campfire_upgraded":2,"win_rate":0.0,"timestamp":1613755854,"path_taken":["M","?","?","?","$","R","E","M","T","E","R","?","R","?","R","BOSS"],"items_purchased_type":["Card"],"build_version":"2020-12-22","purchased_purges":1,"victory":false,"max_hp_per_floor":[80,80,80,80,80,80,80,80,80,80,80,80,80,80,80,80,80,80],"relic_stats":{"Darkstone Periapt":0,"counters":[6,30],"Astrolabe":["Double Tap","Armaments","Dropkick"],"Whetstone":["Bash","Strike_R"],"obtain_stats":[{"Darkstone Periapt":7,"Lantern":14,"Astrolabe":17,"Omamori":12,"Whetstone":0,"Bottled Lightning":9,"Burning Blood":0,"Paper Frog":10},{"Darkstone Periapt":3,"Lantern":5,"Astrolabe":6,"Omamori":5,"Whetstone":0,"Bottled Lightning":4,"Burning Blood":0,"Paper Frog":5},{"Darkstone Periapt":11,"Lantern":21,"Astrolabe":30,"Omamori":21,"Whetstone":0,"Bottled Lightning":14,"Burning Blood":0,"Paper Frog":21}],"Burning Blood":31},"card_choices":[{"not_picked":["Blood for Blood","Warcry","Havoc"],"picked":"SKIP","floor":1},{"not_picked":["Bloodletting","Power Through","Sever Soul"],"picked":"SKIP","floor":3},{"not_picked":["Hemokinesis","Body Slam"],"picked":"Flex","floor":7},{"not_picked":["Sever Soul","Thunderclap"],"picked":"Inflame","floor":8},{"not_picked":["Warcry","Brutality","Rupture"],"picked":"SKIP","floor":10},{"not_picked":["Brutality","Juggernaut"],"picked":"Feed","floor":16}],"player_experience":225971,"relics_obtained":[{"floor":7,"key":"Darkstone Periapt"},{"floor":9,"key":"Bottled Lightning"},{"floor":10,"key":"Paper Frog"},{"floor":12,"key":"Omamori"}],"event_choices":[{"cards_removed":["Strike_R"],"damage_healed":0,"gold_gain":0,"player_choice":"Offered Basic","damage_taken":0,"max_hp_gain":0,"max_hp_loss":0,"event_name":"Bonfire Elementals","floor":2,"gold_loss":0},{"damage_healed":0,"gold_gain":0,"player_choice":"Box","damage_taken":0,"relics_obtained":["Lantern"],"max_hp_gain":0,"max_hp_loss":0,"event_name":"Big Fish","floor":14,"gold_loss":0,"cards_obtained":["Regret"]}],"is_beta":false,"boss_relics":[{"not_picked":["Coffee Dripper","Snecko Eye"],"picked":"Astrolabe"}],"items_purged_floors":[5],"is_endless":false,"potions_floor_spawned":[1,10,16],"ascension_level":5}}