{"host":"56xwnffi6e9z5l58","time":1613750876,"event":{"mods":["Aspiration","BaseMod","Better Match","Better Note","Better Sensory Stone","BetterRewards","Colored Map","Colored Powertips","Conspire","Downfall","GifTheSpireLib","Hermit","Highlight Path","Hubris","Infinite Spire","Key Reminder","Minty Spire (QoL Compilation)","Permanent Neow","Quick Restart","Rare Cards Sparkle","Replay The Spire","StSLib","Stuff the Spire","SuperFastMode","Unceasing Turn Reminder"],"gold_per_floor":[99,109,127,127,35,68,92,92,105,122,122,122,22,32,44,146,146,146,164,164,184,200,226,226,237,237,237,237],"floor_reached":26,"language":"ENG","playtime":790,"items_purged":[],"score":230,"play_id":"a714d3b6-8701-4d69-90ad-29d43ee9cd6b","local_time":"20210220000756","is_ascension_mode":false,"campfire_choices":[{"floor":1,"key":"DIG"},{"data":"bronze:Break","floor":8,"key":"SMITH"},{"data":"bronze:Flail","floor":13,"key":"SMITH"},{"data":"bronze:Strike","floor":18,"key":"PURGE"}],"circlet_count":0,"master_deck":["bronze:Strike","bronze:Strike","bronze:Defend","bronze:Defend","bronze:Defend","bronze:Defend","bronze:Replicate","bronze:Goto","bronze:Break+1","bronze:Shell","bronze:ClassDefault","bronze:BronzeArmor","bronze:ChosenStrike","bronze:Flail+1","bronze:DelayedSlice","bronze:BronzeOrb","bronze:Return","bronze:AlphaBuild","bronze:HardenedForm","bronze:Branch","bronze:Philosophize+1","bronze:BronzeOrb","bronze:Optimize","bronze:Optimize"],"relics":["bronze:BronzeCore","StuffTheSpire:HeavyRock","White Beast Statue","keyreminder:keyreminder","Ancient Tea Set","downfall:HeartBlessingGreen","hubris:Backtick","Matryoshka","hubris:EvacipatedBox","Replay:Rubber Ducky","StuffTheSpire:OldFever","Replay:PocketPolymizer"],"acts_visited":["Exordium","TheCity"],"potions_floor_usage":[16,23],"damage_taken":[{"damage":0,"enemies":"conspire:RoseBush","floor":2,"turns":2},{"damage":6,"enemies":"Cultist","floor":3,"turns":3},{"damage":5,"enemies":"downfall:FleeingMerchant","floor":5,"turns":4},{"damage":28,"enemies":"Replay:BlueRogue","floor":6,"turns":7},{"damage":0,"enemies":"infinitespire:Voidling","floor":9,"turns":2},{"damage":2,"enemies":"conspire:2 RoseBushes","floor":10,"turns":2},{"damage":9,"enemies":"Exordium Wildlife","floor":14,"turns":4},{"damage":0,"enemies":"Exordium Thugs","floor":15,"turns":2},{"damage":16,"enemies":"SI_SHIV_ARCHETYPE","floor":16,"turns":5},{"damage":19,"enemies":"conspire:FuzzyDice","floor":19,"turns":5},{"damage":20,"enemies":"Shell Parasite","floor":21,"turns":3},{"damage":0,"enemies":"Cultist and Chosen","floor":22,"turns":4},{"damage":2,"enemies":"conspire:Head Lice","floor":23,"turns":7},{"damage":0,"enemies":"Chosen and Byrds","floor":25,"turns":4},{"damage":14,"enemies":"downfall:FleeingMerchant","floor":26,"turns":2}],"seed_played":"-3195305468718706242","potions_obtained":[{"floor":6,"key":"PowerPotion"},{"floor":9,"key":"hexamod:SoulburnPotion"},{"floor":10,"key":"Block Potion"},{"floor":16,"key":"bronze:FreeFunctionsPotion"},{"floor":22,"key":"LifebloodPotion"},{"floor":23,"key":"SpeedPotion"}],"is_trial":false,"path_per_floor":["R_BF","M","M","?","$","E","T","R","M","M","?","?","R","M","M","B",null,"R_BF","M","$","M","M","E","T","M","$"],"character_chosen":"THE_AUTOMATON","items_purchased":["bronze:ChosenStrike","hubris:EvacipatedBox"],"campfire_rested":0,"item_purchase_floors":[5,20],"current_hp_per_floor":[70,70,64,67,62,34,34,34,34,32,32,32,32,23,23,7,73,73,54,35,15,15,13,13,13,0,0,0],"gold":237,"neow_bonus":"ONE_RANDOM_RARE_CARD","is_daily":false,"chose_seed":false,"campfire_upgraded":2,"win_rate":0.0,"timestamp":1613750876,"path_taken":["R_BF","M","M","?","$","E","T","R","M","M","?","?","R","M","M","BOSS","R_BF","M","?","M","M","E","T","M","$"],"items_purchased_type":["Card","Relic"],"build_version":"2020-12-22","purchased_purges":0,"victory":false,"max_hp_per_floor":[70,70,70,73,73,73,73,73,73,73,73,73,73,73,73,73,73,73,73,73,73,73,73,73,73,73,73,73],"card_choices":[{"not_picked":["bronze:WhirlingStrike","bronze:BuggyMess"],"picked":"bronze:Shell","floor":2},{"not_picked":["bronze:BugBarrage","bronze:Overload"],"picked":"bronze:ClassDefault","floor":3},{"not_picked":["bronze:BugBarrage","bronze:DelayedGuard"],"picked":"bronze:BronzeArmor","floor":5},{"not_picked":["bronze:DelayedGuard","bronze:NullPointer"],"picked":"bronze:Flail","floor":6},{"not_picked":["bronze:BuggyMess","bronze:BitShift"],"picked":"bronze:DelayedSlice","floor":9},{"not_picked":["bronze:Constructor","bronze:DigitalCarnage"],"picked":"bronze:BronzeOrb","floor":10},{"not_picked":["bronze:DigitalCarnage","bronze:WildBeam"],"picked":"bronze:Return","floor":14},{"not_picked":["bronze:Turbo","bronze:ChosenStrike"],"picked":"bronze:AlphaBuild","floor":15},{"not_picked":["bronze:Break","bronze:SpaghettiCode"],"picked":"bronze:HardenedForm","floor":16},{"not_picked":["bronze:Shield","bronze:WildBeam"],"picked":"bronze:Branch","floor":19},{"not_picked":["bronze:OilSpill+1","bronze:Turbo"],"picked":"bronze:Philosophize+1","floor":21},{"not_picked":["bronze:Separator","bronze:Turbo"],"picked":"bronze:BronzeOrb","floor":22},{"not_picked":["bronze:MaxOutput","bronze:BitShift"],"picked":"bronze:Optimize","floor":23},{"not_picked":["bronze:Shield","bronze:DelayedGuard"],"picked":"bronze:Optimize","floor":25}],"player_experience":1046954,"relics_obtained":[{"floor":1,"key":"StuffTheSpire:HeavyRock"},{"floor":6,"key":"White Beast Statue"},{"floor":7,"key":"Ancient Tea Set"},{"floor":23,"key":"Replay:Rubber Ducky"},{"floor":24,"key":"StuffTheSpire:OldFever"},{"floor":24,"key":"Replay:PocketPolymizer"}],"event_choices":[{"damage_healed":0,"gold_gain":0,"player_choice":"Got Potions","damage_taken":0,"max_hp_gain":0,"max_hp_loss":0,"event_name":"Lab","floor":12,"gold_loss":0}],"is_beta":false,"boss_relics":[{"not_picked":["conspire:RoyalGoblet","bronze:MakeshiftBattery"],"picked":"hubris:Backtick"}],"items_purged_floors":[],"is_endless":false,"potions_floor_spawned":[6,9,10,14,15,16,19,21,22,23,25],"killed_by":"downfall:FleeingMerchant","ascension_level":0}}