{"host":"ptk1shuto3uimndw","time":1613768774,"event":{"mods":["AchievementEnabler","BaseMod","Bestiary","Colored Map","Colored Powertips","Curses Come First","Minty Spire (QoL Compilation)","Quick Restart","Rare Cards Sparkle","Relic Stats","StSLib","Uncapped"],"gold_per_floor":[360,285,285,299,66,91,91,122,172,172,172,205,22,62,62,158,158,158,158,158,158,158,158,158],"floor_reached":23,"language":"ENG","playtime":726,"items_purged":["Strike_B","Strike_B"],"score":376,"play_id":"566fa003-4a69-4800-be1f-7fbdf051e99a","local_time":"20210219220614","is_ascension_mode":true,"campfire_choices":[{"data":"Loop","floor":7,"key":"SMITH"},{"floor":11,"key":"REST"},{"data":"Static Discharge","floor":15,"key":"SMITH"}],"circlet_count":0,"master_deck":["AscendersBane","Strike_B","Strike_B","Defend_B","Defend_B","Defend_B","Defend_B","Zap","Dualcast","Leap","Ball Lightning","Glacier","Static Discharge+1","Loop+1","Reinforced Body","Hologram","Buffer","Meteor Strike","Biased Cognition","Capacitor","Chill","Defragment"],"relics":["Cracked Core","Golden Idol","Pen Nib","Strawberry","Mercury Hourglass","Art of War","Bag of Preparation","Ectoplasm","Red Mask"],"acts_visited":["Exordium","TheCity"],"potions_floor_usage":[14],"damage_taken":[{"damage":5,"enemies":"Small Slimes","floor":1,"turns":3},{"damage":2,"enemies":"Jaw Worm","floor":4,"turns":4},{"damage":0,"enemies":"2 Louse","floor":6,"turns":2},{"damage":25,"enemies":"Gremlin Nob","floor":8,"turns":5},{"damage":5,"enemies":"Lagavulin","floor":12,"turns":6},{"damage":16,"enemies":"Gremlin Nob","floor":14,"turns":7},{"damage":16,"enemies":"The Guardian","floor":16,"turns":10},{"damage":0,"enemies":"Spheric Guardian","floor":18,"turns":4},{"damage":8,"enemies":"3 Byrds","floor":19,"turns":3},{"damage":14,"enemies":"Snake Plant","floor":20,"turns":5},{"damage":22,"enemies":"Masked Bandits","floor":21,"turns":4},{"damage":1,"enemies":"Snecko","floor":22,"turns":5},{"damage":13,"enemies":"Book of Stabbing","floor":23,"turns":5}],"seed_played":"7127305181666666133","potions_obtained":[{"floor":1,"key":"Weak Potion"},{"floor":6,"key":"Strength Potion"},{"floor":16,"key":"FearPotion"}],"is_trial":false,"path_per_floor":["M","?","?","M","$","M","R","E","T","?","R","E","$","E","R","B",null,"M","M","M","?","M","E"],"character_chosen":"DEFECT","items_purchased":["Glacier","Static Discharge","Buffer"],"campfire_rested":1,"item_purchase_floors":[5,5,13],"current_hp_per_floor":[59,59,59,57,57,57,57,32,39,21,42,37,37,21,21,5,55,55,47,33,11,10,0,0],"gold":158,"neow_bonus":"TWO_FIFTY_GOLD","is_daily":false,"chose_seed":false,"campfire_upgraded":2,"win_rate":0.0,"timestamp":1613768774,"path_taken":["M","?","?","?","$","M","R","E","T","?","R","E","$","E","R","BOSS","M","M","M","?","M","E"],"items_purchased_type":["Card","Card","Card"],"build_version":"2020-12-22","purchased_purges":2,"victory":false,"max_hp_per_floor":[71,71,64,64,64,64,64,64,71,71,71,71,71,71,71,71,71,71,71,71,71,71,71,71],"relic_stats":{"counters":[13,60],"Golden Idol":72,"Pen Nib":[3],"Ectoplasm":118,"Art of War":[18],"Bag of Preparation":[14],"obtain_stats":[{"Golden Idol":3,"Strawberry":9,"Pen Nib":8,"Ectoplasm":17,"Art of War":12,"Bag of Preparation":14,"Red Mask":21,"Cracked Core":0,"Mercury Hourglass":10},{"Golden Idol":1,"Strawberry":4,"Pen Nib":4,"Ectoplasm":7,"Art of War":5,"Bag of Preparation":6,"Red Mask":11,"Cracked Core":0,"Mercury Hourglass":4},{"Golden Idol":3,"Strawberry":14,"Pen Nib":14,"Ectoplasm":35,"Art of War":19,"Bag of Preparation":25,"Red Mask":51,"Cracked Core":0,"Mercury Hourglass":14}],"Mercury Hourglass":[153]},"card_choices":[{"not_picked":["Chaos","Undo"],"picked":"Leap","floor":1},{"not_picked":["Sweeping Beam","Scrape"],"picked":"Ball Lightning","floor":4},{"not_picked":["Static Discharge","Sweeping Beam"],"picked":"Loop","floor":6},{"not_picked":["Storm","Steam Power"],"picked":"Reinforced Body","floor":8},{"not_picked":["White Noise","Rebound"],"picked":"Hologram","floor":12},{"not_picked":["Hologram","Hello World"],"picked":"Meteor Strike","floor":14},{"not_picked":["Seek","Electrodynamics"],"picked":"Biased Cognition","floor":16},{"not_picked":["FTL+1","White Noise"],"picked":"Capacitor","floor":18},{"not_picked":["Rip and Tear","Gash+1","Stack"],"picked":"SKIP","floor":19},{"not_picked":["Redo","Genetic Algorithm"],"picked":"Chill","floor":20},{"not_picked":["Barrage","Ball Lightning"],"picked":"Defragment","floor":21},{"not_picked":["Steam","Compile Driver+1","Genetic Algorithm"],"picked":"SKIP","floor":22}],"player_experience":282856,"relics_obtained":[{"floor":8,"key":"Pen Nib"},{"floor":9,"key":"Strawberry"},{"floor":12,"key":"Art of War"},{"floor":14,"key":"Bag of Preparation"},{"floor":21,"key":"Red Mask"}],"event_choices":[{"cards_removed":["Regret"],"damage_healed":0,"gold_gain":0,"player_choice":"Card Removal","damage_taken":0,"max_hp_gain":0,"max_hp_loss":0,"event_name":"The Cleric","floor":2,"gold_loss":75},{"damage_healed":0,"gold_gain":0,"player_choice":"Lose Max HP","damage_taken":0,"relics_obtained":["Golden Idol"],"max_hp_gain":0,"max_hp_loss":7,"event_name":"Golden Idol","floor":3,"gold_loss":0},{"damage_healed":0,"gold_gain":0,"player_choice":"Success","damage_taken":18,"relics_obtained":["Mercury Hourglass"],"max_hp_gain":0,"max_hp_loss":0,"event_name":"Scrap Ooze","floor":10,"gold_loss":0},{"damage_healed":0,"gold_gain":0,"player_choice":"Fought Bandits","damage_taken":0,"max_hp_gain":0,"max_hp_loss":0,"event_name":"Masked Bandits","floor":21,"gold_loss":0}],"is_beta":false,"boss_relics":[{"not_picked":["Runic Dome","Philosopher\u0027s Stone"],"picked":"Ectoplasm"}],"items_purged_floors":[5,13],"is_endless":false,"potions_floor_spawned":[1,6,12,16,21],"killed_by":"Book of Stabbing","ascension_level":16}}