{"host":"uafoej811sw8via1","time":1613759840,"event":{"mods":["BaseMod","Minty Spire (QoL Compilation)","Relic Stats","StSLib"],"gold_per_floor":[144,189,234,279,324,324,414,23,48,48,93,183,34,79,79,379,379,424,469,514,514,14,104,149,149,149,248,248,302,40,94,94,403,403,448,502,556,14,68,158,212,257,257,257,311,410,440,494,494,494],"floor_reached":51,"language":"ENG","playtime":3830,"items_purged":["Pain"],"score":991,"play_id":"7717cd41-9885-49da-b5ea-5f13de70a042","local_time":"20210219133720","daily_mods":["Insanity","Blue Cards","Midas"],"is_ascension_mode":false,"campfire_choices":[{"floor":15,"key":"REST"},{"floor":32,"key":"REST"},{"floor":44,"key":"REST"},{"floor":49,"key":"REST"}],"circlet_count":0,"master_deck":["Uppercut","Rebound","Aggregate","Streamline","Melter","Rebound","Hologram+1","Twin Strike","Evolve","Headbutt","Coolheaded","Ball Lightning","Streamline","Go for the Eyes","Warcry","Redo","True Grit","Skim","White Noise+1","Flex","Disarm","Sweeping Beam","Searing Blow","Gash","Battle Trance","Anger","Compile Driver","Undo","Stack","Stack","Steam","Pummel","Aggregate","Rage","Rampage","Sweeping Beam","Reprogram","Gash","Ball Lightning","Hologram","Heavy Blade","Warcry","Shrug It Off","Anger","Havoc","Rage","Combust","Inflame","Rebound","Undo","Power Through","Shrug It Off","Hologram","Juggernaut+1","Defragment+1","Power Through","Juggernaut+1","Corruption+1","Compile Driver","Sweeping Beam+1","Turbo+1","Entrench+1","Barricade+1","Glacier+1","Shrug It Off+1","Metallicize+1","Meteor Strike","Flame Barrier+1","Inflame+1","Apotheosis+1","Stack+1","Inflame+1","Power Through+1","Pommel Strike","Shrug It Off+1","Stack+1","Whirlwind+1","Stack+1"],"relics":["Burning Blood","Mummified Hand","Ancient Tea Set","Frozen Egg 2","Lantern","Spirit Poop","Potion Belt","Mark of Pain","WarpedTongs","Toxic Egg 2","Meat on the Bone","Pen Nib","CeramicFish","Letter Opener","War Paint","Medical Kit","Philosopher\u0027s Stone","Ginger","Shuriken","Orichalcum","InkBottle","StoneCalendar"],"acts_visited":["Exordium","TheCity","TheBeyond"],"potions_floor_usage":[33,33,39,47,50,50,50,50,50,50],"damage_taken":[{"damage":0,"enemies":"Small Slimes","floor":1,"turns":1},{"damage":0,"enemies":"2 Louse","floor":2,"turns":2},{"damage":0,"enemies":"Cultist","floor":3,"turns":2},{"damage":8,"enemies":"2 Fungi Beasts","floor":4,"turns":4},{"damage":1,"enemies":"Exordium Thugs","floor":5,"turns":3},{"damage":24,"enemies":"Lagavulin","floor":7,"turns":5},{"damage":0,"enemies":"3 Louse","floor":11,"turns":3},{"damage":14,"enemies":"3 Sentries","floor":12,"turns":3},{"damage":8,"enemies":"Lots of Slimes","floor":14,"turns":4},{"damage":2,"enemies":"Slime Boss","floor":16,"turns":4},{"damage":4,"enemies":"Shell Parasite","floor":18,"turns":4},{"damage":2,"enemies":"Chosen","floor":19,"turns":4},{"damage":5,"enemies":"Snake Plant","floor":20,"turns":6},{"damage":8,"enemies":"Book of Stabbing","floor":23,"turns":6},{"damage":4,"enemies":"Centurion and Healer","floor":24,"turns":5},{"damage":52,"enemies":"Slavers","floor":27,"turns":5},{"damage":6,"enemies":"Cultist and Chosen","floor":29,"turns":4},{"damage":0,"enemies":"3 Cultists","floor":31,"turns":5},{"damage":0,"enemies":"Automaton","floor":33,"turns":7},{"damage":0,"enemies":"3 Shapes","floor":35,"turns":4},{"damage":7,"enemies":"3 Darklings","floor":36,"turns":4},{"damage":14,"enemies":"Writhing Mass","floor":37,"turns":7},{"damage":9,"enemies":"Transient","floor":39,"turns":5},{"damage":22,"enemies":"Giant Head","floor":40,"turns":7},{"damage":0,"enemies":"Spire Growth","floor":41,"turns":3},{"damage":0,"enemies":"Jaw Worm Horde","floor":42,"turns":5},{"damage":7,"enemies":"Sphere and 2 Shapes","floor":45,"turns":4},{"damage":0,"enemies":"Reptomancer","floor":46,"turns":4},{"damage":0,"enemies":"2 Orb Walkers","floor":47,"turns":4},{"damage":22,"enemies":"Writhing Mass","floor":48,"turns":5},{"damage":19,"enemies":"Awakened One","floor":50,"turns":9}],"seed_played":"778547550210687013","potions_obtained":[{"floor":1,"key":"SpeedPotion"},{"floor":4,"key":"Ancient Potion"},{"floor":12,"key":"SteroidPotion"},{"floor":16,"key":"DuplicationPotion"},{"floor":19,"key":"SkillPotion"},{"floor":20,"key":"Explosive Potion"},{"floor":23,"key":"EntropicBrew"},{"floor":35,"key":"Fire Potion"},{"floor":37,"key":"BlessingOfTheForge"},{"floor":41,"key":"AttackPotion"},{"floor":46,"key":"LiquidBronze"},{"floor":48,"key":"PowerPotion"}],"is_trial":false,"path_per_floor":["M","M","M","M","M","?","E","$","T","?","M","E","$","M","R","B",null,"M","M","M","?","$","E","M","$","T","E","?","M","$","M","R","B",null,"M","M","M","$","M","E","M","M","T","R","M","E","?","M","R","B",null],"character_chosen":"IRONCLAD","items_purchased":["Frozen Egg 2","Juggernaut+1","Juggernaut+1","Toxic Egg 2","Meat on the Bone","Medical Kit","Shrug It Off+1","Apotheosis+1","Ginger","Stack+1","Inflame+1"],"campfire_rested":4,"item_purchase_floors":[8,8,13,22,22,30,30,38,38,38,38],"current_hp_per_floor":[80,80,80,78,80,80,62,62,62,62,68,60,60,58,80,80,80,80,80,80,80,80,78,80,80,80,46,46,58,58,64,80,80,80,80,79,71,71,68,52,58,64,64,80,79,80,80,64,80,67],"gold":494,"neow_bonus":"","is_daily":true,"chose_seed":false,"campfire_upgraded":0,"win_rate":0.0,"timestamp":1613759840,"path_taken":["M","M","M","M","M","?","E","$","T","?","?","E","$","M","R","BOSS","M","M","M","?","$","E","M","?","T","E","?","M","$","M","R","BOSS","M","M","M","$","?","E","M","M","T","R","M","E","?","M","R","BOSS"],"items_purchased_type":["Relic","Card","Card","Relic","Relic","Relic","Card","Card","Relic","Card","Card"],"build_version":"2020-12-22","purchased_purges":1,"victory":true,"max_hp_per_floor":[80,80,80,80,80,80,80,80,80,80,80,80,80,80,80,80,80,80,80,80,80,80,80,80,80,80,80,80,80,80,80,80,80,80,80,80,80,80,80,80,80,80,80,80,80,80,80,80,80,80],"relic_stats":{"counters":[31,138],"CeramicFish":144,"StoneCalendar":[0],"Pen Nib":[18],"Letter Opener":[334],"Ginger":[2],"War Paint":["White Noise","Hologram"],"Orichalcum":[12],"Medical Kit":[38],"Burning Blood":131,"WarpedTongs":[83],"Mummified Hand":[114],"Shuriken":[14],"obtain_stats":[{"Potion Belt":12,"Lantern":9,"CeramicFish":26,"Spirit Poop":10,"StoneCalendar":47,"Pen Nib":23,"Letter Opener":27,"Ginger":38,"Frozen Egg 2":8,"War Paint":28,"Orichalcum":43,"Ancient Tea Set":7,"Medical Kit":30,"Burning Blood":0,"WarpedTongs":21,"Mummified Hand":6,"Shuriken":40,"Philosopher\u0027s Stone":34,"Mark of Pain":17,"Toxic Egg 2":22,"InkBottle":46,"Meat on the Bone":22},{"Potion Belt":8,"Lantern":6,"CeramicFish":15,"Spirit Poop":6,"StoneCalendar":29,"Pen Nib":14,"Letter Opener":16,"Ginger":22,"Frozen Egg 2":6,"War Paint":16,"Orichalcum":26,"Ancient Tea Set":6,"Medical Kit":17,"Burning Blood":0,"WarpedTongs":13,"Mummified Hand":5,"Shuriken":24,"Philosopher\u0027s Stone":19,"Mark of Pain":10,"Toxic Egg 2":13,"InkBottle":28,"Meat on the Bone":13},{"Potion Belt":23,"Lantern":17,"CeramicFish":56,"Spirit Poop":17,"StoneCalendar":124,"Pen Nib":51,"Letter Opener":61,"Ginger":92,"Frozen Egg 2":17,"War Paint":61,"Orichalcum":112,"Ancient Tea Set":17,"Medical Kit":65,"Burning Blood":0,"WarpedTongs":45,"Mummified Hand":12,"Shuriken":104,"Philosopher\u0027s Stone":77,"Mark of Pain":31,"Toxic Egg 2":45,"InkBottle":120,"Meat on the Bone":45}],"InkBottle":[10],"Meat on the Bone":24},"card_choices":[{"not_picked":["Consume","Reprogram"],"picked":"Undo","floor":1},{"not_picked":["Beam Cell","Cold Snap"],"picked":"Power Through","floor":2},{"not_picked":["Ball Lightning","Pommel Strike","Body Slam"],"picked":"SKIP","floor":3},{"not_picked":["Auto Shields","Armaments","Rainbow"],"picked":"SKIP","floor":4},{"not_picked":["Sweeping Beam","Rebound"],"picked":"Shrug It Off","floor":5},{"not_picked":["Leap","Consume"],"picked":"Hologram","floor":7},{"not_picked":["Ghostly Armor","Compile Driver"],"picked":"Defragment+1","floor":11},{"not_picked":["Steam","Warcry"],"picked":"Power Through","floor":12},{"not_picked":["Heavy Blade","Sunder","Redo"],"picked":"SKIP","floor":14},{"not_picked":["Multi-Cast","Fission"],"picked":"Corruption+1","floor":16},{"not_picked":["Sweeping Beam","Leap+1"],"picked":"Compile Driver","floor":18},{"not_picked":["Perfected Strike","Rupture+1","Clash"],"picked":"SKIP","floor":19},{"not_picked":["Stack","Heavy Blade"],"picked":"Sweeping Beam+1","floor":20},{"not_picked":["BootSequence+1","Hyperbeam"],"picked":"Turbo+1","floor":23},{"not_picked":["Blood for Blood","Ball Lightning"],"picked":"Entrench+1","floor":24},{"not_picked":["Flex+1","Leap+1"],"picked":"Barricade+1","floor":27},{"not_picked":["Hello World+1","Clash"],"picked":"Glacier+1","floor":29},{"not_picked":["Gash","Body Slam"],"picked":"Metallicize+1","floor":31},{"not_picked":["Buffer+1","Berserk+1"],"picked":"Meteor Strike","floor":33},{"not_picked":["True Grit+1","Thunderclap+1","Havoc+1"],"picked":"SKIP","floor":35},{"not_picked":["Go for the Eyes","Sweeping Beam"],"picked":"Flame Barrier+1","floor":36},{"not_picked":["Thunderclap+1","Evolve+1"],"picked":"Inflame+1","floor":37},{"not_picked":["Storm+1","Streamline+1"],"picked":"Power Through+1","floor":39},{"not_picked":["True Grit+1","Iron Wave","Rebound+1"],"picked":"SKIP","floor":40},{"not_picked":["Heavy Blade","Armaments+1"],"picked":"Pommel Strike","floor":41},{"not_picked":["Cold Snap","Beam Cell","Armaments+1"],"picked":"SKIP","floor":42},{"not_picked":["Go for the Eyes+1","Berserk+1"],"picked":"Shrug It Off+1","floor":45},{"not_picked":["Rupture+1","Perfected Strike"],"picked":"Stack+1","floor":46},{"not_picked":["Clash","Blizzard+1"],"picked":"Whirlwind+1","floor":47},{"not_picked":["Compile Driver+1","Cleave"],"picked":"Stack+1","floor":48}],"player_experience":1063425,"relics_obtained":[{"floor":7,"key":"Ancient Tea Set"},{"floor":9,"key":"Lantern"},{"floor":12,"key":"Potion Belt"},{"floor":23,"key":"Pen Nib"},{"floor":26,"key":"CeramicFish"},{"floor":27,"key":"Letter Opener"},{"floor":40,"key":"Shuriken"},{"floor":43,"key":"Orichalcum"},{"floor":46,"key":"InkBottle"},{"floor":47,"key":"StoneCalendar"}],"event_choices":[{"damage_healed":0,"gold_gain":0,"player_choice":"Box","damage_taken":0,"relics_obtained":["Mummified Hand"],"max_hp_gain":0,"max_hp_loss":0,"event_name":"Big Fish","floor":6,"gold_loss":0,"cards_obtained":["Regret"]},{"cards_removed":["Regret"],"damage_healed":0,"gold_gain":0,"player_choice":"Offered Curse","damage_taken":0,"relics_obtained":["Spirit Poop"],"max_hp_gain":0,"max_hp_loss":0,"event_name":"Bonfire Elementals","floor":10,"gold_loss":0},{"damage_healed":0,"gold_gain":0,"player_choice":"Rummage","damage_taken":0,"relics_obtained":["WarpedTongs"],"max_hp_gain":0,"max_hp_loss":0,"event_name":"Accursed Blacksmith","floor":21,"gold_loss":0,"cards_obtained":["Pain"]},{"cards_removed":["Blood for Blood"],"damage_healed":0,"gold_gain":0,"player_choice":"Gave Card","damage_taken":0,"relics_obtained":["War Paint"],"max_hp_gain":0,"max_hp_loss":0,"event_name":"WeMeetAgain","floor":28,"gold_loss":0},{"damage_healed":0,"gold_gain":0,"player_choice":"Fight","damage_taken":0,"max_hp_gain":0,"max_hp_loss":0,"event_name":"Mysterious Sphere","floor":47,"gold_loss":0}],"is_beta":false,"boss_relics":[{"not_picked":["Tiny House","Black Blood"],"picked":"Mark of Pain"},{"not_picked":["SacredBark","Runic Dome"],"picked":"Philosopher\u0027s Stone"}],"items_purged_floors":[30],"is_endless":false,"potions_floor_spawned":[1,4,12,16,19,20,23,24,35,37,41,46,48],"ascension_level":0}}