{"host":"r0ye8pdzuq6zwfvs","time":1613779059,"event":{"mods":["AchievementEnabler","Act Like it!","Arknights","BaseMod","BetterRewards","CapriCore","Card Forge","Colored Map","Colored Powertips","Custom Start","DeckTracker","Luminous","Minty Spire (QoL Compilation)","Permanent Neow","Prisma Mod","Quick Restart","Relic Stats","Shop Mod","StSLib","SuperFastMode","Swap Starting Deck Mod","The Alterego","The Immortal","Uncapped","Weighted Paths"],"gold_per_floor":[117,131,150,120,137,172,15,49,76,103,122,157,157,180,180,282,282,282,282],"floor_reached":18,"language":"ENG","playtime":1097,"items_purged":[],"score":408,"play_id":"d2c3b466-d27c-4369-b7be-cf9f91dfa924","local_time":"20210219165739","is_ascension_mode":true,"campfire_choices":[{"floor":13,"key":"RECALL"},{"floor":15,"key":"REST"}],"circlet_count":0,"master_deck":["Capacitor+1","PrismaMod:MiyuUncommonStrBuff+1","PrismaMod:MiyuEvokeAll+1","PrismaMod:IllyaInstallAlterEgo","PrismaMod:MiyuUncommonStrBuff+1","PrismaMod:MiyuEvokeAll+1","PrismaMod:MiyuUncommonStrBuff+1","Capacitor+1","Zap+1","Zap+1","PrismaMod:MiyuUncommonStrBuff+1","PrismaMod:IllyaTestament+1","PrismaMod:MiyuUncommonStrBuff+1","PrismaMod:IllyaUberDefendChannel+1"],"relics":["Cracked Core","Hammer of Thor","Seething Fire","Anvil of the Gods","Letter Opener","ClockworkSouvenir","StoneCalendar","Potion Belt","MealTicket","Prayer Wheel","Orichalcum","Centennial Puzzle","Bag of Marbles","Membership Card","Tiny Chest","Bag of Preparation","DataDisk","Oddly Smooth Stone","Snecko Eye"],"acts_visited":["Exordium","TheCity"],"potions_floor_usage":[],"damage_taken":[{"damage":5.0,"enemies":"Jaw Worm","floor":1.0,"turns":2.0},{"damage":0.0,"enemies":"Cultist","floor":2.0,"turns":3.0},{"damage":0.0,"enemies":"2 Louse","floor":3.0,"turns":1.0},{"damage":0.0,"enemies":"Exordium Wildlife","floor":5.0,"turns":2.0},{"damage":3.0,"enemies":"3 Sentries","floor":6.0,"turns":2.0},{"damage":12.0,"enemies":"Lagavulin","floor":8.0,"turns":3.0},{"damage":0.0,"enemies":"Gremlin Nob","floor":10.0,"turns":2.0},{"damage":0.0,"enemies":"2 Fungi Beasts","floor":11.0,"turns":1.0},{"damage":0,"enemies":"3 Sentries","floor":12,"turns":2},{"damage":4,"enemies":"The Guardian","floor":16,"turns":2},{"damage":0,"enemies":"2 Thieves","floor":18,"turns":1}],"seed_played":"3463697044421370025","potions_obtained":[{"floor":1.0,"key":"Weak Potion"},{"floor":5.0,"key":"LiquidBronze"},{"floor":10.0,"key":"PowerPotion"},{"floor":11.0,"key":"Swift Potion"}],"is_trial":false,"path_per_floor":["M","M","M","?","M","E","$","E","T","E","M","E","R","T","R","B",null,"M"],"character_chosen":"DEFECT","items_purchased":["Letter Opener","ClockworkSouvenir","Potion Belt","MealTicket","Orichalcum","Membership Card"],"campfire_rested":1,"item_purchase_floors":[0,0,0,0,0,7],"current_hp_per_floor":[70,70,70,70,70,67,75,63,63,63,63,63,63,63,75,71,75,75,75],"gold":282,"neow_bonus":"","is_daily":false,"chose_seed":false,"campfire_upgraded":0,"win_rate":0.0,"timestamp":1613779059,"path_taken":["M","M","M","?","M","E","$","E","T","E","M","E","R","?","R","BOSS","M"],"items_purchased_type":["Relic","Relic","Relic","Relic","Relic","Relic"],"build_version":"2020-12-22","purchased_purges":0,"victory":false,"max_hp_per_floor":[75,75,75,75,75,75,75,75,75,75,75,75,75,75,75,75,75,75,75],"relic_stats":{"Centennial Puzzle":[12],"counters":[42,122],"Snecko Eye":[3,1,2,3],"StoneCalendar":[0],"MealTicket":23,"Prayer Wheel":5,"Tiny Chest":0,"Bag of Preparation":[10],"Letter Opener":[80],"Orichalcum":[66],"obtain_stats":[{"Lantern":53,"Calipers":28,"Singing Bowl":43,"StoneCalendar":0,"Hammer of Thor":0,"Bag of Preparation":9,"ClockworkSouvenir":0,"alterego_mod:FleetingLove":22,"Centennial Puzzle":0,"Pantograph":25,"Philosopher\u0027s Stone":17,"MealTicket":40,"Prayer Wheel":0,"Tiny Chest":8,"Cracked Core":0,"Potion Belt":0,"Blue Candle":45,"Damaru":54,"Oddly Smooth Stone":12,"Seething Fire":0,"Letter Opener":0,"Orichalcum":0,"MawBank":0,"White Beast Statue":48,"Mercury Hourglass":26,"DataDisk":10,"Anvil of the Gods":0,"Snecko Eye":17,"Coffee Dripper":34,"Bag of Marbles":6,"Bottled Lightning":12,"Membership Card":7,"PureWater":0,"Meat on the Bone":23},{"Lantern":29,"Calipers":16,"Singing Bowl":25,"StoneCalendar":31,"Hammer of Thor":0,"Bag of Preparation":37,"ClockworkSouvenir":31,"alterego_mod:FleetingLove":13,"Centennial Puzzle":31,"Pantograph":15,"Philosopher\u0027s Stone":9,"MealTicket":24,"Prayer Wheel":31,"Tiny Chest":37,"Cracked Core":0,"Potion Belt":31,"Blue Candle":27,"Damaru":30,"Oddly Smooth Stone":40,"Seething Fire":0,"Letter Opener":31,"Orichalcum":31,"MawBank":0,"White Beast Statue":28,"Mercury Hourglass":15,"DataDisk":38,"Anvil of the Gods":0,"Snecko Eye":41,"Coffee Dripper":18,"Bag of Marbles":36,"Bottled Lightning":8,"Membership Card":36,"PureWater":0,"Meat on the Bone":14},{"Lantern":91,"Calipers":49,"Singing Bowl":77,"StoneCalendar":103,"Hammer of Thor":0,"Bag of Preparation":114,"ClockworkSouvenir":103,"alterego_mod:FleetingLove":40,"Centennial Puzzle":103,"Pantograph":46,"Philosopher\u0027s Stone":29,"MealTicket":75,"Prayer Wheel":103,"Tiny Chest":114,"Cracked Core":0,"Potion Belt":103,"Blue Candle":82,"Damaru":95,"Oddly Smooth Stone":119,"Seething Fire":0,"Letter Opener":103,"Orichalcum":103,"MawBank":0,"White Beast Statue":87,"Mercury Hourglass":46,"DataDisk":116,"Anvil of the Gods":0,"Snecko Eye":121,"Coffee Dripper":56,"Bag of Marbles":112,"Bottled Lightning":24,"Membership Card":112,"PureWater":0,"Meat on the Bone":43}]},"card_choices":[{"not_picked":["Compile Driver","Stack","Barrage"],"picked":"SKIP","floor":1.0},{"not_picked":["Go for the Eyes","Lockon","Redo"],"picked":"SKIP","floor":1.0},{"not_picked":["Steam","BootSequence","Cold Snap"],"picked":"SKIP","floor":2.0},{"not_picked":["Storm","White Noise","Coolheaded"],"picked":"SKIP","floor":2.0},{"not_picked":["Ball Lightning","Stack","Chill"],"picked":"SKIP","floor":3.0},{"not_picked":["Steam","Sweeping Beam","Hologram"],"picked":"SKIP","floor":3.0},{"not_picked":["Ball Lightning","Stack","Chill"],"picked":"SKIP","floor":3.0},{"not_picked":["Steam","Sweeping Beam","Hologram"],"picked":"SKIP","floor":3.0},{"not_picked":["Self Repair","Compile Driver","Steam Power"],"picked":"SKIP","floor":5.0},{"not_picked":["Fusion","Compile Driver","Self Repair"],"picked":"SKIP","floor":5.0},{"not_picked":["Redo","Cold Snap","Turbo"],"picked":"SKIP","floor":6.0},{"not_picked":["Rebound","Self Repair","Hologram"],"picked":"SKIP","floor":8.0},{"not_picked":["Ball Lightning","Redo","Turbo"],"picked":"SKIP","floor":10.0},{"not_picked":["Aggregate","Hello World","Sunder"],"picked":"SKIP","floor":11.0},{"not_picked":["Darkness","Streamline","Turbo"],"picked":"SKIP","floor":11.0},{"not_picked":["Streamline","Barrage","Redo"],"picked":"SKIP","floor":12}],"player_experience":245248,"relics_obtained":[{"floor":6.0,"key":"Bag of Marbles"},{"floor":8.0,"key":"Tiny Chest"},{"floor":9.0,"key":"Bag of Preparation"},{"floor":10.0,"key":"DataDisk"},{"floor":12,"key":"Oddly Smooth Stone"}],"event_choices":[{"damage_healed":0.0,"max_hp_gain":0.0,"max_hp_loss":0.0,"gold_gain":0.0,"event_name":"World of Goop","player_choice":"Left Gold","floor":4.0,"gold_loss":30.0,"damage_taken":0.0}],"is_beta":false,"boss_relics":[{"not_picked":["Runic Dome","FrozenCore"],"picked":"Snecko Eye"}],"items_purged_floors":[],"is_endless":false,"potions_floor_spawned":[1,5,10,11],"killed_by":"2 Thieves","ascension_level":1}}