{"host":"t9vqxmgmtrdkt9v9","time":1613712600,"event":{"mods":["AchievementEnabler","BaseMod","Colored Map","Minty Spire (QoL Compilation)","Permanent Neow","Relic Stats","StSLib"],"gold_per_floor":[113,113,113,130,147,179,179,213,263,263,298,298,23,83,83,160,160,176,176,192,209,229,229,261,261,261,271,285,285,210,39,39,110,110,122,122,139,164,164,164,197,197,250,250,299,27,53,0,0,0,0],"floor_reached":50,"language":"ENG","playtime":2752,"items_purged":["Strike_G"],"score":1086,"play_id":"da31186e-9f6b-4502-a138-d6eab0497ec9","local_time":"20210219153000","is_ascension_mode":true,"campfire_choices":[{"floor":10.0,"key":"REST"},{"floor":12.0,"key":"REST"},{"data":"Noxious Fumes","floor":15.0,"key":"SMITH"},{"floor":23.0,"key":"REST"},{"data":"Catalyst","floor":25.0,"key":"SMITH"},{"data":"Footwork","floor":29.0,"key":"SMITH"},{"data":"Malaise","floor":32.0,"key":"SMITH"},{"floor":40.0,"key":"REST"},{"floor":42.0,"key":"REST"},{"floor":44.0,"key":"REST"},{"floor":49.0,"key":"REST"}],"circlet_count":0,"master_deck":["AscendersBane","Strike_G","Strike_G+1","Strike_G","Defend_G","Defend_G+1","Defend_G+1","Defend_G","Survivor","Neutralize","All Out Attack","Noxious Fumes+1","Predator","Blur","Malaise+1","Poisoned Stab+1","Terror","Bane","Backflip","Footwork+1","Deadly Poison","Wraith Form v2+1","PiercingWail","Catalyst+1","PiercingWail+1","Leg Sweep+1","Burst","Expertise+1","Night Terror","Dash+1","Deadly Poison"],"relics":["Ring of the Snake","Mummified Hand","Dream Catcher","StoneCalendar","Bag of Marbles","Bottled Flame","Bag of Preparation","Velvet Choker","PreservedInsect","StrikeDummy","War Paint","Fusion Hammer","Mango","Pen Nib","Whetstone","Potion Belt","Oddly Smooth Stone","Ancient Tea Set"],"acts_visited":["Exordium","TheCity","TheBeyond"],"potions_floor_usage":[50,50,50],"damage_taken":[{"damage":1.0,"enemies":"Cultist","floor":1.0,"turns":4.0},{"damage":1.0,"enemies":"2 Louse","floor":4.0,"turns":2.0},{"damage":0.0,"enemies":"Small Slimes","floor":5.0,"turns":3.0},{"damage":27.0,"enemies":"3 Sentries","floor":6.0,"turns":7.0},{"damage":24.0,"enemies":"Gremlin Nob","floor":8.0,"turns":4.0},{"damage":9.0,"enemies":"Lagavulin","floor":11.0,"turns":7.0},{"damage":20.0,"enemies":"Slime Boss","floor":16.0,"turns":7.0},{"damage":8.0,"enemies":"2 Thieves","floor":18.0,"turns":4.0},{"damage":1.0,"enemies":"Chosen","floor":20.0,"turns":4.0},{"damage":4.0,"enemies":"Snake Plant","floor":21.0,"turns":6.0},{"damage":19.0,"enemies":"Shelled Parasite and Fungi","floor":22.0,"turns":7.0},{"damage":10.0,"enemies":"Gremlin Leader","floor":24.0,"turns":6.0},{"damage":0.0,"enemies":"Snecko","floor":27.0,"turns":4.0},{"damage":10.0,"enemies":"Centurion and Healer","floor":28.0,"turns":7.0},{"damage":9.0,"enemies":"Champ","floor":33.0,"turns":13.0},{"damage":9.0,"enemies":"3 Darklings","floor":35.0,"turns":7.0},{"damage":0.0,"enemies":"Orb Walker","floor":37.0,"turns":4.0},{"damage":6.0,"enemies":"Mind Bloom Boss Battle","floor":38.0,"turns":7.0},{"damage":0.0,"enemies":"Reptomancer","floor":41.0,"turns":5.0},{"damage":66.0,"enemies":"Giant Head","floor":47.0,"turns":8.0},{"damage":50,"enemies":"Awakened One","floor":50,"turns":6}],"seed_played":"2521588548467035934","potions_obtained":[{"floor":1.0,"key":"BlessingOfTheForge"},{"floor":4.0,"key":"Swift Potion"},{"floor":6.0,"key":"Explosive Potion"},{"floor":20.0,"key":"AttackPotion"},{"floor":21.0,"key":"Block Potion"},{"floor":24.0,"key":"ColorlessPotion"},{"floor":27.0,"key":"Swift Potion"},{"floor":33.0,"key":"ColorlessPotion"},{"floor":38.0,"key":"EssenceOfSteel"}],"is_trial":false,"path_per_floor":["M","T","?","M","M","E","?","E","T","R","E","R","$","?","R","B",null,"M","?","M","M","M","R","E","R","T","M","M","R","?","$","R","B",null,"M","?","M","?","?","R","E","R","T","R","T","$","E","$","R","B"],"character_chosen":"THE_SILENT","items_purchased":["Footwork","Bag of Preparation","Deadly Poison","War Paint","Oddly Smooth Stone","Deadly Poison","ColorlessPotion"],"campfire_rested":7,"item_purchase_floors":[13,13,13,31,46,46,48],"current_hp_per_floor":[58,58,63,62,62,35,35,11,11,32,23,44,44,44,44,24,59,51,51,50,46,27,48,38,38,38,38,28,28,28,28,28,19,58,49,49,49,57,57,81,81,81,81,81,81,81,15,15,39,0,0],"gold":0,"neow_bonus":"TRANSFORM_CARD","is_daily":false,"chose_seed":false,"campfire_upgraded":4,"win_rate":0.0,"timestamp":1613712600,"path_taken":["M","?","?","M","M","E","?","E","T","R","E","R","$","?","R","BOSS","M","?","?","M","M","R","E","R","T","M","M","R","?","$","R","BOSS","M","?","M","?","?","R","E","R","T","R","?","$","E","?","R","BOSS"],"items_purchased_type":["Card","Relic","Card","Relic","Relic","Card","Potion"],"build_version":"2020-12-22","purchased_purges":1,"victory":false,"max_hp_per_floor":[66,66,71,71,71,71,71,71,71,71,71,71,71,71,71,71,71,71,71,71,71,71,71,71,71,71,71,71,71,71,71,71,71,71,71,67,67,81,81,81,81,81,81,81,81,81,81,81,81,81,81],"relic_stats":{"Dream Catcher":7,"counters":[21,122],"Mummified Hand":[44],"StoneCalendar":[262],"PreservedInsect":192,"Pen Nib":[2],"Bag of Preparation":[30],"Whetstone":["Poisoned Stab","Strike_G"],"War Paint":["Defend_G","Defend_G"],"obtain_stats":[{"Potion Belt":45,"Velvet Choker":17,"Oddly Smooth Stone":46,"StoneCalendar":8,"Mango":38,"PreservedInsect":24,"Pen Nib":41,"Bag of Preparation":13,"Whetstone":43,"War Paint":31,"Ancient Tea Set":47,"Dream Catcher":6,"Bottled Flame":11,"Mummified Hand":2,"Fusion Hammer":34,"Bag of Marbles":9,"StrikeDummy":26,"Ring of the Snake":0},{"Potion Belt":19,"Velvet Choker":7,"Oddly Smooth Stone":19,"StoneCalendar":5,"Mango":18,"PreservedInsect":12,"Pen Nib":19,"Bag of Preparation":6,"Whetstone":19,"War Paint":14,"Ancient Tea Set":20,"Dream Catcher":4,"Bottled Flame":6,"Mummified Hand":1,"Fusion Hammer":15,"Bag of Marbles":5,"StrikeDummy":12,"Ring of the Snake":0},{"Potion Belt":108,"Velvet Choker":34,"Oddly Smooth Stone":108,"StoneCalendar":20,"Mango":103,"PreservedInsect":61,"Pen Nib":108,"Bag of Preparation":27,"Whetstone":108,"War Paint":72,"Ancient Tea Set":116,"Dream Catcher":16,"Bottled Flame":27,"Mummified Hand":4,"Fusion Hammer":85,"Bag of Marbles":20,"StrikeDummy":61,"Ring of the Snake":0}],"Ring of the Snake":[42]},"card_choices":[{"not_picked":["Infinite Blades","Backflip"],"picked":"Noxious Fumes","floor":1.0},{"not_picked":["Acrobatics","Eviscerate"],"picked":"Predator","floor":4.0},{"not_picked":["Acrobatics","Slice"],"picked":"Blur","floor":5.0},{"not_picked":["Expertise","Tactician"],"picked":"Malaise","floor":6.0},{"not_picked":["Masterful Stab","Quick Slash"],"picked":"Poisoned Stab","floor":8.0},{"not_picked":["Caltrops","Cloak And Dagger"],"picked":"Terror","floor":10.0},{"not_picked":["Flying Knee","After Image"],"picked":"Bane","floor":11.0},{"not_picked":["Dodge and Roll","Sucker Punch"],"picked":"Backflip","floor":12.0},{"not_picked":["Adrenaline","Doppelganger"],"picked":"Wraith Form v2","floor":16.0},{"not_picked":["Blade Dance","Deadly Poison"],"picked":"PiercingWail","floor":18.0},{"not_picked":["Endless Agony","Slice"],"picked":"Catalyst","floor":20.0},{"not_picked":["Slice","Riddle With Holes","Tactician"],"picked":"SKIP","floor":21.0},{"not_picked":["Blade Dance+1","Slice","Underhanded Strike"],"picked":"SKIP","floor":22.0},{"not_picked":["Skewer","Flechettes"],"picked":"PiercingWail+1","floor":24.0},{"not_picked":["Flechettes","Prepared","Cloak And Dagger"],"picked":"SKIP","floor":27.0},{"not_picked":["Choke","Deadly Poison"],"picked":"Leg Sweep+1","floor":28.0},{"not_picked":["Unload","Glass Knife"],"picked":"Burst","floor":33.0},{"not_picked":["Poisoned Stab+1","Expertise+1","Dagger Spray"],"picked":"SKIP","floor":35.0},{"not_picked":["Poisoned Stab+1","Dagger Spray"],"picked":"Expertise+1","floor":35.0},{"not_picked":["Slice","Dagger Throw","Blade Dance"],"picked":"SKIP","floor":37.0},{"not_picked":["Cloak And Dagger","Bouncing Flask"],"picked":"Night Terror","floor":41.0},{"not_picked":["Dagger Throw+1","Bouncing Flask+1"],"picked":"Dash+1","floor":44.0},{"not_picked":["Dagger Spray","Riddle With Holes+1","Quick Slash"],"picked":"SKIP","floor":47.0}],"player_experience":443031,"relics_obtained":[{"floor":2.0,"key":"Mummified Hand"},{"floor":6.0,"key":"Dream Catcher"},{"floor":8.0,"key":"StoneCalendar"},{"floor":9.0,"key":"Bag of Marbles"},{"floor":11.0,"key":"Bottled Flame"},{"floor":24.0,"key":"PreservedInsect"},{"floor":26.0,"key":"StrikeDummy"},{"floor":38.0,"key":"Mango"},{"floor":41.0,"key":"Pen Nib"},{"floor":43.0,"key":"Whetstone"},{"floor":45.0,"key":"Potion Belt"},{"floor":47.0,"key":"Ancient Tea Set"}],"event_choices":[{"damage_healed":0.0,"max_hp_gain":5.0,"max_hp_loss":0.0,"gold_gain":0.0,"event_name":"Big Fish","player_choice":"Donut","floor":3.0,"gold_loss":0.0,"damage_taken":0.0},{"damage_healed":0.0,"max_hp_gain":0.0,"max_hp_loss":0.0,"gold_gain":0.0,"event_name":"Liars Game","player_choice":"Ignored","floor":7.0,"gold_loss":0.0,"damage_taken":0.0},{"damage_healed":0.0,"max_hp_gain":0.0,"max_hp_loss":0.0,"gold_gain":60.0,"event_name":"Golden Wing","player_choice":"Gained Gold","floor":14.0,"gold_loss":0.0,"damage_taken":0.0},{"damage_healed":0.0,"max_hp_gain":0.0,"max_hp_loss":0.0,"gold_gain":0.0,"event_name":"Upgrade Shrine","player_choice":"Upgraded","floor":19.0,"gold_loss":0.0,"damage_taken":0.0,"cards_upgraded":["Wraith Form v2"]},{"cards_removed":["Defend_G"],"damage_healed":0.0,"max_hp_gain":0.0,"max_hp_loss":0.0,"gold_gain":0.0,"event_name":"Beggar","player_choice":"Gave Gold","floor":30.0,"gold_loss":75.0,"damage_taken":0.0},{"damage_healed":0.0,"max_hp_gain":0.0,"max_hp_loss":4.0,"gold_gain":0.0,"event_name":"Winding Halls","player_choice":"Max HP","floor":36.0,"gold_loss":0.0,"damage_taken":0.0},{"damage_healed":0.0,"max_hp_gain":0.0,"max_hp_loss":0.0,"gold_gain":0.0,"event_name":"MindBloom","player_choice":"Fight","floor":38.0,"gold_loss":0.0,"damage_taken":0.0},{"damage_healed":0.0,"max_hp_gain":0.0,"max_hp_loss":0.0,"gold_gain":0.0,"event_name":"Mysterious Sphere","player_choice":"Ignored","floor":39.0,"gold_loss":0.0,"damage_taken":0.0}],"is_beta":false,"boss_relics":[{"not_picked":["Busted Crown","Calling Bell"],"picked":"Velvet Choker"},{"not_picked":["Coffee Dripper","Runic Dome"],"picked":"Fusion Hammer"}],"items_purged_floors":[46],"is_endless":false,"potions_floor_spawned":[1,4,6,20,21,24,27,33,38,41],"killed_by":"Awakened One","ascension_level":19}}