{"host":"jqkewjmybebgw3gd","time":1613749141,"event":{"mods":["AchievementEnabler","BaseMod","Colored Map","DeckTracker","Keyboard Shortcuts","Minty Spire (QoL Compilation)","StSLib","SuperFastMode"],"gold_per_floor":[113,113,113,130,143,143,3,18,41,41,72,87,106,137,137,236,236,247,7,7,7,23,50,61,88,114,132,132,132,160,172,172,276,276,286,286,297,309,234,234,260,260,328,338,364,364,364,394,394,394,394,394,100,129,129],"floor_reached":56,"language":"KOR","playtime":5538,"items_purged":["Defend_B","Writhe"],"score":1487,"play_id":"1c3a53db-a27c-4688-adc6-7f292084adfb","local_time":"20210220003901","is_ascension_mode":true,"campfire_choices":[{"floor":6.0,"key":"RECALL"},{"data":"Turbo","floor":10.0,"key":"SMITH"},{"data":"Seek","floor":15.0,"key":"SMITH"},{"floor":29.0,"key":"REST"},{"floor":32.0,"key":"REST"},{"data":"Tempest","floor":40.0,"key":"SMITH"},{"data":"Machine Learning","floor":42.0,"key":"SMITH"},{"data":"Conserve Battery","floor":47,"key":"SMITH"},{"data":"Reinforced Body","floor":49,"key":"SMITH"},{"data":"Echo Form","floor":52,"key":"SMITH"}],"circlet_count":0,"master_deck":["Defend_B","Zap","Dualcast","Biased Cognition+1","Biased Cognition+1","Core Surge+1","Core Surge+1","Defragment+1","Defragment+1","Consume+1","Storm","Thunder Strike","Reinforced Body+1","Seek+1","Turbo+1","Machine Learning+1","Hologram","Coolheaded","Core Surge","Rebound+1","Cold Snap+1","Heatsinks+1","Sweeping Beam","Necronomicurse","Conserve Battery+1","Skim","Tempest+1","Hologram+1","Echo Form+1","Tempest+1","Undo+1","Leap","Tempest+1"],"relics":["Cracked Core","DataDisk","Emotion Chip","Inserter","Runic Capacitor","ClockworkSouvenir","OrangePellets","Mummified Hand","Juzu Bracelet","Centennial Puzzle","Tiny Chest","Astrolabe","Bottled Tornado","Boot","Necronomicon","Gremlin Horn","Art of War","Blood Vial","MealTicket","Oddly Smooth Stone","Nuclear Battery","Mummified Hand","Meat on the Bone","Bag of Marbles","Gambling Chip","Chemical X","Anchor"],"acts_visited":["Exordium","TheCity","TheBeyond","TheEnding"],"potions_floor_usage":[45,55,55],"damage_taken":[{"damage":1.0,"enemies":"2 Louse","floor":1.0,"turns":2.0},{"damage":6.0,"enemies":"Jaw Worm","floor":4.0,"turns":2.0},{"damage":0.0,"enemies":"Cultist","floor":5.0,"turns":2.0},{"damage":0.0,"enemies":"2 Fungi Beasts","floor":8.0,"turns":2.0},{"damage":13.0,"enemies":"Gremlin Nob","floor":11.0,"turns":3.0},{"damage":0.0,"enemies":"Blue Slaver","floor":12.0,"turns":2.0},{"damage":0.0,"enemies":"Red Slaver","floor":13.0,"turns":3.0},{"damage":5.0,"enemies":"3 Sentries","floor":14.0,"turns":3.0},{"damage":4.0,"enemies":"The Guardian","floor":16.0,"turns":4.0},{"damage":5.0,"enemies":"Shell Parasite","floor":18.0,"turns":3.0},{"damage":20.0,"enemies":"2 Thieves","floor":22.0,"turns":2.0},{"damage":0.0,"enemies":"Gremlin Leader","floor":23.0,"turns":5.0},{"damage":9.0,"enemies":"Sentry and Sphere","floor":24.0,"turns":4.0},{"damage":22.0,"enemies":"Slavers","floor":25.0,"turns":4.0},{"damage":7.0,"enemies":"Chosen and Byrds","floor":27.0,"turns":3.0},{"damage":0.0,"enemies":"Book of Stabbing","floor":30.0,"turns":2.0},{"damage":0.0,"enemies":"Centurion and Healer","floor":31.0,"turns":3.0},{"damage":0.0,"enemies":"Collector","floor":33.0,"turns":2.0},{"damage":1.0,"enemies":"3 Shapes","floor":35.0,"turns":3.0},{"damage":0.0,"enemies":"Orb Walker","floor":37.0,"turns":3.0},{"damage":10.0,"enemies":"Sphere and 2 Shapes","floor":38.0,"turns":3.0},{"damage":15.0,"enemies":"Nemesis","floor":41.0,"turns":3.0},{"damage":0,"enemies":"Writhing Mass","floor":44,"turns":3},{"damage":3,"enemies":"Reptomancer","floor":45,"turns":3},{"damage":0,"enemies":"Giant Head","floor":48,"turns":3},{"damage":12,"enemies":"Time Eater","floor":50,"turns":4},{"damage":10,"enemies":"Shield and Spear","floor":54,"turns":2},{"damage":2,"enemies":"The Heart","floor":55,"turns":4}],"seed_played":"5425582126040749113","potions_obtained":[{"floor":5.0,"key":"SpeedPotion"},{"floor":8.0,"key":"Explosive Potion"},{"floor":12.0,"key":"PowerPotion"},{"floor":22.0,"key":"SteroidPotion"},{"floor":27.0,"key":"BlessingOfTheForge"},{"floor":30.0,"key":"AttackPotion"},{"floor":33.0,"key":"FocusPotion"},{"floor":45,"key":"Block Potion"}],"is_trial":false,"path_per_floor":["M","?","?","M","M","R","$","M","T","R","E","M","M","E","R","B",null,"M","$","?","?","M","E","M","E","T","M","T","R","E","M","R","B",null,"M","T","M","M","$","R","E","R","T","M","E","?","R","E","R","B",null,"R","$","E","B",null],"character_chosen":"DEFECT","items_purchased":["Seek","Bottled Tornado","Chemical X","Weak Potion"],"campfire_rested":2,"item_purchase_floors":[7,19,53,53],"current_hp_per_floor":[74,79,79,73,73,73,73,73,73,73,60,60,60,55,55,51,80,75,75,75,59,39,39,30,8,8,3,3,27,29,31,55,57,80,79,79,80,70,80,80,65,65,65,67,66,66,66,68,68,58,80,80,80,70,70],"gold":129,"neow_bonus":"REMOVE_CARD","is_daily":false,"chose_seed":false,"campfire_upgraded":7,"win_rate":0.0,"timestamp":1613749141,"path_taken":["M","?","?","M","M","R","?","M","T","R","E","M","M","E","R","BOSS","M","$","?","?","M","E","M","E","T","M","?","R","E","M","R","BOSS","M","?","M","M","$","R","E","R","T","M","E","?","R","E","R","BOSS","R","$","E","BOSS"],"items_purchased_type":["Card","Relic","Relic","Potion"],"build_version":"2020-12-22","purchased_purges":2,"victory":true,"max_hp_per_floor":[75,80,80,80,80,80,80,80,80,80,80,80,80,80,80,80,80,80,80,80,80,80,80,80,80,80,80,80,80,80,80,80,80,80,80,80,80,80,80,80,80,80,80,80,80,80,80,80,80,80,80,80,80,80,80],"card_choices":[{"not_picked":["Compile Driver","Capacitor"],"picked":"Storm","floor":1.0},{"not_picked":["Doom and Gloom","Ball Lightning","Rebound"],"picked":"SKIP","floor":4.0},{"not_picked":["Stack","Barrage"],"picked":"Reinforced Body","floor":5.0},{"not_picked":["Lockon","Rebound"],"picked":"Turbo","floor":8.0},{"not_picked":["Double Energy","Leap"],"picked":"Machine Learning","floor":11.0},{"not_picked":["Redo","Steam"],"picked":"Hologram","floor":12.0},{"not_picked":["Barrage","Rebound","Gash"],"picked":"SKIP","floor":13.0},{"not_picked":["Undo","Storm"],"picked":"Coolheaded","floor":14.0},{"not_picked":["Meteor Strike","Rainbow"],"picked":"Core Surge","floor":16.0},{"not_picked":["Loop","Hello World+1"],"picked":"Sweeping Beam","floor":18.0},{"not_picked":["Leap","Steam Power+1"],"picked":"Conserve Battery","floor":22.0},{"not_picked":["Redo","Loop","Gash"],"picked":"SKIP","floor":23.0},{"not_picked":["Ball Lightning","Conserve Battery"],"picked":"Skim","floor":24.0},{"not_picked":["Rainbow","Skim","Stack"],"picked":"SKIP","floor":25.0},{"not_picked":["Heatsinks","Coolheaded+1"],"picked":"Tempest","floor":27.0},{"not_picked":["Fission","Sunder","Reinforced Body"],"picked":"SKIP","floor":30.0},{"not_picked":["Hello World+1","Steam+1"],"picked":"Hologram+1","floor":31.0},{"not_picked":["Reboot","Multi-Cast"],"picked":"Echo Form","floor":33.0},{"not_picked":["Static Discharge+1","Melter+1","Storm"],"picked":"SKIP","floor":35.0},{"not_picked":["Coolheaded","Tempest","Beam Cell"],"picked":"SKIP","floor":37.0},{"not_picked":["Blizzard","FTL+1","Ball Lightning+1"],"picked":"SKIP","floor":38.0},{"not_picked":["Steam+1","Auto Shields"],"picked":"Tempest+1","floor":41.0},{"not_picked":["Ball Lightning","Compile Driver","Gash"],"picked":"SKIP","floor":44},{"not_picked":["Stack","Turbo+1"],"picked":"Undo+1","floor":45},{"not_picked":["Rip and Tear","Cold Snap+1"],"picked":"Leap","floor":48},{"not_picked":["Doom and Gloom+1","Gash"],"picked":"Tempest+1","floor":54}],"player_experience":566784,"relics_obtained":[{"floor":9.0,"key":"Juzu Bracelet"},{"floor":11.0,"key":"Centennial Puzzle"},{"floor":14.0,"key":"Tiny Chest"},{"floor":21.0,"key":"Necronomicon"},{"floor":23.0,"key":"Gremlin Horn"},{"floor":25.0,"key":"Art of War"},{"floor":26.0,"key":"Blood Vial"},{"floor":28.0,"key":"MealTicket"},{"floor":30.0,"key":"Oddly Smooth Stone"},{"floor":41.0,"key":"Mummified Hand"},{"floor":43.0,"key":"Meat on the Bone"},{"floor":45,"key":"Bag of Marbles"},{"floor":48,"key":"Gambling Chip"},{"floor":54,"key":"Anchor"}],"event_choices":[{"damage_healed":0.0,"max_hp_gain":5.0,"max_hp_loss":0.0,"gold_gain":0.0,"event_name":"Big Fish","player_choice":"Donut","floor":2.0,"gold_loss":0.0,"damage_taken":0.0},{"damage_healed":0.0,"max_hp_gain":0.0,"max_hp_loss":0.0,"gold_gain":0.0,"cards_transformed":["Strike_B"],"event_name":"Living Wall","player_choice":"Change","floor":3.0,"gold_loss":0.0,"damage_taken":0.0,"cards_obtained":["Thunder Strike"]},{"damage_healed":0.0,"max_hp_gain":0.0,"max_hp_loss":0.0,"gold_gain":0.0,"event_name":"The Mausoleum","player_choice":"Opened","floor":20.0,"gold_loss":0.0,"damage_taken":0.0,"relics_obtained":["Boot"],"cards_obtained":["Writhe"]},{"damage_healed":0.0,"max_hp_gain":0.0,"max_hp_loss":0.0,"gold_gain":0.0,"event_name":"Cursed Tome","player_choice":"Obtained Book","floor":21.0,"gold_loss":0.0,"damage_taken":16.0},{"cards_removed":["Defend_B"],"damage_healed":0,"gold_gain":0,"player_choice":"Removed Skill","damage_taken":0,"max_hp_gain":0,"max_hp_loss":0,"event_name":"Falling","floor":46,"gold_loss":0}],"is_beta":false,"boss_relics":[{"not_picked":["Runic Dome","Runic Pyramid"],"picked":"Astrolabe"},{"not_picked":["Philosopher\u0027s Stone","Busted Crown"],"picked":"Nuclear Battery"}],"items_purged_floors":[39,53],"is_endless":false,"potions_floor_spawned":[5,8,12,22,27,30,31,33,37,44,45,48],"ascension_level":1}}