{"host":"nuu0xlk1bpqu5s2n","time":1613703968,"event":{"mods":["AchievementEnabler","BaseMod","Minty Spire (QoL Compilation)","StSLib"],"gold_per_floor":[116,133,208,208,208,208,234,234,309,321,347,359,15,50,50,127,127,146,61,0,18,18,18],"floor_reached":22,"language":"ENG","playtime":1082,"items_purged":[],"score":384,"play_id":"a1721093-332a-4ee1-b4ba-2a6b206a11e7","local_time":"20210219050608","is_ascension_mode":true,"campfire_choices":[{"data":"Neutralize","floor":6,"key":"SMITH"},{"floor":8,"key":"REST"},{"floor":15,"key":"REST"}],"circlet_count":0,"master_deck":["AscendersBane","Strike_G","Strike_G","Strike_G","Strike_G","Strike_G","Defend_G","Defend_G","Defend_G","Defend_G","Defend_G","Survivor","Neutralize+1","Heel Hook","Dagger Throw","Cloak And Dagger","Dagger Spray","Dagger Throw","Corpse Explosion","Malaise+1","Burst+1","Prepared+1","Acrobatics+1"],"relics":["Ring of the Snake","Tingsha","Girya","Strawberry","Akabeko","Toxic Egg 2","Philosopher\u0027s Stone","Regal Pillow"],"acts_visited":["Exordium","TheCity"],"potions_floor_usage":[7],"damage_taken":[{"damage":0,"enemies":"2 Louse","floor":1,"turns":3},{"damage":5,"enemies":"Jaw Worm","floor":2,"turns":7},{"damage":36,"enemies":"Lagavulin","floor":7,"turns":9},{"damage":7,"enemies":"Small Slimes","floor":10,"turns":3},{"damage":6,"enemies":"Looter","floor":12,"turns":4},{"damage":4,"enemies":"3 Sentries","floor":14,"turns":2},{"damage":11,"enemies":"The Guardian","floor":16,"turns":14},{"damage":43,"enemies":"Spheric Guardian","floor":18,"turns":6},{"damage":1,"enemies":"Chosen","floor":21,"turns":6},{"damage":19,"enemies":"Sentry and Sphere","floor":22,"turns":4}],"seed_played":"4851268019291765818","potions_obtained":[{"floor":1,"key":"SpeedPotion"},{"floor":12,"key":"SteroidPotion"}],"is_trial":false,"path_per_floor":["M","M","?","?","?","R","E","R","T","M","T","M","$","E","R","B",null,"M","?","?","M","M"],"character_chosen":"THE_SILENT","items_purchased":["Corpse Explosion","Akabeko"],"campfire_rested":2,"item_purchase_floors":[13,13],"current_hp_per_floor":[44,39,28,50,50,50,14,33,33,26,33,27,27,23,44,33,63,20,20,20,19,0,0],"gold":18,"neow_bonus":"ONE_RARE_RELIC","is_daily":false,"chose_seed":false,"campfire_upgraded":1,"win_rate":0.0,"timestamp":1613703968,"path_taken":["M","M","?","?","?","R","E","R","T","M","?","M","$","E","R","BOSS","M","?","?","M","M"],"items_purchased_type":["Card","Relic"],"build_version":"2020-12-22","purchased_purges":0,"victory":false,"max_hp_per_floor":[66,66,66,66,66,66,66,66,66,66,73,73,73,73,73,73,73,73,73,73,73,73,73],"card_choices":[{"not_picked":["Blur","Flechettes"],"picked":"Heel Hook","floor":1},{"not_picked":["Cloak And Dagger","Crippling Poison"],"picked":"Dagger Throw","floor":2},{"not_picked":["Infinite Blades","Poisoned Stab"],"picked":"Cloak And Dagger","floor":7},{"not_picked":["Outmaneuver","Quick Slash"],"picked":"Dagger Spray","floor":10},{"not_picked":["Acrobatics","Cloak And Dagger"],"picked":"Dagger Throw","floor":12},{"not_picked":["Reflex+1","Bane"],"picked":"Malaise+1","floor":14},{"not_picked":["Unload","Doppelganger+1"],"picked":"Burst+1","floor":16},{"not_picked":["Slice","Flying Knee+1"],"picked":"Prepared+1","floor":18},{"not_picked":["Choke","Noxious Fumes"],"picked":"Acrobatics+1","floor":21}],"player_experience":561455,"relics_obtained":[{"floor":7,"key":"Girya"},{"floor":11,"key":"Strawberry"},{"floor":14,"key":"Toxic Egg 2"}],"event_choices":[{"damage_healed":0,"gold_gain":75,"player_choice":"Gather Gold","damage_taken":11,"max_hp_gain":0,"max_hp_loss":0,"event_name":"World of Goop","floor":3,"gold_loss":0},{"damage_healed":22,"gold_gain":0,"player_choice":"Banana","damage_taken":0,"max_hp_gain":0,"max_hp_loss":0,"event_name":"Big Fish","floor":4,"gold_loss":0},{"damage_healed":0,"gold_gain":0,"player_choice":"Ignored","damage_taken":0,"max_hp_gain":0,"max_hp_loss":0,"event_name":"Liars Game","floor":5,"gold_loss":0},{"damage_healed":0,"gold_gain":0,"player_choice":"Obtained Relic","damage_taken":0,"relics_obtained":["Regal Pillow"],"max_hp_gain":0,"max_hp_loss":0,"event_name":"Addict","floor":19,"gold_loss":85},{"damage_healed":0,"gold_gain":0,"player_choice":"Paid Fearfully","damage_taken":0,"max_hp_gain":0,"max_hp_loss":0,"event_name":"Masked Bandits","floor":20,"gold_loss":61}],"is_beta":false,"boss_relics":[{"not_picked":["SacredBark","Snecko Eye"],"picked":"Philosopher\u0027s Stone"}],"items_purged_floors":[],"is_endless":false,"potions_floor_spawned":[1,12],"killed_by":"Sentry and Sphere","ascension_level":20}}