{"host":"nz11ypxva4e39b7q","time":1613762777,"event":{"mods":["BaseMod","Better Third Choice","Better Vampires","Colored Map","Minty Spire (QoL Compilation)","Quick Restart","Shapeshifter Mod","StSLib"],"gold_per_floor":[129,184,184,241,278,327,327,387,387,387,445,445,445,523,523,649,649,688,688,731,791,791,875,875,914,994,909,909,968,400,455,455,578,578,617,617,617,677,722,775,775,807,857,907,918,918,952,964,964,1014],"floor_reached":51,"language":"ENG","playtime":3285,"items_purged":["StSShapeShifter:ShapeShifter_Strike"],"score":1208,"play_id":"96fdf46c-b05d-430c-ad94-728a4bf699a6","local_time":"20210219202617","is_ascension_mode":true,"campfire_choices":[{"data":"HandOfGreed","floor":7.0,"key":"SMITH"},{"data":"TalkToTheHand","floor":10.0,"key":"SMITH"},{"data":"StSShapeShifter:VineHandcuffs","floor":12.0,"key":"SMITH"},{"data":"StSShapeShifter:AdaptiveStrikes","floor":15.0,"key":"SMITH"},{"data":"StSShapeShifter:Sap_Burst","floor":24.0,"key":"SMITH"},{"data":"StSShapeShifter:Sapling","floor":32.0,"key":"SMITH"},{"floor":41.0,"key":"RECALL"},{"floor":46.0,"key":"REST"},{"floor":49.0,"key":"REST"}],"circlet_count":0,"master_deck":["StSShapeShifter:ShapeShifter_Strike","StSShapeShifter:ShapeShifter_Strike","StSShapeShifter:ShapeShifter_Strike","StSShapeShifter:ShapeShifter_Strike","StSShapeShifter:ShapeShifter_Defend","StSShapeShifter:ShapeShifter_Defend","StSShapeShifter:ShapeShifter_Defend","StSShapeShifter:ShapeShifter_Defend","StSShapeShifter:ShapeShifter_Defend","StSShapeShifter:Tortoise_Form","HandOfGreed+1","TalkToTheHand+1","Glass Knife","StSShapeShifter:VineHandcuffs+1","StSShapeShifter:AdaptiveStrikes+1","StSShapeShifter:Sap_Burst+1","StSShapeShifter:VineHandcuffs+1","StSShapeShifter:BurstingSpore","StSShapeShifter:OakBlade","StSShapeShifter:BurstingSpore+1","StSShapeShifter:Sapling+1","StSShapeShifter:Blossom2","StSShapeShifter:Evolution+1","StSShapeShifter:WaspSwarmForm","StSShapeShifter:Ensconce+1","StSShapeShifter:FesteringBite+1","StSShapeShifter:BaskInBloom+1","StSShapeShifter:IntimidatingAura+1"],"relics":["StSShapeShifter:AnimalHeart","StSShapeShifter:TheShapeShiftersMagnolia","Anchor","The Courier","Thread and Needle","Bottled Flame","Philosopher\u0027s Stone","MutagenicStrength","StSShapeShifter:FrogOfVitality","Kunai","StSShapeShifter:ThornsOfSummi","Smiling Mask","HandDrill","Vajra","Frozen Egg 2","Shuriken","Fusion Hammer","Lantern","Bird Faced Urn","Happy Flower","Blood Vial","Dream Catcher"],"acts_visited":["Exordium","TheCity","TheBeyond"],"potions_floor_usage":[],"damage_taken":[{"damage":0.0,"enemies":"Jaw Worm","floor":1.0,"turns":4.0},{"damage":9.0,"enemies":"Small Slimes","floor":2.0,"turns":7.0},{"damage":0.0,"enemies":"2 Louse","floor":4.0,"turns":6.0},{"damage":0.0,"enemies":"Looter","floor":5.0,"turns":2.0},{"damage":0.0,"enemies":"3 Sentries","floor":6.0,"turns":6.0},{"damage":1.0,"enemies":"2 Fungi Beasts","floor":8.0,"turns":6.0},{"damage":10.0,"enemies":"Lagavulin","floor":11.0,"turns":5.0},{"damage":0.0,"enemies":"The Guardian","floor":16.0,"turns":11.0},{"damage":0.0,"enemies":"Shell Parasite","floor":18.0,"turns":6.0},{"damage":3.0,"enemies":"2 Thieves","floor":20.0,"turns":5.0},{"damage":14.0,"enemies":"Centurion and Healer","floor":21.0,"turns":11.0},{"damage":9.0,"enemies":"Slavers","floor":23.0,"turns":15.0},{"damage":0.0,"enemies":"Snake Plant","floor":25.0,"turns":1.0},{"damage":13.0,"enemies":"Book of Stabbing","floor":29.0,"turns":7.0},{"damage":4.0,"enemies":"Slavers","floor":31.0,"turns":6.0},{"damage":16.0,"enemies":"Automaton","floor":33.0,"turns":8.0},{"damage":0.0,"enemies":"Orb Walker","floor":35.0,"turns":3.0},{"damage":0.0,"enemies":"3 Shapes","floor":38.0,"turns":9.0},{"damage":0.0,"enemies":"Maw","floor":39.0,"turns":8.0},{"damage":20.0,"enemies":"Giant Head","floor":40.0,"turns":9.0},{"damage":34.0,"enemies":"Reptomancer","floor":42.0,"turns":8.0},{"damage":20.0,"enemies":"Nemesis","floor":44.0,"turns":7.0},{"damage":20.0,"enemies":"Transient","floor":45.0,"turns":5.0},{"damage":11.0,"enemies":"Giant Head","floor":47.0,"turns":10.0},{"damage":4.0,"enemies":"Writhing Mass","floor":48.0,"turns":11.0},{"damage":55,"enemies":"Awakened One","floor":50,"turns":16}],"seed_played":"8156118352333463958","potions_obtained":[{"floor":2.0,"key":"Regen Potion"},{"floor":5.0,"key":"SkillPotion"},{"floor":11.0,"key":"LiquidMemories"},{"floor":16.0,"key":"Regen Potion"},{"floor":20.0,"key":"Dexterity Potion"},{"floor":23.0,"key":"StSShapeShifter:PolyBeastPotion"},{"floor":29.0,"key":"Fire Potion"},{"floor":35.0,"key":"Regen Potion"},{"floor":39.0,"key":"LiquidBronze"},{"floor":47.0,"key":"EntropicBrew"},{"floor":48.0,"key":"EssenceOfSteel"}],"is_trial":false,"path_per_floor":["M","M","?","M","M","E","R","M","T","R","E","R","?","?","R","B",null,"M","?","M","M","?","E","R","M","T","?","?","E","$","E","R","B",null,"M","?","?","M","M","E","R","E","T","E","M","R","E","M","R","B",null],"character_chosen":"SHAPESHIFTER","items_purchased":["HandDrill","Vajra","Frozen Egg 2","Block Potion","Swift Potion"],"campfire_rested":2,"item_purchase_floors":[30,30,30,30,30],"current_hp_per_floor":[49,40,8,23,23,23,23,22,22,22,12,12,12,12,12,12,62,62,62,59,45,30,36,36,39,39,39,39,28,28,24,24,10,70,70,70,70,70,70,65,65,32,32,18,2,27,27,36,62,21],"gold":1014,"neow_bonus":"RANDOM_COLORLESS_2","is_daily":false,"chose_seed":false,"campfire_upgraded":6,"win_rate":0.0,"timestamp":1613762777,"path_taken":["M","M","?","M","M","E","R","M","T","R","E","R","?","?","R","BOSS","M","?","M","M","?","E","R","M","T","?","?","E","$","E","R","BOSS","M","?","?","M","M","E","R","E","T","E","M","R","E","M","R","BOSS"],"items_purchased_type":["Relic","Relic","Relic","Potion","Potion"],"build_version":"2020-12-22","purchased_purges":1,"victory":true,"max_hp_per_floor":[78,78,78,78,78,78,78,78,78,78,78,78,78,78,78,78,78,78,78,78,78,83,83,83,86,86,86,86,88,88,88,88,90,90,90,90,85,85,85,85,85,86,86,86,86,86,87,88,88,90],"card_choices":[{"not_picked":["Master of Strategy","Metamorphosis"],"picked":"HandOfGreed","floor":0.0},{"not_picked":["StSShapeShifter:Synchronicity","StSShapeShifter:FruitBasket","StSShapeShifter:FallingLeaves"],"picked":"SKIP","floor":1.0},{"not_picked":["StSShapeShifter:BladeOfGrass","StSShapeShifter:Guard","StSShapeShifter:Synchronicity"],"picked":"SKIP","floor":2.0},{"not_picked":["StSShapeShifter:TopazSkin","StSShapeShifter:PoisonIvy","StSShapeShifter:ThornedSkin"],"picked":"SKIP","floor":4.0},{"not_picked":["StSShapeShifter:RockSlide","StSShapeShifter:OakBlade","StSShapeShifter:Rest"],"picked":"SKIP","floor":5.0},{"not_picked":["StSShapeShifter:RitualOfTheElders","StSShapeShifter:BloomingSlash"],"picked":"StSShapeShifter:VineHandcuffs","floor":6.0},{"not_picked":["StSShapeShifter:Maul","StSShapeShifter:EagleForm"],"picked":"StSShapeShifter:AdaptiveStrikes","floor":8.0},{"not_picked":["StSShapeShifter:Mystical_Branch","StSShapeShifter:FruitBasket","StSShapeShifter:FlowerShield"],"picked":"SKIP","floor":11.0},{"not_picked":["StSShapeShifter:Mystical_Branch","StSShapeShifter:FruitBasket","StSShapeShifter:FlowerShield"],"picked":"SKIP","floor":11.0},{"not_picked":["StSShapeShifter:DragonForm","StSShapeShifter:BurstOfLifeEscapeDeath"],"picked":"StSShapeShifter:Sap_Burst","floor":16.0},{"not_picked":["StSShapeShifter:HippoForm","StSShapeShifter:Mystical_Branch","StSShapeShifter:VineHandcuffs"],"picked":"SKIP","floor":18.0},{"not_picked":["StSShapeShifter:ShiftingStrike","StSShapeShifter:BurstingSpore"],"picked":"StSShapeShifter:VineHandcuffs+1","floor":20.0},{"not_picked":["StSShapeShifter:BladeOfGrass","StSShapeShifter:SquirrelForm"],"picked":"StSShapeShifter:BurstingSpore","floor":21.0},{"not_picked":["StSShapeShifter:FlowerShield","StSShapeShifter:Flourish"],"picked":"StSShapeShifter:OakBlade","floor":23.0},{"not_picked":["StSShapeShifter:Guard","StSShapeShifter:EntForm"],"picked":"StSShapeShifter:BurstingSpore+1","floor":25.0},{"not_picked":["StSShapeShifter:DeerForm","StSShapeShifter:Uproot_Redwood","StSShapeShifter:HippoForm"],"picked":"SKIP","floor":29.0},{"not_picked":["StSShapeShifter:BloomingSlash","StSShapeShifter:BladeOfGrass"],"picked":"StSShapeShifter:Sapling","floor":31.0},{"not_picked":["StSShapeShifter:Flood","StSShapeShifter:FullMoon+1"],"picked":"StSShapeShifter:Blossom2","floor":33.0},{"not_picked":["StSShapeShifter:Roar+1","StSShapeShifter:VineHandcuffs+1"],"picked":"StSShapeShifter:Evolution+1","floor":35.0},{"not_picked":["StSShapeShifter:MultiSpiritedStrike+1","StSShapeShifter:FallingLeaves","StSShapeShifter:AdaptiveStrikes"],"picked":"SKIP","floor":38.0},{"not_picked":["StSShapeShifter:ForestFire","StSShapeShifter:Guard+1","StSShapeShifter:LeapingSlash"],"picked":"SKIP","floor":39.0},{"not_picked":["StSShapeShifter:Maul","StSShapeShifter:RitualOfTheElders"],"picked":"StSShapeShifter:WaspSwarmForm","floor":40.0},{"not_picked":["StSShapeShifter:Rabid+1","StSShapeShifter:Guard"],"picked":"StSShapeShifter:Ensconce+1","floor":42.0},{"not_picked":["StSShapeShifter:BloomingSlash","StSShapeShifter:RockSlide"],"picked":"StSShapeShifter:FesteringBite+1","floor":44.0},{"not_picked":["StSShapeShifter:Synchronicity+1","StSShapeShifter:BarkSkin"],"picked":"StSShapeShifter:BaskInBloom+1","floor":45.0},{"not_picked":["StSShapeShifter:SquirrelForm","StSShapeShifter:BladeOfGrass"],"picked":"StSShapeShifter:IntimidatingAura+1","floor":47.0},{"not_picked":["StSShapeShifter:SpiritOfTheEarth+1","StSShapeShifter:DeerForm+1","StSShapeShifter:BurrBomb"],"picked":"SKIP","floor":48.0}],"player_experience":1072923,"relics_obtained":[{"floor":6.0,"key":"Thread and Needle"},{"floor":11.0,"key":"Bottled Flame"},{"floor":23.0,"key":"StSShapeShifter:FrogOfVitality"},{"floor":26.0,"key":"Kunai"},{"floor":29.0,"key":"Smiling Mask"},{"floor":31.0,"key":"Shuriken"},{"floor":40.0,"key":"Lantern"},{"floor":42.0,"key":"Bird Faced Urn"},{"floor":43.0,"key":"Happy Flower"},{"floor":44.0,"key":"Blood Vial"},{"floor":47.0,"key":"Dream Catcher"}],"event_choices":[{"damage_healed":12.0,"max_hp_gain":0.0,"max_hp_loss":78.0,"gold_gain":0.0,"event_name":"betterThird:BetterShining","player_choice":"Leave","floor":13.0,"gold_loss":0.0,"damage_taken":0.0},{"damage_healed":0.0,"max_hp_gain":0.0,"max_hp_loss":0.0,"gold_gain":78.0,"event_name":"Golden Wing","player_choice":"Gained Gold","floor":14.0,"gold_loss":0.0,"damage_taken":0.0},{"damage_healed":0.0,"max_hp_gain":0.0,"max_hp_loss":0.0,"gold_gain":0.0,"event_name":"Drug Dealer","player_choice":"Inject Mutagens","floor":19.0,"gold_loss":0.0,"damage_taken":0.0,"relics_obtained":["MutagenicStrength"]},{"damage_healed":0.0,"max_hp_gain":5.0,"max_hp_loss":0.0,"gold_gain":0.0,"event_name":"Forgotten Altar","player_choice":"Shed Blood","floor":22.0,"gold_loss":0.0,"damage_taken":20.0},{"damage_healed":0.0,"max_hp_gain":0.0,"max_hp_loss":0.0,"gold_gain":0.0,"event_name":"Addict","player_choice":"Obtained Relic","floor":27.0,"gold_loss":85.0,"damage_taken":0.0,"relics_obtained":["StSShapeShifter:ThornsOfSummi"]},{"damage_healed":0.0,"max_hp_gain":0.0,"max_hp_loss":0.0,"gold_gain":0.0,"event_name":"Ghosts","player_choice":"Ignored","floor":28.0,"gold_loss":0.0,"damage_taken":0.0},{"cards_removed":["StSShapeShifter:Lynx_Form"],"damage_healed":0.0,"max_hp_gain":0.0,"max_hp_loss":0.0,"gold_gain":0.0,"event_name":"Falling","player_choice":"Removed Skill","floor":36.0,"gold_loss":0.0,"damage_taken":0.0},{"damage_healed":0.0,"max_hp_gain":0.0,"max_hp_loss":5.0,"gold_gain":0.0,"event_name":"Winding Halls","player_choice":"Max HP","floor":37.0,"gold_loss":0.0,"damage_taken":0.0}],"is_beta":false,"boss_relics":[{"not_picked":["Tiny House","Calling Bell"],"picked":"Philosopher\u0027s Stone"},{"not_picked":["Empty Cage","StSShapeShifter:LemurHeaddress"],"picked":"Fusion Hammer"}],"items_purged_floors":[30],"is_endless":false,"potions_floor_spawned":[2,5,11,16,20,23,29,35,39,47,48],"ascension_level":7}}