{"host":"oknzaotplmnl5xaf","time":1613772621,"event":{"mods":["BaseMod","Colored Map","Highlight Path","Minty Spire (QoL Compilation)","Permanent Neow","Quick Restart","Relic Stats"],"gold_per_floor":[144,189,189,234,279,279,369,44,69,114,114,204,54,99,99,399,399,444,94,139,54,0,90,135,135,135,225,270,315,15,60,69,378,378,432,501,501,82,82,172,226,226,226,280,280,370,395,449,449,449],"floor_reached":51,"language":"ENG","playtime":2696,"items_purged":["Pain","Regret"],"score":932,"play_id":"737078d8-ca66-4dd9-b7cd-04fda6ad03c7","local_time":"20210219171021","daily_mods":["Insanity","Blue Cards","Midas"],"is_ascension_mode":false,"campfire_choices":[{"floor":15,"key":"REST"},{"floor":32,"key":"REST"},{"floor":42,"key":"REST"},{"floor":49,"key":"REST"}],"circlet_count":0,"master_deck":["Uppercut","Rebound","Aggregate","Streamline","Melter","Rebound","Hologram","Twin Strike","Evolve","Headbutt","Coolheaded","Ball Lightning","Streamline","Go for the Eyes","Warcry","True Grit","Skim","White Noise","Flex","Disarm","Sweeping Beam","Searing Blow","Gash","Battle Trance","Anger","Compile Driver","Undo","Stack","Stack","Steam","Pummel","Aggregate+1","Rage","Rampage","Sweeping Beam","Gash","Ball Lightning","Hologram","Blood for Blood","Heavy Blade","Shrug It Off","Anger","Havoc+1","Rage","Combust","Inflame","Rebound","Pommel Strike","Heatsinks","Shockwave","Defragment+1","Barricade+1","Glacier+1","Coolheaded+1","Shrug It Off+1","Battle Trance+1","Seek+1","Havoc+1","Flame Barrier+1","Feel No Pain+1","Power Through+1","Armaments+1","Shrug It Off+1"],"relics":["Burning Blood","Mummified Hand","WarpedTongs","Ancient Tea Set","Frozen Egg 2","Lantern","Potion Belt","Sling","Mark of Pain","Toxic Egg 2","Pen Nib","Letter Opener","CeramicFish","War Paint","Shuriken","Medical Kit","Dream Catcher","Philosopher\u0027s Stone","StoneCalendar","Ginger","InkBottle","Orichalcum","Question Card","PreservedInsect"],"acts_visited":["Exordium","TheCity","TheBeyond"],"potions_floor_usage":[27,33,36,36,44,50,50,50],"damage_taken":[{"damage":0,"enemies":"Small Slimes","floor":1,"turns":1},{"damage":0,"enemies":"2 Louse","floor":2,"turns":2},{"damage":2,"enemies":"Cultist","floor":4,"turns":3},{"damage":0,"enemies":"2 Fungi Beasts","floor":5,"turns":3},{"damage":32,"enemies":"Lagavulin","floor":7,"turns":5},{"damage":1,"enemies":"Exordium Thugs","floor":10,"turns":3},{"damage":10,"enemies":"3 Sentries","floor":12,"turns":2},{"damage":3,"enemies":"3 Louse","floor":14,"turns":4},{"damage":11,"enemies":"Slime Boss","floor":16,"turns":8},{"damage":13,"enemies":"Shell Parasite","floor":18,"turns":5},{"damage":6,"enemies":"Chosen","floor":20,"turns":3},{"damage":7,"enemies":"Book of Stabbing","floor":23,"turns":5},{"damage":11,"enemies":"Snake Plant","floor":24,"turns":3},{"damage":11,"enemies":"Slavers","floor":27,"turns":3},{"damage":4,"enemies":"Centurion and Healer","floor":28,"turns":4},{"damage":0,"enemies":"Cultist and Chosen","floor":29,"turns":3},{"damage":13,"enemies":"3 Cultists","floor":31,"turns":3},{"damage":26,"enemies":"Automaton","floor":33,"turns":6},{"damage":11,"enemies":"3 Shapes","floor":35,"turns":3},{"damage":37,"enemies":"2 Orb Walkers","floor":36,"turns":4},{"damage":0,"enemies":"Giant Head","floor":40,"turns":7},{"damage":0,"enemies":"3 Darklings","floor":41,"turns":3},{"damage":3,"enemies":"Writhing Mass","floor":44,"turns":4},{"damage":3,"enemies":"Reptomancer","floor":46,"turns":4},{"damage":4,"enemies":"Transient","floor":48,"turns":5},{"damage":18,"enemies":"Awakened One","floor":50,"turns":11}],"seed_played":"778547550210687013","potions_obtained":[{"floor":1,"key":"SpeedPotion"},{"floor":5,"key":"Ancient Potion"},{"floor":12,"key":"SteroidPotion"},{"floor":16,"key":"DuplicationPotion"},{"floor":20,"key":"Block Potion"},{"floor":23,"key":"PowerPotion"},{"floor":28,"key":"ElixirPotion"},{"floor":33,"key":"Energy Potion"},{"floor":40,"key":"Swift Potion"},{"floor":46,"key":"SmokeBomb"},{"floor":48,"key":"EssenceOfSteel"}],"is_trial":false,"path_per_floor":["M","M","?","M","M","?","E","$","T","M","?","E","$","M","R","B",null,"M","$","M","?","$","E","M","?","T","E","M","M","$","M","R","B",null,"M","?","?","$","?","E","M","R","T","M","?","E","T","M","R","B",null],"character_chosen":"IRONCLAD","items_purchased":["Frozen Egg 2","Sling","Toxic Egg 2","Coolheaded+1","Medical Kit","Dream Catcher","Feel No Pain+1","Ginger","PowerPotion"],"campfire_rested":4,"item_purchase_floors":[8,13,19,22,30,30,38,38,38],"current_hp_per_floor":[80,80,80,80,80,80,54,54,54,59,59,55,55,58,80,75,80,73,73,73,73,73,72,67,67,67,62,64,70,70,63,80,60,80,75,44,44,44,80,80,80,80,80,80,76,76,76,76,76,64],"gold":449,"neow_bonus":"","is_daily":true,"chose_seed":false,"campfire_upgraded":0,"win_rate":0.0,"timestamp":1613772621,"path_taken":["M","M","?","M","M","?","E","$","T","?","?","E","$","M","R","BOSS","M","$","M","?","$","E","M","?","T","E","?","M","$","M","R","BOSS","M","?","?","$","?","E","M","R","T","?","?","E","?","M","R","BOSS"],"items_purchased_type":["Relic","Relic","Relic","Card","Relic","Relic","Card","Relic","Potion"],"build_version":"2020-12-22","purchased_purges":2,"victory":true,"max_hp_per_floor":[80,80,80,80,80,80,80,80,80,80,80,80,80,80,80,80,80,80,80,80,80,80,80,80,80,80,80,80,80,80,80,80,80,80,80,80,80,80,80,80,80,80,80,80,76,76,76,76,76,76],"relic_stats":{"counters":[26,107],"CeramicFish":72,"StoneCalendar":[52],"Pen Nib":[19],"PreservedInsect":0,"Letter Opener":[316],"Ginger":[2],"War Paint":["Havoc","Aggregate"],"Orichalcum":[0],"Medical Kit":[18],"Question Card":2,"Burning Blood":114,"WarpedTongs":[98],"Dream Catcher":3,"Mummified Hand":[93],"Shuriken":[36],"obtain_stats":[{"Potion Belt":12,"Lantern":9,"CeramicFish":25,"StoneCalendar":36,"Pen Nib":21,"PreservedInsect":47,"Letter Opener":23,"Ginger":38,"Frozen Egg 2":8,"War Paint":26,"Orichalcum":43,"Ancient Tea Set":7,"Sling":13,"Medical Kit":30,"Question Card":46,"Burning Blood":0,"WarpedTongs":6,"Dream Catcher":30,"Mummified Hand":3,"Shuriken":27,"Philosopher\u0027s Stone":34,"Mark of Pain":17,"Toxic Egg 2":19,"InkBottle":40},{"Potion Belt":7,"Lantern":5,"CeramicFish":13,"StoneCalendar":20,"Pen Nib":11,"PreservedInsect":24,"Letter Opener":12,"Ginger":20,"Frozen Egg 2":5,"War Paint":13,"Orichalcum":22,"Ancient Tea Set":5,"Sling":7,"Medical Kit":16,"Question Card":24,"Burning Blood":0,"WarpedTongs":4,"Dream Catcher":16,"Mummified Hand":2,"Shuriken":14,"Philosopher\u0027s Stone":18,"Mark of Pain":9,"Toxic Egg 2":10,"InkBottle":21},{"Potion Belt":19,"Lantern":14,"CeramicFish":47,"StoneCalendar":73,"Pen Nib":39,"PreservedInsect":91,"Letter Opener":44,"Ginger":73,"Frozen Egg 2":14,"War Paint":47,"Orichalcum":83,"Ancient Tea Set":14,"Sling":19,"Medical Kit":57,"Question Card":91,"Burning Blood":0,"WarpedTongs":9,"Dream Catcher":57,"Mummified Hand":3,"Shuriken":50,"Philosopher\u0027s Stone":66,"Mark of Pain":31,"Toxic Egg 2":36,"InkBottle":80}],"InkBottle":[19]},"card_choices":[{"not_picked":["Consume","Undo","Reprogram"],"picked":"SKIP","floor":1},{"not_picked":["Beam Cell","Cold Snap","Power Through"],"picked":"SKIP","floor":2},{"not_picked":["Ball Lightning","Body Slam"],"picked":"Pommel Strike","floor":4},{"not_picked":["Auto Shields","Armaments","Rainbow"],"picked":"SKIP","floor":5},{"not_picked":["Sweeping Beam","Rebound"],"picked":"Heatsinks","floor":7},{"not_picked":["Fusion","Streamline","Sweeping Beam"],"picked":"SKIP","floor":10},{"not_picked":["Ghostly Armor","Compile Driver"],"picked":"Defragment+1","floor":12},{"not_picked":["Gash","Cold Snap","FTL"],"picked":"SKIP","floor":14},{"not_picked":["Berserk+1","Brutality+1"],"picked":"Barricade+1","floor":16},{"not_picked":["Compile Driver","Sweeping Beam","Leap+1"],"picked":"SKIP","floor":18},{"not_picked":["Dropkick","Hemokinesis+1"],"picked":"Glacier+1","floor":20},{"not_picked":["Seeing Red+1","Turbo+1","Berserk+1"],"picked":"SKIP","floor":23},{"not_picked":["BootSequence+1","Rebound"],"picked":"Shrug It Off+1","floor":24},{"not_picked":["Turbo+1","Compile Driver+1","Searing Blow"],"picked":"SKIP","floor":27},{"not_picked":["Flex+1","Carnage","Leap+1"],"picked":"SKIP","floor":28},{"not_picked":["Loop+1","Ball Lightning","Blizzard+1"],"picked":"SKIP","floor":29},{"not_picked":["Redo+1","Leap+1","Flex+1"],"picked":"SKIP","floor":31},{"not_picked":["Hello World+1","Inflame+1"],"picked":"Battle Trance+1","floor":32},{"not_picked":["Thunder Strike","Bludgeon"],"picked":"Seek+1","floor":33},{"not_picked":["True Grit+1","Thunderclap+1"],"picked":"Havoc+1","floor":35},{"not_picked":["Go for the Eyes","Sweeping Beam"],"picked":"Flame Barrier+1","floor":36},{"not_picked":["Compile Driver+1","Streamline+1","Rupture+1"],"picked":"SKIP","floor":40},{"not_picked":["Storm+1","Streamline+1"],"picked":"Power Through+1","floor":41},{"not_picked":["Pommel Strike","Heavy Blade"],"picked":"Armaments+1","floor":44},{"not_picked":["Cold Snap","Beam Cell","Armaments+1"],"picked":"SKIP","floor":46},{"not_picked":["Go for the Eyes","Berserk+1","Headbutt"],"picked":"Shrug It Off+1","floor":48}],"player_experience":1549838,"relics_obtained":[{"floor":7,"key":"Ancient Tea Set"},{"floor":9,"key":"Lantern"},{"floor":12,"key":"Potion Belt"},{"floor":23,"key":"Letter Opener"},{"floor":26,"key":"War Paint"},{"floor":27,"key":"Shuriken"},{"floor":36,"key":"StoneCalendar"},{"floor":40,"key":"InkBottle"},{"floor":43,"key":"Orichalcum"},{"floor":46,"key":"Question Card"},{"floor":47,"key":"PreservedInsect"}],"event_choices":[{"damage_healed":0,"gold_gain":0,"player_choice":"Box","damage_taken":0,"relics_obtained":["Mummified Hand"],"max_hp_gain":0,"max_hp_loss":0,"event_name":"Big Fish","floor":3,"gold_loss":0,"cards_obtained":["Regret"]},{"damage_healed":0,"gold_gain":0,"player_choice":"Rummage","damage_taken":0,"relics_obtained":["WarpedTongs"],"max_hp_gain":0,"max_hp_loss":0,"event_name":"Accursed Blacksmith","floor":6,"gold_loss":0,"cards_obtained":["Pain"]},{"damage_healed":0,"gold_gain":0,"cards_transformed":["Redo"],"player_choice":"Transformed","damage_taken":0,"max_hp_gain":0,"max_hp_loss":0,"event_name":"Transmorgrifier","floor":11,"gold_loss":0,"cards_obtained":["Shockwave"]},{"damage_healed":0,"gold_gain":0,"player_choice":"Obtained Relic","damage_taken":0,"relics_obtained":["Pen Nib"],"max_hp_gain":0,"max_hp_loss":0,"event_name":"Addict","floor":21,"gold_loss":85},{"cards_removed":["Warcry"],"damage_healed":0,"gold_gain":0,"player_choice":"Gave Card","damage_taken":0,"relics_obtained":["CeramicFish"],"max_hp_gain":0,"max_hp_loss":0,"event_name":"WeMeetAgain","floor":25,"gold_loss":0},{"damage_healed":0,"gold_gain":0,"player_choice":"Fight","damage_taken":0,"max_hp_gain":0,"max_hp_loss":0,"event_name":"Mysterious Sphere","floor":36,"gold_loss":0},{"damage_healed":0,"gold_gain":0,"player_choice":"Ignored","damage_taken":0,"max_hp_gain":0,"max_hp_loss":0,"event_name":"Tomb of Lord Red Mask","floor":37,"gold_loss":0},{"cards_removed":["Reprogram"],"damage_healed":36,"gold_gain":0,"player_choice":"Offered Uncommon","damage_taken":0,"max_hp_gain":0,"max_hp_loss":0,"event_name":"Bonfire Elementals","floor":39,"gold_loss":0},{"damage_healed":0,"gold_gain":0,"player_choice":"Max HP","damage_taken":0,"max_hp_gain":0,"max_hp_loss":4,"event_name":"Winding Halls","floor":45,"gold_loss":0}],"is_beta":false,"boss_relics":[{"not_picked":["Tiny House","Black Blood"],"picked":"Mark of Pain"},{"not_picked":["SacredBark","Runic Dome"],"picked":"Philosopher\u0027s Stone"}],"items_purged_floors":[8,19],"is_endless":false,"potions_floor_spawned":[1,5,12,16,20,23,28,33,40,41,46,48],"ascension_level":0}}