{"host":"4gkev1dtxxhiue3x","time":1613763515,"event":{"mods":["AchievementEnabler","BaseMod","Better Altar","Better Match","Better Note","Better Sensory Stone","Better Skull","Better Third Choice","Colored Powertips","Downfall","Friendly Minions","Hermit","Minty Spire (QoL Compilation)","Relic Stats","Robot Space Explorer","Shop Mod","StSLib","The Construct","The Disciple","The Hierophant"],"gold_per_floor":[116,132,145,0,13,38,38,69,69,84,159,159,159,7,7,110,110,92,92,106,21,40,75,89,89,89],"floor_reached":25,"language":"ENG","playtime":2402,"items_purged":["Strike_G"],"score":305,"play_id":"7926ebae-6896-4875-a280-13ff03a34c0f","local_time":"20210219203835","is_ascension_mode":true,"campfire_choices":[{"floor":13,"key":"REST"},{"data":"Blade Dance","floor":15,"key":"SMITH"}],"circlet_count":0,"master_deck":["Strike_G","Strike_G","Strike_G","Defend_G","Defend_G","Defend_G","Defend_G","Defend_G","Survivor","Neutralize","Dagger Spray","Blade Dance+1","Footwork","Accuracy+1","Quick Slash","Dodge and Roll","Acrobatics","Blur","A Thousand Cuts","Flash of Steel","Chrysalis","Noxious Fumes","Accuracy"],"relics":["Ring of the Snake","NeowsBlessing","Potion Belt","Art of War","Letter Opener","Vajra","SacredBark","Mango","Ginger"],"acts_visited":["Exordium","TheCity"],"potions_floor_usage":[5,8,20,23,23],"damage_taken":[{"damage":0,"enemies":"2 Louse","floor":1,"turns":1},{"damage":0,"enemies":"Cultist","floor":2,"turns":1},{"damage":0,"enemies":"Jaw Worm","floor":3,"turns":1},{"damage":9,"enemies":"Exordium Thugs","floor":5,"turns":5},{"damage":12,"enemies":"3 Sentries","floor":6,"turns":9},{"damage":16,"enemies":"Gremlin Nob","floor":8,"turns":4},{"damage":0,"enemies":"Blue Slaver","floor":10,"turns":4},{"damage":13,"enemies":"Slime Boss","floor":16,"turns":8},{"damage":15,"enemies":"2 Thieves","floor":18,"turns":4},{"damage":1,"enemies":"Spheric Guardian","floor":20,"turns":3},{"damage":15,"enemies":"3 Cultists","floor":22,"turns":5},{"damage":32,"enemies":"Slavers","floor":23,"turns":5},{"damage":18,"enemies":"Snecko","floor":24,"turns":6},{"damage":14,"enemies":"Cultist and Chosen","floor":25,"turns":3}],"seed_played":"913676739909260394","potions_obtained":[{"floor":1,"key":"SteroidPotion"},{"floor":2,"key":"Fruit Juice"},{"floor":6,"key":"Weak Potion"},{"floor":16,"key":"Weak Potion"},{"floor":22,"key":"BlessingOfTheForge"},{"floor":23,"key":"construct:ShiftPotion"}],"is_trial":false,"path_per_floor":["M","M","M","$","M","E","?","E","T","M","?","?","R","$","R","B",null,"M","?","M","?","M","E","M","M"],"character_chosen":"THE_SILENT","items_purchased":["Accuracy","Vajra"],"campfire_rested":1,"item_purchase_floors":[4,14],"current_hp_per_floor":[70,70,70,70,61,49,49,33,33,33,22,22,43,43,43,30,70,55,55,54,68,53,31,13,0,0],"gold":89,"neow_bonus":"THREE_ENEMY_KILL","is_daily":false,"chose_seed":false,"campfire_upgraded":1,"win_rate":0.0,"timestamp":1613763515,"path_taken":["M","M","M","$","M","E","?","E","T","?","?","?","R","$","R","BOSS","M","?","M","?","M","E","M","M"],"items_purchased_type":["Card","Relic"],"build_version":"2020-12-22","purchased_purges":1,"victory":false,"max_hp_per_floor":[70,70,70,70,70,70,70,70,70,70,70,70,70,70,70,70,70,70,70,70,84,84,94,94,94,94],"relic_stats":{"counters":[14,59],"Art of War":[9],"Letter Opener":[35],"Ginger":[0],"obtain_stats":[{"Potion Belt":6,"NeowsBlessing":0,"SacredBark":17,"Vajra":14,"Mango":21,"Art of War":8,"Letter Opener":9,"Ginger":23,"Ring of the Snake":0},{"Potion Belt":5,"NeowsBlessing":0,"SacredBark":8,"Vajra":7,"Mango":10,"Art of War":6,"Letter Opener":6,"Ginger":12,"Ring of the Snake":0},{"Potion Belt":17,"NeowsBlessing":0,"SacredBark":33,"Vajra":25,"Mango":40,"Art of War":21,"Letter Opener":21,"Ginger":50,"Ring of the Snake":0}],"Ring of the Snake":[28]},"card_choices":[{"not_picked":["Eviscerate","Deadly Poison"],"picked":"Dagger Spray","floor":1},{"not_picked":["Prepared","Quick Slash"],"picked":"Blade Dance","floor":2},{"not_picked":["Dash","Dagger Throw"],"picked":"Footwork","floor":3},{"not_picked":["Outmaneuver","Slice"],"picked":"Quick Slash","floor":5},{"not_picked":["PiercingWail","Choke"],"picked":"Dodge and Roll","floor":6},{"not_picked":["Choke","Deadly Poison"],"picked":"Acrobatics","floor":8},{"not_picked":["Deadly Poison","Footwork"],"picked":"Blur","floor":10},{"not_picked":["Tools of the Trade","Malaise"],"picked":"A Thousand Cuts","floor":16},{"not_picked":["Concentrate","Deflect","Dash"],"picked":"SKIP","floor":18},{"not_picked":["The Bomb","Swift Strike"],"picked":"Flash of Steel","floor":19},{"not_picked":["Finesse","PanicButton"],"picked":"Chrysalis","floor":19},{"not_picked":["Deadly Poison+1","Calculated Gamble","Acrobatics+1"],"picked":"SKIP","floor":20},{"not_picked":["Acrobatics+1","Blur","Tactician"],"picked":"SKIP","floor":22},{"not_picked":["PiercingWail","Bane"],"picked":"Noxious Fumes","floor":23},{"not_picked":["Noxious Fumes+1","Dagger Spray"],"picked":"Accuracy","floor":24}],"player_experience":202539,"relics_obtained":[{"floor":6,"key":"Potion Belt"},{"floor":8,"key":"Art of War"},{"floor":9,"key":"Letter Opener"},{"floor":23,"key":"Ginger"}],"event_choices":[{"damage_healed":0,"gold_gain":0,"player_choice":"Upgraded","damage_taken":0,"max_hp_gain":0,"max_hp_loss":0,"event_name":"Upgrade Shrine","floor":7,"gold_loss":0,"cards_upgraded":["Accuracy"]},{"damage_healed":0,"gold_gain":75,"player_choice":"Gold","damage_taken":11,"max_hp_gain":0,"max_hp_loss":0,"event_name":"betterThird:BetterGoop","floor":11,"gold_loss":0},{"cards_removed":["Strike_G"],"damage_healed":0,"gold_gain":0,"player_choice":"Offered Basic","damage_taken":0,"max_hp_gain":0,"max_hp_loss":0,"event_name":"Bonfire Elementals","floor":12,"gold_loss":0},{"damage_healed":0,"gold_gain":2,"player_choice":"1","damage_taken":0,"max_hp_gain":0,"max_hp_loss":0,"event_name":"betterStone:BetterStone","floor":19,"gold_loss":0},{"damage_healed":0,"gold_gain":0,"player_choice":"Obtained Relic","damage_taken":0,"relics_obtained":["Mango"],"max_hp_gain":0,"max_hp_loss":0,"event_name":"Addict","floor":21,"gold_loss":85}],"is_beta":false,"boss_relics":[{"not_picked":["Empty Cage","Busted Crown"],"picked":"SacredBark"}],"items_purged_floors":[4],"is_endless":false,"potions_floor_spawned":[1,2,6,16,22,23],"killed_by":"Cultist and Chosen","ascension_level":4}}