{"host":"ssahdsoo349p0ms1","time":1613702691,"event":{"mods":["AchievementEnabler","BaseMod","Colored Powertips","Filter the Spire","Minty Spire (QoL Compilation)","StSLib"],"gold_per_floor":[117,137,150,170,189,218,230,230,279,290,290,321,321,334,334,427,427,445,428,428,428,452,452,473,511,536,575,108,128,161,176,176,269,269,289,289,289,105,105,146,63,101,127,127,150,150,171,195,195,195,195],"floor_reached":50,"language":"ENG","playtime":2855,"items_purged":["Strike_G","Pain"],"score":1177,"play_id":"c7d4ea0d-b0cc-408e-82b5-7e597f559aa0","local_time":"20210218204451","is_ascension_mode":true,"campfire_choices":[{"data":"Well Laid Plans","floor":8.0,"key":"SMITH"},{"floor":13.0,"key":"REST"},{"data":"Neutralize","floor":15.0,"key":"SMITH"},{"data":"Caltrops","floor":23.0,"key":"SMITH"},{"data":"Footwork","floor":32.0,"key":"SMITH"},{"floor":46.0,"key":"RECALL"},{"floor":49,"key":"REST"}],"circlet_count":0,"master_deck":["AscendersBane","Strike_G","Strike_G","Defend_G","Defend_G","Defend_G","Defend_G","Survivor","Neutralize+1","Predator","Blade Dance","Leg Sweep","Slice","Well Laid Plans+1","Dagger Throw","Caltrops+1","Backflip","Escape Plan","PiercingWail","Glass Knife","Dagger Throw","Outmaneuver+1","Necronomicurse","Underhanded Strike","Blade Dance","Acrobatics","Accuracy","Footwork+1","Corpse Explosion","Mayhem","Caltrops+1","Dash","Adrenaline","Madness","Madness","Deflect+1","Accuracy+1"],"relics":["Ring of the Snake","Bag of Marbles","Juzu Bracelet","Golden Idol","Bag of Preparation","SlaversCollar","Necronomicon","Pantograph","Pen Nib","Centennial Puzzle","OrangePellets","Akabeko","HornCleat","HoveringKite","WarpedTongs","Nunchaku","Bottled Flame","The Courier"],"acts_visited":["Exordium","TheCity","TheBeyond"],"potions_floor_usage":[50],"damage_taken":[{"damage":0.0,"enemies":"Small Slimes","floor":1.0,"turns":4.0},{"damage":0.0,"enemies":"Cultist","floor":2.0,"turns":3.0},{"damage":0.0,"enemies":"Jaw Worm","floor":3.0,"turns":3.0},{"damage":0.0,"enemies":"2 Fungi Beasts","floor":4.0,"turns":4.0},{"damage":3.0,"enemies":"Looter","floor":5.0,"turns":3.0},{"damage":12.0,"enemies":"3 Sentries","floor":6.0,"turns":7.0},{"damage":4.0,"enemies":"Blue Slaver","floor":7.0,"turns":4.0},{"damage":0.0,"enemies":"Large Slime","floor":10.0,"turns":4.0},{"damage":20.0,"enemies":"Lagavulin","floor":12.0,"turns":10.0},{"damage":0.0,"enemies":"2 Fungi Beasts","floor":14.0,"turns":2.0},{"damage":26.0,"enemies":"Hexaghost","floor":16.0,"turns":13.0},{"damage":10.0,"enemies":"Chosen","floor":18.0,"turns":5.0},{"damage":19.0,"enemies":"2 Thieves","floor":19.0,"turns":4.0},{"damage":6.0,"enemies":"Centurion and Healer","floor":22.0,"turns":5.0},{"damage":2.0,"enemies":"Snecko","floor":24.0,"turns":3.0},{"damage":35.0,"enemies":"Slavers","floor":25.0,"turns":7.0},{"damage":7.0,"enemies":"Book of Stabbing","floor":27.0,"turns":4.0},{"damage":2.0,"enemies":"3 Cultists","floor":29.0,"turns":4.0},{"damage":13.0,"enemies":"Gremlin Leader","floor":30.0,"turns":6.0},{"damage":0.0,"enemies":"Shelled Parasite and Fungi","floor":31.0,"turns":2.0},{"damage":21.0,"enemies":"Champ","floor":33.0,"turns":9.0},{"damage":3.0,"enemies":"3 Shapes","floor":35.0,"turns":3.0},{"damage":3.0,"enemies":"Giant Head","floor":40.0,"turns":6.0},{"damage":3.0,"enemies":"Reptomancer","floor":42.0,"turns":5.0},{"damage":0.0,"enemies":"3 Darklings","floor":45.0,"turns":2.0},{"damage":0,"enemies":"Writhing Mass","floor":47,"turns":5},{"damage":6,"enemies":"Maw","floor":48,"turns":5},{"damage":70,"enemies":"Time Eater","floor":50,"turns":11}],"seed_played":"-23425341805610749","potions_obtained":[{"floor":2.0,"key":"Swift Potion"},{"floor":3.0,"key":"Fire Potion"},{"floor":14.0,"key":"Fruit Juice"},{"floor":16.0,"key":"Fruit Juice"},{"floor":22.0,"key":"Poison Potion"},{"floor":27.0,"key":"SmokeBomb"},{"floor":30.0,"key":"Ancient Potion"},{"floor":31.0,"key":"Energy Potion"},{"floor":35.0,"key":"LiquidMemories"}],"is_trial":false,"path_per_floor":["M","M","M","M","M","E","M","R","T","M","?","E","R","M","R","B",null,"M","M","?","?","M","R","M","E","T","E","$","M","E","M","R","B",null,"M","?","?","$","?","E","$","E","T","?","M","R","M","M","R","B"],"character_chosen":"THE_SILENT","items_purchased":["OrangePellets","Akabeko","Explosive Potion","GamblersBrew","Dash"],"campfire_rested":2,"item_purchase_floors":[28,28,28,38,41],"current_hp_per_floor":[44,44,44,44,41,29,25,25,25,25,25,5,23,23,23,2,49,39,20,20,48,42,42,40,5,5,50,50,48,35,35,35,39,62,59,59,59,59,59,56,56,53,53,40,40,40,40,34,55,0,0],"gold":195,"neow_bonus":"REMOVE_TWO","is_daily":false,"chose_seed":false,"campfire_upgraded":4,"win_rate":0.0,"timestamp":1613702691,"path_taken":["M","M","M","M","M","E","M","R","T","M","?","E","R","M","R","BOSS","M","M","?","?","M","R","M","E","T","E","$","M","E","M","R","BOSS","M","?","?","$","?","E","$","E","T","?","M","R","M","M","R","BOSS"],"items_purchased_type":["Relic","Relic","Potion","Potion","Card"],"build_version":"2020-12-22","purchased_purges":2,"victory":false,"max_hp_per_floor":[66,66,66,66,66,66,66,66,66,66,60,60,60,60,60,65,65,65,65,65,65,65,65,65,65,65,70,70,70,70,70,70,70,70,70,70,70,70,70,70,70,70,70,70,70,70,70,70,70,70,70],"card_choices":[{"not_picked":["Acrobatics","Backflip"],"picked":"Predator","floor":1.0},{"not_picked":["Underhanded Strike","Prepared"],"picked":"Blade Dance","floor":2.0},{"not_picked":["PiercingWail","Accuracy"],"picked":"Leg Sweep","floor":3.0},{"not_picked":["Crippling Poison","Night Terror"],"picked":"Slice","floor":4.0},{"not_picked":["Sucker Punch","Crippling Poison"],"picked":"Well Laid Plans","floor":5.0},{"not_picked":["Sucker Punch","Deadly Poison"],"picked":"Dagger Throw","floor":6.0},{"not_picked":["Acrobatics","Sucker Punch"],"picked":"Caltrops","floor":7.0},{"not_picked":["Reflex","Flechettes"],"picked":"Backflip","floor":10.0},{"not_picked":["Blade Dance","Quick Slash"],"picked":"Escape Plan","floor":12.0},{"not_picked":["Flechettes","Well Laid Plans"],"picked":"PiercingWail","floor":14.0},{"not_picked":["Unload","Grand Finale"],"picked":"Glass Knife","floor":16.0},{"not_picked":["Quick Slash","Noxious Fumes"],"picked":"Dagger Throw","floor":18.0},{"not_picked":["Predator","Concentrate"],"picked":"Outmaneuver+1","floor":19.0},{"not_picked":["Deflect","Poisoned Stab"],"picked":"Underhanded Strike","floor":22.0},{"not_picked":["Noxious Fumes","Bane+1"],"picked":"Blade Dance","floor":24.0},{"not_picked":["Backflip","Concentrate","Masterful Stab"],"picked":"SKIP","floor":25.0},{"not_picked":["Backflip","Outmaneuver"],"picked":"Acrobatics","floor":27.0},{"not_picked":["Masterful Stab","Outmaneuver","Backflip"],"picked":"SKIP","floor":29.0},{"not_picked":["Underhanded Strike","Masterful Stab+1"],"picked":"Accuracy","floor":30.0},{"not_picked":["PiercingWail","Choke"],"picked":"Footwork","floor":31.0},{"not_picked":["A Thousand Cuts","Night Terror"],"picked":"Corpse Explosion","floor":33.0},{"not_picked":["Deadly Poison","Predator","Sucker Punch+1"],"picked":"SKIP","floor":35.0},{"not_picked":["Enlightenment","Thinking Ahead"],"picked":"Mayhem","floor":39.0},{"not_picked":["Bane","Backstab"],"picked":"Caltrops+1","floor":40.0},{"not_picked":["Poisoned Stab+1","Tactician"],"picked":"Adrenaline","floor":42.0},{"not_picked":["Dash","Deadly Poison+1","Slice"],"picked":"SKIP","floor":45.0},{"not_picked":["Poisoned Stab","Endless Agony"],"picked":"Deflect+1","floor":47},{"not_picked":["Outmaneuver","Setup+1"],"picked":"Accuracy+1","floor":48}],"player_experience":617373,"relics_obtained":[{"floor":6.0,"key":"Bag of Marbles"},{"floor":9.0,"key":"Juzu Bracelet"},{"floor":12.0,"key":"Bag of Preparation"},{"floor":21.0,"key":"Necronomicon"},{"floor":25.0,"key":"Pantograph"},{"floor":26.0,"key":"Pen Nib"},{"floor":27.0,"key":"Centennial Puzzle"},{"floor":30.0,"key":"HornCleat"},{"floor":40.0,"key":"Bottled Flame"},{"floor":42.0,"key":"The Courier"}],"event_choices":[{"damage_healed":0.0,"max_hp_gain":0.0,"max_hp_loss":6.0,"gold_gain":0.0,"event_name":"Golden Idol","player_choice":"Lose Max HP","floor":11.0,"gold_loss":0.0,"damage_taken":0.0,"relics_obtained":["Golden Idol"]},{"cards_removed":["Strike_G"],"damage_healed":0.0,"max_hp_gain":0.0,"max_hp_loss":0.0,"gold_gain":0.0,"event_name":"Wheel of Change","player_choice":"Card Removal","floor":20.0,"gold_loss":0.0,"damage_taken":0.0},{"damage_healed":0.0,"max_hp_gain":0.0,"max_hp_loss":0.0,"gold_gain":0.0,"event_name":"Cursed Tome","player_choice":"Obtained Book","floor":21.0,"gold_loss":0.0,"damage_taken":21.0},{"damage_healed":0.0,"max_hp_gain":0.0,"max_hp_loss":0.0,"gold_gain":0.0,"event_name":"Accursed Blacksmith","player_choice":"Rummage","floor":36.0,"gold_loss":0.0,"damage_taken":0.0,"relics_obtained":["WarpedTongs"],"cards_obtained":["Pain"]},{"damage_healed":0.0,"max_hp_gain":0.0,"max_hp_loss":0.0,"gold_gain":0.0,"event_name":"WeMeetAgain","player_choice":"Gave Potion","floor":37.0,"gold_loss":0.0,"damage_taken":0.0,"relics_obtained":["Nunchaku"]},{"damage_healed":0.0,"max_hp_gain":0.0,"max_hp_loss":0.0,"gold_gain":0.0,"event_name":"SensoryStone","player_choice":"Memory 1","floor":39.0,"gold_loss":0.0,"damage_taken":0.0},{"damage_healed":0.0,"max_hp_gain":0.0,"max_hp_loss":0.0,"gold_gain":0.0,"event_name":"Winding Halls","player_choice":"Embrace Madness","floor":44.0,"gold_loss":0.0,"damage_taken":13.0,"cards_obtained":["Madness","Madness"]}],"is_beta":false,"boss_relics":[{"not_picked":["Black Star","Busted Crown"],"picked":"SlaversCollar"},{"not_picked":["Astrolabe","Sozu"],"picked":"HoveringKite"}],"items_purged_floors":[28,38],"is_endless":false,"potions_floor_spawned":[2,3,4,14,16,22,24,27,30,31,35,45,48],"killed_by":"Time Eater","ascension_level":20}}