{"host":"krw8kyiy0um8ye49","time":1613776529,"event":{"mods":["BaseMod","Minty Spire (QoL Compilation)","StSLib"],"gold_per_floor":[359,46,121,139,149,149,184,184,210,135,135,135,135,135],"floor_reached":13,"language":"ENG","playtime":506,"items_purged":["Writhe"],"score":93,"play_id":"6b7c38bc-2450-4d82-9ab9-7069fc109bf3","local_time":"20210220001529","is_ascension_mode":true,"campfire_choices":[{"data":"Crippling Poison","floor":6,"key":"SMITH"},{"floor":12,"key":"REST"}],"circlet_count":0,"master_deck":["Strike_G","Strike_G","Strike_G","Strike_G","Strike_G","Defend_G","Defend_G","Defend_G","Defend_G","Defend_G","Survivor","Neutralize","Crippling Poison+1","PiercingWail","Bane","Bouncing Flask","Injury"],"relics":["Ring of the Snake","Torii","Juzu Bracelet","Golden Idol","Tiny Chest","Turnip"],"acts_visited":["Exordium"],"potions_floor_usage":[7],"damage_taken":[{"damage":25,"enemies":"Jaw Worm","floor":1,"turns":8},{"damage":1,"enemies":"2 Louse","floor":4,"turns":2},{"damage":2,"enemies":"Small Slimes","floor":5,"turns":6},{"damage":23,"enemies":"3 Sentries","floor":7,"turns":17},{"damage":31,"enemies":"Gremlin Nob","floor":13,"turns":4}],"seed_played":"6859328117994282551","potions_obtained":[{"floor":4,"key":"Poison Potion"},{"floor":7,"key":"SmokeBomb"}],"is_trial":false,"path_per_floor":["M","$","?","M","M","R","E","?","T","$","?","R","E"],"character_chosen":"THE_SILENT","items_purchased":["Torii"],"campfire_rested":1,"item_purchase_floors":[2],"current_hp_per_floor":[45,45,34,33,31,31,8,8,8,8,8,29,0,0],"gold":135,"neow_bonus":"TWO_FIFTY_GOLD","is_daily":false,"chose_seed":false,"campfire_upgraded":1,"win_rate":0.0,"timestamp":1613776529,"path_taken":["M","$","?","M","M","R","E","?","T","?","?","R","E"],"items_purchased_type":["Relic"],"build_version":"2020-12-22","purchased_purges":1,"victory":false,"max_hp_per_floor":[70,70,70,70,70,70,70,70,70,70,70,70,70,70],"card_choices":[{"not_picked":["Backflip","Expertise"],"picked":"Crippling Poison","floor":1},{"not_picked":["Backflip","Cloak And Dagger"],"picked":"PiercingWail","floor":4},{"not_picked":["Backflip","Deflect"],"picked":"Bane","floor":5},{"not_picked":["Quick Slash","Finisher"],"picked":"Bouncing Flask","floor":7}],"player_experience":186180,"relics_obtained":[{"floor":7,"key":"Juzu Bracelet"},{"floor":9,"key":"Tiny Chest"}],"event_choices":[{"damage_healed":0,"gold_gain":75,"player_choice":"Gather Gold","damage_taken":11,"max_hp_gain":0,"max_hp_loss":0,"event_name":"World of Goop","floor":3,"gold_loss":0},{"damage_healed":0,"gold_gain":0,"player_choice":"Take Wound","damage_taken":0,"relics_obtained":["Golden Idol"],"max_hp_gain":0,"max_hp_loss":0,"event_name":"Golden Idol","floor":8,"gold_loss":0,"cards_obtained":["Injury"]},{"damage_healed":0,"gold_gain":0,"player_choice":"Gave Potion","damage_taken":0,"relics_obtained":["Turnip"],"max_hp_gain":0,"max_hp_loss":0,"event_name":"WeMeetAgain","floor":11,"gold_loss":0}],"is_beta":false,"boss_relics":[],"items_purged_floors":[10],"is_endless":false,"potions_floor_spawned":[4,7],"killed_by":"Gremlin Nob","ascension_level":3}}