{"host":"onfdonezo2qmaex3","time":1613728183,"event":{"mods":["2.2 Compatiblity","AchievementEnabler","Act Like it!","Aspiration","BaseMod","Colored Powertips","Downfall","Friendly Minions","Gensokyo","Hallownest","Hermit","Highlight Path","Jorbs\u0027s Wanderer Trilogy","Marisa????????","Marked Mod","Minty Spire (QoL Compilation)","Quick Restart","Reliquary","Shop Mod","StSLib","The Disciple","The Hayseed","The Hierophant","The Marked","The Runesmith"],"gold_per_floor":[119,119,119,135,135,135,161,161,161,161,176,7,18,337,337,537,537],"floor_reached":16,"language":"ENG","playtime":954,"items_purged":[],"score":150,"play_id":"702308eb-ce6d-4258-ade4-53907873dc34","local_time":"20210219104943","is_ascension_mode":false,"campfire_choices":[{"data":"hermit:Manifest","floor":6,"key":"SMITH"},{"data":"hermit:Grudge","floor":10,"key":"SMITH"},{"floor":15,"key":"REST"}],"circlet_count":0,"master_deck":["hermit:Strike_Hermit","hermit:Strike_Hermit","hermit:Defend_Hermit+1","hermit:Defend_Hermit","hermit:Snapshot","hermit:Covet","Backflip","hermit:Manifest+1","hermit:Grudge+1","hermit:CursedWeapon+1","Gensokyo:BlemishedSteel","hermit:Misfire","hermit:GhostlyPresence"],"relics":["hermit:Momento","Mango","Kunai","Gensokyo:YoukaiFlower","Matryoshka","reliquary:Buckler"],"acts_visited":["Gensokyo:Gensokyo"],"potions_floor_usage":[13,13,16],"damage_taken":[{"damage":0,"enemies":"Gensokyo:3_Fairies","floor":1,"turns":4},{"damage":6,"enemies":"Gensokyo:Python","floor":4,"turns":3},{"damage":0,"enemies":"Gensokyo:Mamizou","floor":7,"turns":8},{"damage":0,"enemies":"Gensokyo:2_Kodama","floor":11,"turns":3},{"damage":16,"enemies":"Gensokyo:2_Rabbits","floor":13,"turns":5},{"damage":15,"enemies":"Gensokyo:LivingMonolith","floor":14,"turns":5},{"damage":43,"enemies":"Gensokyo:Yukari","floor":16,"turns":12}],"seed_played":"-5355774534385956413","potions_obtained":[{"floor":4,"key":"Fire Potion"},{"floor":11,"key":"Regen Potion"},{"floor":14,"key":"SneckoOil"}],"is_trial":false,"path_per_floor":["M","?","?","M","?","R","E","?","T","R","M","COS","M","M","R","B"],"character_chosen":"HERMIT","items_purchased":[],"campfire_rested":1,"item_purchase_floors":[],"current_hp_per_floor":[82,75,75,69,31,31,31,31,31,31,31,31,27,12,40,0,0],"gold":537,"neow_bonus":"TEN_PERCENT_HP_BONUS","is_daily":false,"chose_seed":false,"campfire_upgraded":2,"win_rate":0.0,"timestamp":1613728183,"path_taken":["M","?","?","?","?","R","E","?","T","R","M","COS","?","M","R","BOSS"],"items_purchased_type":[],"build_version":"2020-12-22","purchased_purges":0,"victory":false,"max_hp_per_floor":[82,96,96,96,96,96,96,96,96,96,96,96,96,96,96,96,96],"card_choices":[{"not_picked":["hermit:ItchyTrigger","hermit:Midnight"],"picked":"hermit:Misfire","floor":1},{"not_picked":["hermit:DeadMansHand","hermit:Glare"],"picked":"hermit:Manifest","floor":4},{"not_picked":["hermit:HighCaliber","hermit:DeadMansHand"],"picked":"hermit:Grudge","floor":7},{"not_picked":["hermit:Combo","hermit:Quickdraw"],"picked":"hermit:CursedWeapon","floor":11},{"not_picked":["hermit:BodyArmor","hermit:TrackingShot"],"picked":"hermit:Misfire","floor":13},{"not_picked":["hermit:Maintenance","hermit:HoleUp"],"picked":"hermit:GhostlyPresence","floor":14}],"player_experience":206840,"relics_obtained":[{"floor":7,"key":"Kunai"},{"floor":9,"key":"Matryoshka"}],"event_choices":[],"is_beta":false,"boss_relics":[],"items_purged_floors":[],"is_endless":false,"potions_floor_spawned":[4,11,14],"killed_by":"Gensokyo:Yukari","ascension_level":0}}