{"host":"xp5rvh2jwe2ejyfm","time":1613695986,"event":{"mods":["2.2 Compatiblity","Aspiration","BaseMod","Better Altar","Better Match","Better Note","Better Sensory Stone","Better Skull","BetterRewards","Colored Powertips","Conspire","Downfall","GifTheSpireLib","Gremlin Mod","GungeonMod","Hermit","Hubris","Jorbs\u0027s Wanderer Trilogy","Minty Spire (QoL Compilation)","Potionbrewer","Quick Restart","Replay The Spire","Robot Space Explorer","Shade Mod","Somnambulant","StSLib","The Bug Knight","The Clintock","The Construct","The Cursed","The Disciple","The Forsaken","The Hierophant","The Marked","The Necromancer","The Runesmith","The Servant 0.9.4","The Valiant","The Witch","TheFirefly","thorton"],"gold_per_floor":[119,119,139,153,172,172,184,215,215,235,235,235,235,260,260,390,390,408,408,427,447,447,447],"floor_reached":22,"language":"ENG","playtime":816,"items_purged":[],"score":215,"play_id":"1d594ba0-71eb-40aa-b620-f45ba8e1e610","local_time":"20210218195306","is_ascension_mode":false,"campfire_choices":[{"data":"potionbrewer:Collect","floor":6.0,"key":"SMITH"},{"floor":13.0,"key":"RECALL"},{"floor":15.0,"key":"REST"}],"circlet_count":0,"master_deck":["potionbrewer:PotionbrewerStrike","potionbrewer:PotionbrewerStrike","potionbrewer:PotionbrewerStrike","potionbrewer:PotionbrewerStrike","potionbrewer:PotionbrewerDefend","potionbrewer:PotionbrewerDefend","potionbrewer:PotionbrewerDefend","potionbrewer:PotionbrewerDefend","potionbrewer:Collect+1","potionbrewer:ChemicalSpill","potionbrewer:Spark","potionbrewer:OneTwoPunch","potionbrewer:Backhand","potionbrewer:Prototype","potionbrewer:Hoarder","potionbrewer:OneTwoPunch","potionbrewer:UnstableFormula","Injury","potionbrewer:Prototype","CurseOfTheBell","potionbrewer:ChoosePotion","potionbrewer:MicrobeSpray","potionbrewer:Prototype","potionbrewer:Prototype"],"relics":["potionbrewer:PotionKit","NeowsBlessing","DemoMod:NanoMachines","Bloody Idol","Calling Bell","Gremlin Food","hubris:CrystalStatue","Thread and Needle","Blood Vial"],"acts_visited":["Exordium","TheCity"],"potions_floor_usage":[],"damage_taken":[{"damage":0.0,"enemies":"Cultist","floor":1.0,"turns":1.0},{"damage":0.0,"enemies":"2 Louse","floor":3.0,"turns":1.0},{"damage":0.0,"enemies":"Small Slimes","floor":4.0,"turns":1.0},{"damage":20.0,"enemies":"Blue Slaver","floor":5.0,"turns":4.0},{"damage":7.0,"enemies":"Looter","floor":7.0,"turns":3.0},{"damage":17.0,"enemies":"Lagavulin","floor":8.0,"turns":6.0},{"damage":6.0,"enemies":"3 Louse","floor":10.0,"turns":3.0},{"damage":14.0,"enemies":"Blue Slaver","floor":14.0,"turns":4.0},{"damage":24.0,"enemies":"Fading Forest","floor":16.0,"turns":11.0},{"damage":0.0,"enemies":"Chosen","floor":18.0,"turns":4.0},{"damage":33.0,"enemies":"Sentry and Sphere","floor":20.0,"turns":9.0},{"damage":22.0,"enemies":"Centurion and Healer","floor":21.0,"turns":6.0},{"damage":0,"enemies":"Snake Plant","floor":22,"turns":1}],"seed_played":"-3366780762135854105","potions_obtained":[{"floor":5.0,"key":"potionbrewer:AcidPotion"},{"floor":7.0,"key":"bronze:BurnAndBuffPotion"},{"floor":14.0,"key":"potionbrewer:AcidPotion"}],"is_trial":false,"path_per_floor":["M","?","M","M","M","R","M","E","T","M","?","?","R","M","R","B",null,"M","?","M","M","M"],"character_chosen":"POTIONBREWER","items_purchased":[],"campfire_rested":1,"item_purchase_floors":[],"current_hp_per_floor":[75,75,75,75,55,55,48,31,31,25,50,50,50,36,58,34,75,75,55,29,14,16,16],"gold":447,"neow_bonus":"THREE_ENEMY_KILL","is_daily":false,"chose_seed":false,"campfire_upgraded":1,"win_rate":0.0,"timestamp":1613695986,"path_taken":["M","?","M","?","M","R","M","E","T","M","?","?","R","M","R","BOSS","M","?","M","M","M"],"items_purchased_type":[],"build_version":"2020-12-22","purchased_purges":0,"victory":false,"max_hp_per_floor":[75,75,75,75,75,75,75,75,75,75,75,75,75,75,75,75,75,75,75,75,75,75,75],"card_choices":[{"not_picked":["potionbrewer:Contingency","potionbrewer:QuickStep"],"picked":"potionbrewer:Spark","floor":1.0},{"not_picked":["potionbrewer:TestSubject","potionbrewer:ChemicalShroud"],"picked":"potionbrewer:OneTwoPunch","floor":3.0},{"not_picked":["potionbrewer:Smokescreen","potionbrewer:VolatileSolution"],"picked":"potionbrewer:Backhand","floor":4.0},{"not_picked":["potionbrewer:Biohazard","potionbrewer:LabAccident","potionbrewer:Contingency"],"picked":"potionbrewer:Prototype","floor":5.0},{"not_picked":["potionbrewer:Smokescreen","potionbrewer:TestFormula"],"picked":"potionbrewer:Hoarder","floor":7.0},{"not_picked":["potionbrewer:LabJournal","potionbrewer:Smack","potionbrewer:Prototype"],"picked":"potionbrewer:OneTwoPunch","floor":8.0},{"not_picked":["potionbrewer:Contingency","potionbrewer:VolatileSolution","potionbrewer:Prototype"],"picked":"potionbrewer:UnstableFormula","floor":10.0},{"not_picked":["potionbrewer:Discombobulate","potionbrewer:CausticBarrier","potionbrewer:Smokescreen"],"picked":"potionbrewer:Prototype","floor":14.0},{"not_picked":["potionbrewer:IronFlesh","potionbrewer:BeatDown","potionbrewer:Prototype"],"picked":"potionbrewer:BottomlessFlask","floor":16.0},{"not_picked":["potionbrewer:FortifiedSerum","potionbrewer:Shovel+1"],"picked":"potionbrewer:MicrobeSpray","floor":18.0},{"not_picked":["potionbrewer:Contingency","potionbrewer:BeatDown","potionbrewer:BalancedFormula"],"picked":"potionbrewer:Prototype","floor":20.0},{"not_picked":["potionbrewer:BlindingSpray","potionbrewer:Toxicity","potionbrewer:VolatileSolution"],"picked":"potionbrewer:Prototype","floor":21.0}],"player_experience":531954,"relics_obtained":[{"floor":8.0,"key":"DemoMod:NanoMachines"},{"floor":17.0,"key":"Gremlin Food"},{"floor":17.0,"key":"hubris:CrystalStatue"},{"floor":17.0,"key":"Thread and Needle"}],"event_choices":[{"damage_healed":0.0,"max_hp_gain":0.0,"max_hp_loss":0.0,"gold_gain":0.0,"event_name":"betterNote:BetterNote","player_choice":"Ignored","floor":2.0,"gold_loss":0.0,"damage_taken":0.0,"cards_obtained":["hermit:Headshot"]},{"damage_healed":25.0,"max_hp_gain":0.0,"max_hp_loss":0.0,"gold_gain":0.0,"event_name":"Big Fish","player_choice":"Banana","floor":11.0,"gold_loss":0.0,"damage_taken":0.0},{"damage_healed":0.0,"max_hp_gain":0.0,"max_hp_loss":0.0,"gold_gain":0.0,"event_name":"Golden Idol","player_choice":"Take Wound","floor":12.0,"gold_loss":0.0,"damage_taken":0.0,"relics_obtained":["Golden Idol"],"cards_obtained":["Injury"]},{"damage_healed":0.0,"max_hp_gain":75.0,"max_hp_loss":55.0,"gold_gain":0.0,"event_name":"betterAltar:BetterAltar","player_choice":" GoldIdol Vial ","floor":19.0,"potions_obtained":[],"relics_lost":["Golden Idol"],"gold_loss":0.0,"damage_taken":21.0,"relics_obtained":["Bloody Idol","Blood Vial"]}],"is_beta":false,"boss_relics":[{"not_picked":["Abe\u0027s Treasure","Tiny House"],"picked":"Calling Bell"}],"items_purged_floors":[],"is_endless":false,"potions_floor_spawned":[5,7,14],"killed_by":"Snake Plant","ascension_level":0}}