{"host":"sc0o2qwpf9j16a4i","time":1613750232,"event":{"mods":["AchievementEnabler","BaseMod","BetterRewards","Block Reminder","Colored Map","Colored Powertips","Custom Start","Highlight Path","Minty Spire (QoL Compilation)","Relic Stats"],"gold_per_floor":[112,131,150,166,166,166,199,210,210,227,260,270,281,315,315,414,414,426,72,72,17,17,46,46,72,95,108,155,190,218,241,253,362,374,399,411,439,462,507,519,566,578,590,628,679,16,29,46,46,46],"floor_reached":51,"language":"ENG","playtime":2064,"items_purged":[],"score":1294,"play_id":"a98c5159-63bb-4429-8797-cf4456792ee1","local_time":"20210219175712","daily_mods":["SealedDeck","Vintage","DeadlyEvents"],"is_ascension_mode":false,"campfire_choices":[{"data":"Armaments","floor":6.0,"key":"SMITH"},{"data":"Whirlwind","floor":15,"key":"SMITH"},{"data":"Ghostly","floor":24,"key":"SMITH"},{"data":"Feel No Pain","floor":32,"key":"SMITH"},{"data":"Panacea","floor":40,"key":"SMITH"},{"data":"Burning Pact","floor":42,"key":"SMITH"},{"data":"Seeing Red","floor":49,"key":"SMITH"}],"circlet_count":0,"master_deck":["Clothesline","Burning Pact+1","Flex","Dual Wield+1","Burning Pact","Thunderclap","Whirlwind+1","Armaments+1","Seeing Red+1","Feel No Pain+1","Headbutt","Feel No Pain+1","Impervious","Ghostly+1","Ghostly","Ghostly","Ghostly","Ghostly+1","Flame Barrier","Flame Barrier+1","True Grit+1","Exhume","CurseOfTheBell","Jack Of All Trades","Panacea+1","Shockwave+1","Dark Embrace+1","Entrench","Evolve+1","Sentinel","Shrug It Off","Shrug It Off"],"relics":["Burning Blood","Incense Burner","Bottled Flame","Shuriken","Dream Catcher","Frozen Egg 2","Happy Flower","Lantern","White Beast Statue","Potion Belt","Oddly Smooth Stone","The Courier","Singing Bowl","Tiny Chest","Velvet Choker","Centennial Puzzle","Ginger","Vajra","Matryoshka","Smiling Mask","Red Skull","Boot","MawBank","Pen Nib","Akabeko","MealTicket","HornCleat","Strawberry","Calling Bell","War Paint","Gremlin Horn","FossilizedHelix","Regal Pillow","Bag of Marbles","CeramicFish","Mercury Hourglass","Self Forming Clay","Molten Egg 2","Nunchaku","Meat on the Bone","Lee\u0027s Waffle","Ancient Tea Set","Art of War","Orichalcum","Ornamental Fan","Bag of Preparation"],"acts_visited":["Exordium","TheCity","TheBeyond"],"potions_floor_usage":[11,14,14,16,16,16,16,25,25,30,31,33,33,38,39,39,39,41,41,41,41,47,48,50,50],"damage_taken":[{"damage":0.0,"enemies":"2 Louse","floor":1.0,"turns":1.0},{"damage":2.0,"enemies":"Jaw Worm","floor":2.0,"turns":3.0},{"damage":0.0,"enemies":"Small Slimes","floor":3.0,"turns":2.0},{"damage":5.0,"enemies":"Blue Slaver","floor":4.0,"turns":4.0},{"damage":14.0,"enemies":"Gremlin Nob","floor":7.0,"turns":4.0},{"damage":6.0,"enemies":"Large Slime","floor":8.0,"turns":3.0},{"damage":9.0,"enemies":"2 Fungi Beasts","floor":10.0,"turns":2.0},{"damage":0,"enemies":"Lagavulin","floor":11,"turns":7},{"damage":12,"enemies":"Blue Slaver","floor":12,"turns":3},{"damage":0,"enemies":"3 Louse","floor":13,"turns":1},{"damage":0,"enemies":"Gremlin Nob","floor":14,"turns":2},{"damage":0,"enemies":"Slime Boss","floor":16,"turns":7},{"damage":1,"enemies":"Shell Parasite","floor":18,"turns":4},{"damage":0,"enemies":"Gremlin Leader","floor":23,"turns":6},{"damage":2,"enemies":"Book of Stabbing","floor":25,"turns":5},{"damage":0,"enemies":"3 Byrds","floor":27,"turns":4},{"damage":0,"enemies":"Gremlin Leader","floor":28,"turns":6},{"damage":0,"enemies":"Snake Plant","floor":30,"turns":4},{"damage":0,"enemies":"Sentry and Sphere","floor":31,"turns":1},{"damage":0,"enemies":"Automaton","floor":33,"turns":10},{"damage":0,"enemies":"3 Shapes","floor":35,"turns":1},{"damage":0,"enemies":"3 Darklings","floor":37,"turns":1},{"damage":0,"enemies":"Spire Growth","floor":38,"turns":6},{"damage":0,"enemies":"Giant Head","floor":39,"turns":6},{"damage":0,"enemies":"Reptomancer","floor":41,"turns":7},{"damage":0,"enemies":"Nemesis","floor":45,"turns":1},{"damage":0,"enemies":"Maw","floor":47,"turns":9},{"damage":0,"enemies":"3 Darklings","floor":48,"turns":1},{"damage":0,"enemies":"Donu and Deca","floor":50,"turns":6}],"seed_played":"4575087985250872912","potions_obtained":[{"floor":1.0,"key":"Explosive Potion"},{"floor":8.0,"key":"SteroidPotion"},{"floor":10.0,"key":"SmokeBomb"},{"floor":11,"key":"EntropicBrew"},{"floor":12,"key":"EssenceOfSteel"},{"floor":13,"key":"ColorlessPotion"},{"floor":14,"key":"Fruit Juice"},{"floor":16,"key":"BloodPotion"},{"floor":18,"key":"Swift Potion"},{"floor":22,"key":"Dexterity Potion"},{"floor":25,"key":"ElixirPotion"},{"floor":27,"key":"AttackPotion"},{"floor":30,"key":"SpeedPotion"},{"floor":31,"key":"CultistPotion"},{"floor":33,"key":"CultistPotion"},{"floor":35,"key":"ColorlessPotion"},{"floor":37,"key":"EntropicBrew"},{"floor":38,"key":"Ancient Potion"},{"floor":39,"key":"Swift Potion"},{"floor":41,"key":"SneckoOil"},{"floor":45,"key":"Weak Potion"},{"floor":47,"key":"Explosive Potion"},{"floor":48,"key":"BlessingOfTheForge"}],"is_trial":true,"path_per_floor":["M","M","M","M","?","R","E","M","T","M","E","M","M","E","R","B",null,"M","$","?","$","?","E","R","E","T","M","E","T","M","M","R","B",null,"M","?","M","M","E","R","E","R","T","T","E","$","M","M","R","B",null],"character_chosen":"IRONCLAD","items_purchased":["Ginger","Vajra","Flame Barrier","Lee\u0027s Waffle","Entrench","Evolve+1","Sentinel","Ancient Tea Set","Art of War","Orichalcum","Shrug It Off","Shrug It Off"],"campfire_rested":0,"item_purchase_floors":[19,19,21,46,46,46,46,46,46,46,46,46],"current_hp_per_floor":[80,80,80,80,73,73,65,65,65,62,68,62,68,81,81,87,87,87,87,43,43,43,45,45,45,45,45,45,45,45,52,52,52,52,52,44,50,54,56,56,56,56,56,56,56,63,63,63,63,63],"gold":46,"neow_bonus":"","is_daily":false,"chose_seed":false,"campfire_upgraded":7,"win_rate":0.0,"timestamp":1613750232,"path_taken":["M","M","M","M","?","R","E","M","T","?","E","?","M","E","R","BOSS","M","$","?","$","?","E","R","E","T","M","?","?","M","M","R","BOSS","M","?","?","M","?","R","E","R","T","?","E","$","M","M","R","BOSS"],"items_purchased_type":["Relic","Relic","Card","Relic","Card","Card","Card","Relic","Relic","Relic","Card","Card"],"build_version":"2020-12-22","purchased_purges":0,"victory":true,"max_hp_per_floor":[80,80,80,80,80,80,80,80,80,80,80,80,80,87,87,87,87,87,87,43,43,43,45,45,45,45,45,45,45,45,52,52,52,52,52,54,54,54,56,56,56,56,56,56,56,63,63,63,63,63],"relic_stats":{"Regal Pillow":0,"Singing Bowl":8,"Gremlin Horn":[5,5],"CeramicFish":63,"Bag of Preparation":[2],"Ginger":[8],"Smiling Mask":0,"Boot":[18],"Burning Blood":68,"Dream Catcher":0,"Centennial Puzzle":[3],"Nunchaku":[1],"Tiny Chest":2,"MealTicket":0,"Lee\u0027s Waffle":7,"Happy Flower":[34],"counters":[29,117],"Self Forming Clay":[0],"Pen Nib":[5],"War Paint":["Ghostly","Dual Wield"],"Orichalcum":[18],"MawBank":228,"Mercury Hourglass":[111],"Shuriken":[2],"Ornamental Fan":[0],"Art of War":[6],"obtain_stats":[{"Lantern":8,"Regal Pillow":35,"Singing Bowl":13,"Gremlin Horn":34,"CeramicFish":38,"Vajra":19,"Incense Burner":1,"Bag of Preparation":48,"Ginger":19,"Smiling Mask":25,"Boot":26,"Ancient Tea Set":46,"Burning Blood":0,"Dream Catcher":4,"Centennial Puzzle":18,"Nunchaku":44,"Matryoshka":23,"HornCleat":30,"Strawberry":31,"Tiny Chest":14,"MealTicket":29,"Red Skull":26,"Potion Belt":10,"Lee\u0027s Waffle":46,"Happy Flower":7,"Self Forming Clay":41,"Oddly Smooth Stone":11,"Velvet Choker":17,"The Courier":12,"Pen Nib":28,"Frozen Egg 2":5,"War Paint":34,"Orichalcum":46,"MawBank":27,"White Beast Statue":9,"Akabeko":29,"Mercury Hourglass":39,"Calling Bell":34,"Bottled Flame":2,"Shuriken":3,"Ornamental Fan":47,"Molten Egg 2":43,"Bag of Marbles":37,"Art of War":46,"FossilizedHelix":34,"Meat on the Bone":45},{"Lantern":6,"Regal Pillow":21,"Singing Bowl":10,"Gremlin Horn":20,"CeramicFish":23,"Vajra":13,"Incense Burner":1,"Bag of Preparation":28,"Ginger":13,"Smiling Mask":15,"Boot":15,"Ancient Tea Set":26,"Burning Blood":0,"Dream Catcher":4,"Centennial Puzzle":13,"Nunchaku":25,"Matryoshka":14,"HornCleat":18,"Strawberry":19,"Tiny Chest":11,"MealTicket":17,"Red Skull":15,"Potion Belt":7,"Lee\u0027s Waffle":26,"Happy Flower":5,"Self Forming Clay":25,"Oddly Smooth Stone":8,"Velvet Choker":12,"The Courier":9,"Pen Nib":17,"Frozen Egg 2":4,"War Paint":20,"Orichalcum":26,"MawBank":16,"White Beast Statue":6,"Akabeko":17,"Mercury Hourglass":24,"Calling Bell":20,"Bottled Flame":2,"Shuriken":3,"Ornamental Fan":27,"Molten Egg 2":25,"Bag of Marbles":22,"Art of War":26,"FossilizedHelix":20,"Meat on the Bone":26},{"Lantern":17,"Regal Pillow":80,"Singing Bowl":30,"Gremlin Horn":79,"CeramicFish":87,"Vajra":43,"Incense Burner":1,"Bag of Preparation":111,"Ginger":43,"Smiling Mask":54,"Boot":54,"Ancient Tea Set":101,"Burning Blood":0,"Dream Catcher":10,"Centennial Puzzle":43,"Nunchaku":100,"Matryoshka":49,"HornCleat":68,"Strawberry":69,"Tiny Chest":32,"MealTicket":64,"Red Skull":54,"Potion Belt":19,"Lee\u0027s Waffle":101,"Happy Flower":14,"Self Forming Clay":100,"Oddly Smooth Stone":26,"Velvet Choker":39,"The Courier":29,"Pen Nib":64,"Frozen Egg 2":10,"War Paint":79,"Orichalcum":101,"MawBank":58,"White Beast Statue":17,"Akabeko":64,"Mercury Hourglass":93,"Calling Bell":79,"Bottled Flame":4,"Shuriken":6,"Ornamental Fan":110,"Molten Egg 2":100,"Bag of Marbles":81,"Art of War":101,"FossilizedHelix":79,"Meat on the Bone":101}],"Meat on the Bone":0},"card_choices":[{"not_picked":["Shrug It Off","Clash"],"picked":"Headbutt","floor":7.0},{"not_picked":["Burning Pact","Dropkick"],"picked":"Feel No Pain+1","floor":11},{"not_picked":["Reckless Charge","Sword Boomerang","Shrug It Off"],"picked":"Singing Bowl","floor":14},{"not_picked":["Bludgeon","Fiend Fire"],"picked":"Impervious","floor":16},{"not_picked":["Feel No Pain+1","Iron Wave","Intimidate"],"picked":"Singing Bowl","floor":23},{"not_picked":["Battle Trance","Entrench"],"picked":"Flame Barrier+1","floor":25},{"not_picked":["Rage","Power Through"],"picked":"True Grit+1","floor":28},{"not_picked":["Reaper","Juggernaut+1"],"picked":"Exhume","floor":33},{"not_picked":["Impatience","Blind"],"picked":"Jack Of All Trades","floor":36},{"not_picked":["Mind Blast","PanicButton"],"picked":"Panacea","floor":36},{"not_picked":["Deep Breath","Swift Strike","Enlightenment"],"picked":"Singing Bowl","floor":36},{"not_picked":["Hemokinesis","Clothesline","Searing Blow+1"],"picked":"Singing Bowl","floor":39},{"not_picked":["Havoc","Anger+1"],"picked":"Shockwave+1","floor":41},{"not_picked":["Thunderclap+1","Warcry+1"],"picked":"Dark Embrace+1","floor":45}],"player_experience":1480741,"relics_obtained":[{"floor":1.0,"key":"Incense Burner"},{"floor":2.0,"key":"Bottled Flame"},{"floor":3.0,"key":"Shuriken"},{"floor":4.0,"key":"Dream Catcher"},{"floor":7.0,"key":"Happy Flower"},{"floor":8.0,"key":"Lantern"},{"floor":9.0,"key":"White Beast Statue"},{"floor":10.0,"key":"Potion Belt"},{"floor":11,"key":"Oddly Smooth Stone"},{"floor":12,"key":"The Courier"},{"floor":13,"key":"Singing Bowl"},{"floor":14,"key":"Tiny Chest"},{"floor":18,"key":"Centennial Puzzle"},{"floor":23,"key":"Matryoshka"},{"floor":25,"key":"Smiling Mask"},{"floor":26,"key":"Red Skull"},{"floor":26,"key":"Boot"},{"floor":27,"key":"MawBank"},{"floor":28,"key":"Pen Nib"},{"floor":29,"key":"Akabeko"},{"floor":29,"key":"MealTicket"},{"floor":30,"key":"HornCleat"},{"floor":31,"key":"Strawberry"},{"floor":34,"key":"War Paint"},{"floor":34,"key":"Gremlin Horn"},{"floor":34,"key":"FossilizedHelix"},{"floor":35,"key":"Regal Pillow"},{"floor":37,"key":"Bag of Marbles"},{"floor":38,"key":"CeramicFish"},{"floor":39,"key":"Mercury Hourglass"},{"floor":41,"key":"Self Forming Clay"},{"floor":43,"key":"Molten Egg 2"},{"floor":44,"key":"Nunchaku"},{"floor":45,"key":"Meat on the Bone"},{"floor":47,"key":"Ornamental Fan"},{"floor":48,"key":"Bag of Preparation"}],"event_choices":[{"damage_healed":0.0,"max_hp_gain":0.0,"max_hp_loss":0.0,"gold_gain":0.0,"event_name":"Scrap Ooze","player_choice":"Success","floor":5.0,"gold_loss":0.0,"damage_taken":7.0,"relics_obtained":["Frozen Egg 2"]},{"damage_healed":0,"gold_gain":0,"player_choice":"Became a Ghost","damage_taken":0,"max_hp_gain":0,"max_hp_loss":44,"event_name":"Ghosts","floor":20,"gold_loss":0,"cards_obtained":["Ghostly","Ghostly","Ghostly","Ghostly","Ghostly"]},{"damage_healed":0,"gold_gain":0,"player_choice":"Got Potions","damage_taken":0,"max_hp_gain":0,"max_hp_loss":0,"event_name":"Lab","floor":22,"gold_loss":0},{"damage_healed":0,"gold_gain":0,"player_choice":"Memory 3","damage_taken":10,"max_hp_gain":0,"max_hp_loss":0,"event_name":"SensoryStone","floor":36,"gold_loss":0}],"is_beta":false,"boss_relics":[{"not_picked":["SlaversCollar","Black Star"],"picked":"Velvet Choker"},{"not_picked":["Coffee Dripper","Runic Dome"],"picked":"Calling Bell"}],"items_purged_floors":[],"is_endless":false,"potions_floor_spawned":[1,8,10,11,12,13,14,16,18,23,25,27,28,30,31,33,35,37,38,39,41,45,47,48],"ascension_level":0}}