{"host":"w8xisjf5mgmfjvmt","time":1613724228,"event":{"mods":["BaseMod","BetterRewards","Challenge The Spire","Conspire","Energized Spire","Filter the Spire","Minty Spire (QoL Compilation)","Quarter Circle Forward PUNCH!","Quick Restart","Relic Filter Mod","Relic Stats","Reliquary","Replay The Spire","Say the Spire","Shop Mod","Spicy Shops","StSLib","¡¾ÒÅÎï¿¨ÅÆ¡¿REMEMod","óô»ðÖ¸ÄÏ"],"gold_per_floor":[113,123,133,133,151,185,185,185,211,211,243,256,268,288,288,288,288],"floor_reached":16,"language":"ZHS","playtime":787,"items_purged":[],"score":228,"play_id":"d5713b89-2f03-4daf-a164-f83aa9ed95e7","local_time":"20210219164348","is_ascension_mode":true,"campfire_choices":[{"floor":10.0,"key":"REST"}],"circlet_count":0,"master_deck":["AscendersBane","Strike_G","Strike_G","Strike_G","Strike_G","Defend_G","Defend_G","Defend_G","Defend_G","Defend_G","Survivor","Neutralize","A Thousand Cuts","Skewer+1","Noxious Fumes+1","Leg Sweep","Footwork","Distraction","Acrobatics+1","Cloak And Dagger","Footwork"],"relics":["REME_ComplimentaryCards","Black Star","ReplayTheSpireMod:Ring of Collecting","qcfpunch:Broken_Tusk","reliquary:Boomerang","reliquary:Buckler","Akabeko","Ornamental Fan","Happy Flower"],"acts_visited":["Exordium"],"potions_floor_usage":[16],"damage_taken":[{"damage":8.0,"enemies":"Small Slimes","floor":1.0,"turns":5.0},{"damage":8.0,"enemies":"Jaw Worm","floor":2.0,"turns":5.0},{"damage":0.0,"enemies":"Cultist","floor":3.0,"turns":4.0},{"damage":1.0,"enemies":"Lots of Slimes","floor":5.0,"turns":5.0},{"damage":27.0,"enemies":"Lagavulin","floor":6.0,"turns":9.0},{"damage":8.0,"enemies":"3 Sentries","floor":11.0,"turns":6.0},{"damage":8.0,"enemies":"Gremlin Gang","floor":12.0,"turns":6.0},{"damage":4.0,"enemies":"Exordium Wildlife","floor":13.0,"turns":5.0},{"damage":0.0,"enemies":"3 Louse","floor":14.0,"turns":3.0},{"damage":0,"enemies":"The Guardian","floor":16,"turns":2}],"seed_played":"6192421823174142090","potions_obtained":[{"floor":3.0,"key":"Fire Potion"},{"floor":5.0,"key":"Elixir"},{"floor":6.0,"key":"LifebloodPotion"},{"floor":13.0,"key":"Fire Potion"}],"is_trial":false,"path_per_floor":["M","M","M","?","M","E","?","?","T","R","E","M","M","M","R","B"],"character_chosen":"THE_SILENT","items_purchased":[],"campfire_rested":1,"item_purchase_floors":[],"current_hp_per_floor":[51,43,43,43,42,15,4,4,4,23,15,7,3,3,22,22,22],"gold":288,"neow_bonus":"BOSS_RELIC","is_daily":false,"chose_seed":false,"campfire_upgraded":0,"win_rate":0.0,"timestamp":1613724228,"path_taken":["M","M","M","?","M","E","?","?","T","R","E","?","?","M","R","BOSS"],"items_purchased_type":[],"build_version":"2020-12-22","purchased_purges":0,"victory":false,"max_hp_per_floor":[66,66,66,66,66,66,66,66,66,66,66,66,66,66,66,66,66],"relic_stats":{"Happy Flower":[5],"counters":[10,50],"Ornamental Fan":[0],"Black Star":2,"obtain_stats":[{"reliquary:Boomerang":6,"qcfpunch:Broken_Tusk":6,"Happy Flower":11,"Ornamental Fan":11,"ReplayTheSpireMod:Ring of Collecting":4,"reliquary:Buckler":7,"Black Star":0,"Akabeko":9,"Ring of the Snake":0,"REME_ComplimentaryCards":0},{"reliquary:Boomerang":5,"qcfpunch:Broken_Tusk":5,"Happy Flower":6,"Ornamental Fan":6,"ReplayTheSpireMod:Ring of Collecting":3,"reliquary:Buckler":5,"Black Star":0,"Akabeko":5,"Ring of the Snake":0,"REME_ComplimentaryCards":0},{"reliquary:Boomerang":28,"qcfpunch:Broken_Tusk":28,"Happy Flower":34,"Ornamental Fan":34,"ReplayTheSpireMod:Ring of Collecting":14,"reliquary:Buckler":28,"Black Star":0,"Akabeko":28,"Ring of the Snake":0,"REME_ComplimentaryCards":0}]},"card_choices":[{"not_picked":["PiercingWail","Underhanded Strike"],"picked":"Skewer","floor":1.0},{"not_picked":["Flechettes","Slice"],"picked":"Noxious Fumes","floor":2.0},{"not_picked":["Slice","Acrobatics"],"picked":"Leg Sweep","floor":3.0},{"not_picked":["Backflip","Bane"],"picked":"Footwork","floor":5.0},{"not_picked":["Flechettes","Prepared"],"picked":"Distraction","floor":6.0},{"not_picked":["Catalyst","ReplayTheSpireMod:Shiv Toss"],"picked":"Acrobatics","floor":11.0},{"not_picked":["Dagger Spray","Flying Knee","Acrobatics"],"picked":"SKIP","floor":12.0},{"not_picked":["Dagger Throw","PiercingWail"],"picked":"Cloak And Dagger","floor":13.0},{"not_picked":["Phantasmal Killer","Dodge and Roll"],"picked":"Footwork","floor":14.0}],"player_experience":1374828,"relics_obtained":[{"floor":4.0,"key":"ReplayTheSpireMod:Ring of Collecting"},{"floor":6.0,"key":"qcfpunch:Broken_Tusk"},{"floor":6.0,"key":"reliquary:Boomerang"},{"floor":9.0,"key":"Akabeko"},{"floor":11.0,"key":"Ornamental Fan"},{"floor":11.0,"key":"Happy Flower"}],"event_choices":[{"damage_healed":0.0,"max_hp_gain":0.0,"max_hp_loss":0.0,"gold_gain":0.0,"event_name":"Scrap Ooze","player_choice":"Success","floor":7.0,"gold_loss":0.0,"damage_taken":11.0,"relics_obtained":["reliquary:Buckler"]},{"cards_removed":["Strike_G"],"damage_healed":0.0,"max_hp_gain":0.0,"max_hp_loss":0.0,"gold_gain":0.0,"event_name":"Bonfire Elementals","player_choice":"Offered Basic","floor":8.0,"gold_loss":0.0,"damage_taken":0.0}],"is_beta":false,"boss_relics":[],"items_purged_floors":[],"is_endless":false,"potions_floor_spawned":[3,5,6,13],"killed_by":"The Guardian","ascension_level":20}}