{"host":"fbdlh90rovbiajun","time":1613721590,"event":{"mods":["AchievementEnabler","BaseMod","Colored Map","Keyboard Shortcuts","Minty Spire (QoL Compilation)","SuperFastMode"],"gold_per_floor":[117,117,67,41,41,41,70,82,108,108,128,148,148,180,180,180,180],"floor_reached":16,"language":"KOR","playtime":605,"items_purged":[],"score":113,"play_id":"5ac8678c-5f1c-4418-abad-41b405e73e76","local_time":"20210219165950","is_ascension_mode":true,"campfire_choices":[{"data":"FlurryOfBlows","floor":6,"key":"SMITH"},{"data":"MentalFortress","floor":10,"key":"SMITH"},{"floor":13,"key":"REST"},{"data":"Vigilance","floor":15,"key":"SMITH"}],"circlet_count":0,"master_deck":["Strike_P","Strike_P","Strike_P","Defend_P","Defend_P","Defend_P","Eruption+1","Vigilance+1","FlurryOfBlows+1","FearNoEvil","MentalFortress+1"],"relics":["PureWater","Thread and Needle","PreservedInsect","Damaru"],"acts_visited":["Exordium"],"potions_floor_usage":[7],"damage_taken":[{"damage":0,"enemies":"2 Louse","floor":1,"turns":2},{"damage":47,"enemies":"Lagavulin","floor":7,"turns":8},{"damage":0,"enemies":"Small Slimes","floor":8,"turns":2},{"damage":0,"enemies":"Jaw Worm","floor":11,"turns":2},{"damage":8,"enemies":"Gremlin Gang","floor":12,"turns":4},{"damage":16,"enemies":"3 Sentries","floor":14,"turns":3},{"damage":24,"enemies":"Hexaghost","floor":16,"turns":9}],"seed_played":"8142582611192441576","potions_obtained":[{"floor":1,"key":"Fruit Juice"},{"floor":11,"key":"Ancient Potion"}],"is_trial":false,"path_per_floor":["M","?","?","$","?","R","E","M","T","R","M","M","R","E","R","B"],"character_chosen":"WATCHER","items_purchased":["FlurryOfBlows"],"campfire_rested":1,"item_purchase_floors":[4],"current_hp_per_floor":[72,65,65,65,65,65,23,23,23,23,23,15,38,22,22,0,0],"gold":180,"neow_bonus":"UPGRADE_CARD","is_daily":false,"chose_seed":false,"campfire_upgraded":3,"win_rate":0.0,"timestamp":1613721590,"path_taken":["M","?","?","$","?","R","E","M","T","R","M","M","R","E","R","BOSS"],"items_purchased_type":["Card"],"build_version":"2020-12-22","purchased_purges":0,"victory":false,"max_hp_per_floor":[72,72,72,72,72,72,77,77,77,77,77,77,77,77,77,77,77],"card_choices":[{"not_picked":["Wireheading","Protect","EmptyMind"],"picked":"SKIP","floor":1},{"not_picked":["ThirdEye","Evaluate"],"picked":"FearNoEvil","floor":7},{"not_picked":["Meditate","SashWhip"],"picked":"MentalFortress","floor":8},{"not_picked":["Wireheading","PathToVictory","Collect"],"picked":"SKIP","floor":11},{"not_picked":["Omniscience","SandsOfTime","WreathOfFlame"],"picked":"SKIP","floor":12},{"not_picked":["BowlingBash","FlyingSleeves","BattleHymn"],"picked":"SKIP","floor":14}],"player_experience":92901,"relics_obtained":[{"floor":7,"key":"Thread and Needle"},{"floor":9,"key":"PreservedInsect"},{"floor":14,"key":"Damaru"}],"event_choices":[{"cards_removed":["Defend_P"],"damage_healed":0,"gold_gain":0,"player_choice":"Card Removal","damage_taken":7,"max_hp_gain":0,"max_hp_loss":0,"event_name":"Golden Wing","floor":2,"gold_loss":0},{"cards_removed":["Strike_P"],"damage_healed":0,"gold_gain":0,"player_choice":"Card Removal","damage_taken":0,"max_hp_gain":0,"max_hp_loss":0,"event_name":"The Cleric","floor":3,"gold_loss":50},{"damage_healed":0,"gold_gain":0,"player_choice":"Ignored","damage_taken":0,"max_hp_gain":0,"max_hp_loss":0,"event_name":"Liars Game","floor":5,"gold_loss":0}],"is_beta":false,"boss_relics":[],"items_purged_floors":[],"is_endless":false,"potions_floor_spawned":[1,11],"killed_by":"Hexaghost","ascension_level":1}}