{"host":"08xvxt5w1s7zc7e5","time":1613738996,"event":{"mods":["AchievementEnabler","BaseMod","DeckTracker","Lobotomy","Minty Spire (QoL Compilation)","StSLib"],"gold_per_floor":[112,128,139,158,237,133,151,161,216,246,261,279,305,321,321,321,321],"floor_reached":16,"language":"KOR","playtime":614,"items_purged":[],"score":143,"play_id":"e33d5591-410f-49c6-a415-00e1ec04beac","local_time":"20210219214956","is_ascension_mode":false,"campfire_choices":[{"data":"Corruption","floor":15,"key":"SMITH"}],"circlet_count":0,"master_deck":["Strike_R","Strike_R","Strike_R","Strike_R","Strike_R","Defend_R","Defend_R","Defend_R","Defend_R","Bash","Scorched","Twin Strike","SpiderBud","Rupture","CherryBlossoms","Ghostly Armor","Mercenary","LittleHelper","Limit Break+1","Variant","OldLady","Shrug It Off+1","GreedKing","Burning Pact+1","WallGazer","Body Slam","UniverseFragment","Corruption+1","Wellcheers"],"relics":["Burning Blood","CogitoBucket","Toxic Egg 2","BackwardClock","Red Skull","Vajra","Strawberry","AspirationHeart"],"acts_visited":["Exordium"],"potions_floor_usage":[7,13,14,16,16],"damage_taken":[{"damage":6,"enemies":"Cultist","floor":1,"turns":3},{"damage":8,"enemies":"Jaw Worm","floor":2,"turns":3},{"damage":0,"enemies":"Small Slimes","floor":3,"turns":3},{"damage":5,"enemies":"Looter","floor":4,"turns":3},{"damage":0,"enemies":"3 Louse","floor":7,"turns":1},{"damage":0,"enemies":"Blue Slaver","floor":8,"turns":1},{"damage":16,"enemies":"3 Sentries","floor":10,"turns":6},{"damage":14,"enemies":"Looter","floor":11,"turns":3},{"damage":5,"enemies":"2 Fungi Beasts","floor":12,"turns":3},{"damage":41,"enemies":"Lagavulin","floor":13,"turns":8},{"damage":26,"enemies":"Lots of Slimes","floor":14,"turns":5},{"damage":43,"enemies":"Hexaghost","floor":16,"turns":4}],"seed_played":"-8082448192529889142","potions_obtained":[{"floor":2,"key":"EssenceOfSteel"},{"floor":4,"key":"SkillPotion"},{"floor":7,"key":"Strength Potion"},{"floor":8,"key":"LiquidBronze"},{"floor":14,"key":"ColorlessPotion"}],"is_trial":false,"path_per_floor":["M","M","M","M","T","$","M","M","T","E","M","M","E","M","R","B"],"character_chosen":"IRONCLAD","items_purchased":["Fruit Juice"],"campfire_rested":0,"item_purchase_floors":[6],"current_hp_per_floor":[80,78,80,80,80,80,85,85,85,75,67,68,40,30,30,0,0],"gold":321,"neow_bonus":"","is_daily":false,"chose_seed":false,"campfire_upgraded":1,"win_rate":0.0,"timestamp":1613738996,"path_taken":["M","M","M","M","?","$","M","M","T","E","M","M","E","M","R","BOSS"],"items_purchased_type":["Potion"],"build_version":"2020-12-22","purchased_purges":0,"victory":false,"max_hp_per_floor":[80,80,80,80,80,80,85,85,85,85,85,85,92,102,102,102,102],"card_choices":[{"not_picked":["MHz","OSAHOGD"],"picked":"Scorched","floor":1},{"not_picked":["Iron Wave","Warcry"],"picked":"Twin Strike","floor":1},{"not_picked":["WallGazer","MHz"],"picked":"SpiderBud","floor":2},{"not_picked":["Headbutt","Anger"],"picked":"Rupture","floor":2},{"not_picked":["CrumblingArmor","UniverseFragment"],"picked":"CherryBlossoms","floor":3},{"not_picked":["Dropkick","Clash"],"picked":"Ghostly Armor","floor":3},{"not_picked":["Murderer","MeatLantern"],"picked":"Mercenary","floor":4},{"not_picked":["Cleave","Twin Strike","Armaments"],"picked":"SKIP","floor":4},{"not_picked":["WallGazer","WhitesApple"],"picked":"LittleHelper","floor":7},{"not_picked":["Rupture","Twin Strike"],"picked":"Limit Break+1","floor":7},{"not_picked":["PunishingBird","Murderer"],"picked":"Variant","floor":8},{"not_picked":["Clothesline","Headbutt","Combust"],"picked":"SKIP","floor":8},{"not_picked":["UniverseFragment","Murderer"],"picked":"OldLady","floor":10},{"not_picked":["Cleave","Dropkick"],"picked":"Shrug It Off+1","floor":10},{"not_picked":["MeatLantern","SingingMachine"],"picked":"GreedKing","floor":11},{"not_picked":["Twin Strike","Metallicize"],"picked":"Burning Pact+1","floor":11},{"not_picked":["GalaxyChild","WhitesApple","VoidDream"],"picked":"Singing Bowl","floor":12},{"not_picked":["ShyLook","MeatLantern"],"picked":"WallGazer","floor":12},{"not_picked":["Thunderclap","Hemokinesis","Body Slam"],"picked":"SKIP","floor":12},{"not_picked":["Thunderclap","Hemokinesis"],"picked":"Body Slam","floor":12},{"not_picked":["HappyTeddy","GalaxyChild"],"picked":"UniverseFragment","floor":13},{"not_picked":["Disarm+1","Shockwave+1"],"picked":"Corruption","floor":13},{"not_picked":["DreamingCurrent","BigBird"],"picked":"Wellcheers","floor":14},{"not_picked":["Uppercut","Sever Soul","Thunderclap"],"picked":"SKIP","floor":14}],"player_experience":392404,"relics_obtained":[{"floor":5,"key":"Toxic Egg 2"},{"floor":9,"key":"Red Skull"},{"floor":10,"key":"Vajra"},{"floor":13,"key":"Strawberry"}],"event_choices":[],"is_beta":false,"boss_relics":[],"items_purged_floors":[],"is_endless":false,"potions_floor_spawned":[2,4,7,8,12,14],"killed_by":"Hexaghost","ascension_level":0}}