{"host":"g2yp6paluzgljz05","time":1613715617,"event":{"mods":["BaseMod","Bestiary","Colored Powertips","DeckTracker","Highlight Path","Minty Spire (QoL Compilation)","Quick Restart"],"gold_per_floor":[112,112,112,137,152,190,265,281,281,281,276,47,85,99,99,99,99],"floor_reached":16,"language":"ENG","playtime":630,"items_purged":["Strike_R"],"score":179,"play_id":"629e1b07-bf24-41ac-8b7a-b54279e82313","local_time":"20210219172017","is_ascension_mode":true,"campfire_choices":[{"data":"Berserk","floor":15,"key":"SMITH"}],"circlet_count":0,"master_deck":["AscendersBane","Strike_R","Strike_R","Strike_R","Defend_R","Defend_R","Defend_R","Defend_R","Bash","Clothesline","Battle Trance","Rage","Whirlwind","True Grit","Immolate","Berserk+1"],"relics":["Burning Blood","NeowsBlessing","Golden Idol","Lizard Tail","Champion Belt","FaceOfCleric","Unceasing Top"],"acts_visited":["Exordium"],"potions_floor_usage":[13,13],"damage_taken":[{"damage":0.0,"enemies":"Small Slimes","floor":1.0,"turns":1.0},{"damage":0.0,"enemies":"2 Louse","floor":4.0,"turns":1.0},{"damage":0.0,"enemies":"Cultist","floor":5.0,"turns":1.0},{"damage":36.0,"enemies":"Gremlin Nob","floor":6.0,"turns":5.0},{"damage":7.0,"enemies":"2 Fungi Beasts","floor":8.0,"turns":4.0},{"damage":11.0,"enemies":"Exordium Thugs","floor":11.0,"turns":4.0},{"damage":37,"enemies":"Lagavulin","floor":13,"turns":7},{"damage":0,"enemies":"3 Louse","floor":14,"turns":2},{"damage":54,"enemies":"The Guardian","floor":16,"turns":10}],"seed_played":"574283492386164035","potions_obtained":[{"floor":5.0,"key":"Block Potion"},{"floor":11.0,"key":"Strength Potion"},{"floor":13,"key":"Block Potion"}],"is_trial":false,"path_per_floor":["M","?","?","M","M","E","?","M","T","?","M","$","E","M","R","B"],"character_chosen":"IRONCLAD","items_purchased":["Immolate"],"campfire_rested":0,"item_purchase_floors":[12],"current_hp_per_floor":[78,58,58,64,70,40,29,28,28,28,24,24,47,54,54,0,0],"gold":99,"neow_bonus":"THREE_ENEMY_KILL","is_daily":false,"chose_seed":false,"campfire_upgraded":1,"win_rate":0.0,"timestamp":1613715617,"path_taken":["M","?","?","M","?","E","?","M","T","?","M","$","E","M","R","BOSS"],"items_purchased_type":["Card"],"build_version":"2020-12-22","purchased_purges":1,"victory":false,"max_hp_per_floor":[80,80,80,80,80,80,80,80,80,80,81,81,82,83,83,83,83],"card_choices":[{"not_picked":["Seeing Red","Havoc"],"picked":"Clothesline","floor":1.0},{"not_picked":["Wild Strike","Sever Soul"],"picked":"Battle Trance","floor":4.0},{"not_picked":["Cleave","Shrug It Off"],"picked":"Rage","floor":5.0},{"not_picked":["Entrench","Intimidate"],"picked":"Whirlwind","floor":6.0},{"not_picked":["Rampage","Sword Boomerang","Heavy Blade"],"picked":"SKIP","floor":8.0},{"not_picked":["Fire Breathing","Headbutt"],"picked":"True Grit","floor":11.0},{"not_picked":["Warcry","Sentinel","Dropkick"],"picked":"SKIP","floor":13},{"not_picked":["Havoc","Rampage"],"picked":"Berserk","floor":14}],"player_experience":394289,"relics_obtained":[{"floor":6.0,"key":"Lizard Tail"},{"floor":9.0,"key":"Champion Belt"},{"floor":13,"key":"Unceasing Top"}],"event_choices":[{"damage_healed":0.0,"max_hp_gain":0.0,"max_hp_loss":0.0,"gold_gain":0.0,"event_name":"Golden Idol","player_choice":"Take Damage","floor":2.0,"gold_loss":0.0,"damage_taken":20.0,"relics_obtained":["Golden Idol"]},{"cards_removed":["Strike_R"],"damage_healed":0.0,"max_hp_gain":0.0,"max_hp_loss":0.0,"gold_gain":0.0,"event_name":"Bonfire Elementals","player_choice":"Offered Basic","floor":3.0,"gold_loss":0.0,"damage_taken":0.0},{"damage_healed":0.0,"max_hp_gain":0.0,"max_hp_loss":0.0,"gold_gain":75.0,"event_name":"World of Goop","player_choice":"Gather Gold","floor":7.0,"gold_loss":0.0,"damage_taken":11.0},{"damage_healed":0.0,"max_hp_gain":0.0,"max_hp_loss":0.0,"gold_gain":0.0,"event_name":"FaceTrader","player_choice":"Trade","floor":10.0,"gold_loss":0.0,"damage_taken":0.0,"relics_obtained":["FaceOfCleric"]}],"is_beta":false,"boss_relics":[],"items_purged_floors":[12],"is_endless":false,"potions_floor_spawned":[5,11,13],"killed_by":"The Guardian","ascension_level":12}}