{"host":"y0i0tbisecj7yjyn","time":1613715728,"event":{"mods":["2.2 Compatiblity","AchievementEnabler","AlwaysNeverKeys","BaseMod","Better Third Choice","BetterRewards","Colored Map","Colored Powertips","Curses Come First","Disable Question Mark Monsters","Displayed Cursed Tome","Highlight Path","Keyboard Shortcuts","Minty Spire (QoL Compilation)","Quick Restart","Random Character Button","Rare Cards Sparkle","Relic Stats","Reliquary","Smile Girya","StSLib","SuperFastMode","The Marked","Transform Curses","Weighted Paths"],"gold_per_floor":[119,119,136,153,164,164,164],"floor_reached":6,"language":"ENG","playtime":225,"items_purged":[],"score":46,"play_id":"624e441e-d0fc-48f5-9c0f-ddf2c01a043e","local_time":"20210219002208","is_ascension_mode":true,"campfire_choices":[],"circlet_count":0,"master_deck":["Strike_B","Strike_B","Strike_B","Strike_B","Defend_B","Defend_B","Defend_B","Defend_B","Zap","Dualcast","Defragment","Decay","Ball Lightning","Cold Snap"],"relics":["reliquary:Ember"],"acts_visited":["Exordium"],"potions_floor_usage":[],"damage_taken":[{"damage":10,"enemies":"Jaw Worm","floor":1,"turns":4},{"damage":12,"enemies":"Cultist","floor":3,"turns":4},{"damage":14,"enemies":"Small Slimes","floor":4,"turns":4},{"damage":11,"enemies":"Red Slaver","floor":5,"turns":3},{"damage":31,"enemies":"Gremlin Nob","floor":6,"turns":3}],"seed_played":"3715753177066896847","potions_obtained":[{"floor":1,"key":"BlessingOfTheForge"},{"floor":3,"key":"Energy Potion"}],"is_trial":false,"path_per_floor":["M","?","M","M","M","E"],"character_chosen":"DEFECT","items_purchased":[],"campfire_rested":0,"item_purchase_floors":[],"current_hp_per_floor":[65,65,53,39,28,0,0],"gold":164,"neow_bonus":"BOSS_RELIC","is_daily":false,"chose_seed":false,"campfire_upgraded":0,"win_rate":0.0,"timestamp":1613715728,"path_taken":["M","?","M","?","M","E"],"items_purchased_type":[],"build_version":"2020-12-22","purchased_purges":0,"victory":false,"max_hp_per_floor":[75,75,75,75,75,75,75],"relic_stats":{"counters":[18,65],"obtain_stats":[{"Centennial Puzzle":9,"Golden Idol":2,"reliquary:PartyBalloon":12,"Philosopher\u0027s Stone":17,"reliquary:TuningFork":6,"Red Mask":19,"Nloth\u0027s Gift":20,"reliquary:Ember":0,"Cracked Core":0,"Ancient Tea Set":24,"Mercury Hourglass":4},{"Centennial Puzzle":3,"Golden Idol":1,"reliquary:PartyBalloon":5,"Philosopher\u0027s Stone":6,"reliquary:TuningFork":2,"Red Mask":8,"Nloth\u0027s Gift":8,"reliquary:Ember":13,"Cracked Core":0,"Ancient Tea Set":12,"Mercury Hourglass":1},{"Centennial Puzzle":10,"Golden Idol":2,"reliquary:PartyBalloon":14,"Philosopher\u0027s Stone":21,"reliquary:TuningFork":8,"Red Mask":27,"Nloth\u0027s Gift":27,"reliquary:Ember":47,"Cracked Core":0,"Ancient Tea Set":44,"Mercury Hourglass":2}]},"card_choices":[{"not_picked":["Rebound","Chill"],"picked":"Defragment","floor":1},{"not_picked":["Cold Snap","Barrage"],"picked":"Ball Lightning","floor":3},{"not_picked":["Machine Learning","Darkness"],"picked":"Cold Snap","floor":4},{"not_picked":["Steam","Leap","Barrage"],"picked":"SKIP","floor":5}],"player_experience":482958,"relics_obtained":[],"event_choices":[{"damage_healed":0,"gold_gain":0,"player_choice":"1 cards matched","damage_taken":0,"max_hp_gain":0,"max_hp_loss":0,"event_name":"Match and Keep!","floor":2,"gold_loss":0,"cards_obtained":["Decay"]}],"is_beta":false,"boss_relics":[],"items_purged_floors":[],"is_endless":false,"potions_floor_spawned":[1,3],"killed_by":"Gremlin Nob","ascension_level":4}}