{"host":"df48i9djcn92c5sx","time":1613743897,"event":{"mods":["Act Like it!","Arknights","BaseMod","Decade(王小明)","Downfall","Gensokyo","Marisa（F雨　魔理沙）","Minty Spire (QoL Compilation)","READ ME - Guardian Mod","READ ME - Snecko Mod","Reimu（博丽灵梦）","Remilia（蕾米莉亚）","Shop Mod","StSLib","The Jungle","The Servant 0.9.4"],"gold_per_floor":[115,35,35,35,49,79,79,79,79,79,79,154,154,154,154,231,231,231],"floor_reached":17,"language":"ZHS","playtime":256,"items_purged":[],"score":322,"play_id":"0c5c2913-cdd6-40ab-9dd1-2d8c40232046","local_time":"20210219221137","is_ascension_mode":true,"campfire_choices":[{"data":"Neutralize","floor":8.0,"key":"SMITH"},{"data":"Noxious Fumes","floor":11.0,"key":"SMITH"},{"data":"Backflip","floor":13.0,"key":"SMITH"},{"data":"Skewer","floor":15,"key":"SMITH"}],"circlet_count":0,"master_deck":["AscendersBane","Strike_G","Strike_G","Strike_G","Strike_G","Strike_G","Defend_G","Defend_G","Defend_G","Defend_G","Defend_G","Survivor","Neutralize+1","Backflip+1","Noxious Fumes+1","Skewer+1","Footwork","Night Terror"],"relics":["Ring of the Snake","NeowsBlessing","Pantograph","Sundial","bronze:DecasWashers","Philosopher\u0027s Stone"],"acts_visited":["Exordium","TheCity"],"potions_floor_usage":[16],"damage_taken":[{"damage":0.0,"enemies":"2 Louse","floor":1.0,"turns":1.0},{"damage":0.0,"enemies":"Small Slimes","floor":5.0,"turns":1.0},{"damage":0.0,"enemies":"Gremlin Nob","floor":6.0,"turns":1.0},{"damage":65,"enemies":"Slime Boss","floor":16,"turns":11}],"seed_played":"7285192194814561225","potions_obtained":[{"floor":5.0,"key":"Explosive Potion"},{"floor":16,"key":"Fire Potion"}],"is_trial":false,"path_per_floor":["M","$","?","$","M","E","$","R","T","?","R","?","R","?","R","B",null],"character_chosen":"THE_SILENT","items_purchased":["Noxious Fumes"],"campfire_rested":0,"item_purchase_floors":[2],"current_hp_per_floor":[59,59,64,64,64,64,64,64,64,53,53,42,42,42,42,2,54,54],"gold":231,"neow_bonus":"THREE_ENEMY_KILL","is_daily":false,"chose_seed":false,"campfire_upgraded":4,"win_rate":0.0,"timestamp":1613743897,"path_taken":["M","$","?","$","M","E","$","R","T","?","R","?","R","?","R","BOSS"],"items_purchased_type":["Card"],"build_version":"2020-12-22","purchased_purges":0,"victory":false,"max_hp_per_floor":[66,66,71,71,71,71,71,71,71,71,71,71,71,71,71,71,71,71],"card_choices":[{"not_picked":["Dagger Throw","Bane"],"picked":"Backflip","floor":1.0},{"not_picked":["Riddle With Holes","Infinite Blades"],"picked":"Skewer","floor":5.0},{"not_picked":["Endless Agony","Acrobatics"],"picked":"Footwork","floor":6.0},{"not_picked":["Phantasmal Killer","Malaise"],"picked":"Night Terror","floor":16}],"player_experience":1591800,"relics_obtained":[{"floor":6.0,"key":"Pantograph"},{"floor":9.0,"key":"Sundial"}],"event_choices":[{"damage_healed":0.0,"max_hp_gain":5.0,"max_hp_loss":0.0,"gold_gain":0.0,"event_name":"Big Fish","player_choice":"Donut","floor":3.0,"gold_loss":0.0,"damage_taken":0.0},{"damage_healed":0.0,"max_hp_gain":0.0,"max_hp_loss":0.0,"gold_gain":0.0,"event_name":"Scrap Ooze","player_choice":"Success","floor":10.0,"gold_loss":0.0,"damage_taken":11.0,"relics_obtained":["bronze:DecasWashers"]},{"damage_healed":0.0,"max_hp_gain":0.0,"max_hp_loss":0.0,"gold_gain":75.0,"event_name":"World of Goop","player_choice":"Gather Gold","floor":12.0,"gold_loss":0.0,"damage_taken":11.0},{"damage_healed":0,"gold_gain":0,"player_choice":"Ignored","damage_taken":0,"max_hp_gain":0,"max_hp_loss":0,"event_name":"Shining Light","floor":14,"gold_loss":0}],"is_beta":false,"boss_relics":[{"not_picked":["Black Star","HoveringKite"],"picked":"Philosopher\u0027s Stone"}],"items_purged_floors":[],"is_endless":false,"potions_floor_spawned":[5,16],"ascension_level":17}}