{"host":"mithrandi","time":1613756489,"event":{"mods":["BaseMod","Colored Map","Highlight Path","Minty Spire (QoL Compilation)","SuperFastMode"],"gold_per_floor":[110,26,38,38,38,67,67,67,67,95,110,121,121,147,147,224,224,244,260,58,58,108,137,137,137,162,198,215,244,277,323,323,400,400,418,437,454,60,119,119,170,170,170,222,122,122,122],"floor_reached":46,"language":"ENG","playtime":4099,"items_purged":["Shame","Strike_R"],"score":1212,"play_id":"d43d47be-bb98-4c55-b970-ba4fec8b4c91","local_time":"20210219194129","is_ascension_mode":true,"campfire_choices":[{"data":"Anger","floor":8.0,"key":"SMITH"},{"data":"Whirlwind","floor":13.0,"key":"SMITH"},{"data":"Bash","floor":15.0,"key":"SMITH"},{"data":"Demon Form","floor":24.0,"key":"SMITH"},{"data":"Shockwave","floor":32.0,"key":"SMITH"},{"data":"HandOfGreed","floor":40.0,"key":"SMITH"},{"data":"Cleave","floor":42.0,"key":"SMITH"}],"circlet_count":0,"master_deck":["AscendersBane","Strike_R","Strike_R","Strike_R","Strike_R+1","Defend_R","Defend_R+1","Defend_R","Defend_R","Bash+1","Shrug It Off+1","Inflame+1","Anger+1","Cleave+1","Reaper","Twin Strike","Whirlwind+1","Demon Form+1","Thunderclap+1","HandOfGreed+1","Shockwave+1","Heavy Blade+1","Sword Boomerang+1"],"relics":["Burning Blood","NeowsBlessing","Pantograph","Anchor","Pen Nib","Busted Crown","Regal Pillow","Bronze Scales","Vajra","Whetstone","Lantern","Coffee Dripper","ClockworkSouvenir","Bag of Preparation","Blood Vial","Bird Faced Urn","Strawberry"],"acts_visited":["Exordium","TheCity","TheBeyond"],"potions_floor_usage":[],"damage_taken":[{"damage":0.0,"enemies":"Jaw Worm","floor":1.0,"turns":1.0},{"damage":0.0,"enemies":"2 Louse","floor":3.0,"turns":1.0},{"damage":0.0,"enemies":"Gremlin Nob","floor":6.0,"turns":1.0},{"damage":22.0,"enemies":"3 Sentries","floor":10.0,"turns":5.0},{"damage":7.0,"enemies":"Small Slimes","floor":11.0,"turns":5.0},{"damage":0.0,"enemies":"Looter","floor":12.0,"turns":3.0},{"damage":32.0,"enemies":"Gremlin Nob","floor":14.0,"turns":4.0},{"damage":44.0,"enemies":"Hexaghost","floor":16.0,"turns":9.0},{"damage":15.0,"enemies":"2 Thieves","floor":18.0,"turns":3.0},{"damage":18.0,"enemies":"Chosen","floor":19.0,"turns":4.0},{"damage":33.0,"enemies":"Gremlin Leader","floor":23.0,"turns":5.0},{"damage":8.0,"enemies":"Centurion and Healer","floor":27.0,"turns":5.0},{"damage":9.0,"enemies":"Snake Plant","floor":28.0,"turns":2.0},{"damage":27.0,"enemies":"Book of Stabbing","floor":29.0,"turns":4.0},{"damage":40.0,"enemies":"Cultist and Chosen","floor":30.0,"turns":4.0},{"damage":3.0,"enemies":"Gremlin Leader","floor":31.0,"turns":7.0},{"damage":56.0,"enemies":"Collector","floor":33.0,"turns":7.0},{"damage":11.0,"enemies":"3 Darklings","floor":35.0,"turns":2.0},{"damage":20.0,"enemies":"Orb Walker","floor":36.0,"turns":4.0},{"damage":20.0,"enemies":"Transient","floor":37.0,"turns":6.0},{"damage":38.0,"enemies":"4 Shapes","floor":39.0,"turns":8.0},{"damage":33.0,"enemies":"Reptomancer","floor":41.0,"turns":5.0},{"damage":43.0,"enemies":"Giant Head","floor":44.0,"turns":6.0},{"damage":61,"enemies":"Reptomancer","floor":46,"turns":3}],"seed_played":"4849016250494058922","potions_obtained":[{"floor":1.0,"key":"ColorlessPotion"},{"floor":3.0,"key":"Explosive Potion"},{"floor":11.0,"key":"Swift Potion"},{"floor":14.0,"key":"Regen Potion"},{"floor":19.0,"key":"SkillPotion"},{"floor":23.0,"key":"Fire Potion"},{"floor":29.0,"key":"LiquidMemories"},{"floor":31.0,"key":"SkillPotion"},{"floor":39.0,"key":"Energy Potion"}],"is_trial":false,"path_per_floor":["M","$","M","$","?","E","?","R","T","E","M","M","R","E","R","B",null,"M","M","$","?","?","E","R","?","T","M","M","E","M","E","R","B",null,"M","M","M","$","M","R","E","R","T","E","$","E"],"character_chosen":"IRONCLAD","items_purchased":["Inflame","HandOfGreed","ClockworkSouvenir","Bag of Preparation"],"campfire_rested":0,"item_purchase_floors":[2,20,38,38],"current_hp_per_floor":[74,74,75,75,52,58,58,58,58,42,49,55,55,33,33,49,69,67,59,59,59,59,75,75,75,75,75,72,72,41,58,58,50,69,64,50,52,52,41,41,29,29,29,29,29,0,0],"gold":122,"neow_bonus":"THREE_ENEMY_KILL","is_daily":false,"chose_seed":false,"campfire_upgraded":7,"win_rate":0.0,"timestamp":1613756489,"path_taken":["M","$","M","$","?","E","?","R","T","E","M","M","R","E","R","BOSS","M","M","$","?","?","E","R","?","T","M","M","E","?","E","R","BOSS","M","M","M","$","M","R","E","R","T","E","$","E"],"items_purchased_type":["Card","Card","Relic","Relic"],"build_version":"2020-12-18","purchased_purges":2,"victory":false,"max_hp_per_floor":[75,75,75,75,75,75,75,75,75,75,75,75,75,75,75,75,75,75,75,75,75,75,75,75,75,75,75,75,75,75,75,75,75,75,75,75,75,75,75,75,75,75,75,82,82,82,82],"card_choices":[{"not_picked":["Infernal Blade","True Grit"],"picked":"Shrug It Off","floor":1.0},{"not_picked":["Impervious","Perfected Strike"],"picked":"Anger","floor":3.0},{"not_picked":["Bloodletting","True Grit"],"picked":"Cleave","floor":6.0},{"not_picked":["Armaments","Headbutt"],"picked":"Reaper","floor":10.0},{"not_picked":["Flex","Body Slam"],"picked":"Twin Strike","floor":11.0},{"not_picked":["Clothesline","Twin Strike"],"picked":"Whirlwind","floor":12.0},{"not_picked":["Perfected Strike","Clothesline","Dark Embrace"],"picked":"SKIP","floor":14.0},{"not_picked":["Juggernaut","Barricade"],"picked":"Demon Form","floor":16.0},{"not_picked":["Headbutt"],"picked":"SKIP","floor":18.0},{"not_picked":[],"picked":"Thunderclap","floor":19.0},{"not_picked":[],"picked":"Shockwave","floor":23.0},{"not_picked":["Wild Strike"],"picked":"SKIP","floor":27.0},{"not_picked":["Perfected Strike"],"picked":"SKIP","floor":28.0},{"not_picked":["Headbutt"],"picked":"SKIP","floor":29.0},{"not_picked":["Feel No Pain+1"],"picked":"SKIP","floor":30.0},{"not_picked":["Inflame"],"picked":"SKIP","floor":31.0},{"not_picked":["Iron Wave"],"picked":"SKIP","floor":35.0},{"not_picked":["Warcry"],"picked":"SKIP","floor":36.0},{"not_picked":[],"picked":"Heavy Blade+1","floor":37.0},{"not_picked":["Cleave"],"picked":"SKIP","floor":39.0},{"not_picked":["Sentinel"],"picked":"SKIP","floor":41.0},{"not_picked":[],"picked":"Sword Boomerang+1","floor":44.0}],"player_experience":3007196,"relics_obtained":[{"floor":6.0,"key":"Pantograph"},{"floor":10.0,"key":"Anchor"},{"floor":14.0,"key":"Pen Nib"},{"floor":23.0,"key":"Bronze Scales"},{"floor":26.0,"key":"Vajra"},{"floor":29.0,"key":"Whetstone"},{"floor":31.0,"key":"Lantern"},{"floor":41.0,"key":"Blood Vial"},{"floor":43.0,"key":"Bird Faced Urn"},{"floor":44.0,"key":"Strawberry"}],"event_choices":[{"damage_healed":0.0,"max_hp_gain":0.0,"max_hp_loss":0.0,"gold_gain":0.0,"event_name":"Shining Light","player_choice":"Entered Light","floor":5.0,"gold_loss":0.0,"damage_taken":23.0,"cards_upgraded":["Shrug It Off","Defend_R"]},{"damage_healed":0.0,"max_hp_gain":0.0,"max_hp_loss":0.0,"gold_gain":0.0,"event_name":"Living Wall","player_choice":"Grow","floor":7.0,"gold_loss":0.0,"damage_taken":0.0,"cards_upgraded":["Inflame"]},{"damage_healed":0.0,"max_hp_gain":0.0,"max_hp_loss":0.0,"gold_gain":0.0,"event_name":"Addict","player_choice":"Stole Relic","floor":21.0,"gold_loss":0.0,"damage_taken":0.0,"relics_obtained":["Regal Pillow"],"cards_obtained":["Shame"]},{"damage_healed":0.0,"max_hp_gain":0.0,"max_hp_loss":0.0,"gold_gain":50.0,"event_name":"Nest","player_choice":"Stole From Cult","floor":22.0,"gold_loss":0.0,"damage_taken":0.0},{"damage_healed":0.0,"max_hp_gain":0.0,"max_hp_loss":0.0,"gold_gain":0.0,"event_name":"N\u0027loth","player_choice":"Ignored","floor":25.0,"gold_loss":0.0,"damage_taken":0.0}],"is_beta":true,"boss_relics":[{"not_picked":["Calling Bell","SacredBark"],"picked":"Busted Crown"},{"not_picked":["Tiny House","Cursed Key"],"picked":"Coffee Dripper"}],"items_purged_floors":[38,45],"is_endless":false,"potions_floor_spawned":[1,3,6,11,14,19,23,29,31,37,39,41],"killed_by":"Reptomancer","ascension_level":20}}