{"host":"ad59wuc8ynh8u2z6","time":1613693055,"event":{"mods":["AchievementEnabler","BaseMod","Colored Powertips","DeckTracker","Highlight Path","Minty Spire (QoL Compilation)","Permanent Neow"],"gold_per_floor":[112,112,37,52,66,95,95,95,95,127,141,41,59,119,119,215,215,231,231,17,27,42,42,68,68,68,82,108,108,124,154,154,253,253,270,287,59,73,90,122,122,122,122,34,69,98,10,45,45,45],"floor_reached":51,"language":"ENG","playtime":3616,"items_purged":["Strike_G","Strike_G","All Out Attack+1","Defend_G","Defend_G","Defend_G"],"score":1234,"play_id":"e1ed502c-3d97-4d15-b68a-2a7b163e63de","local_time":"20210219010415","is_ascension_mode":true,"campfire_choices":[{"data":"Footwork","floor":7.0,"key":"SMITH"},{"data":"Corpse Explosion","floor":15.0,"key":"SMITH"},{"data":"Neutralize","floor":25.0,"key":"SMITH"},{"data":"Backflip","floor":29.0,"key":"SMITH"},{"data":"Backflip","floor":32.0,"key":"SMITH"},{"floor":42.0,"key":"RECALL"},{"floor":49,"key":"REST"}],"circlet_count":0,"master_deck":["Defend_G","Defend_G","Survivor","Neutralize+1","Wraith Form v2+1","Footwork+1","Corpse Explosion+1","Backflip+1","Backflip+1","Night Terror","Adrenaline","Burst"],"relics":["Astrolabe","Mummified Hand","Snake Skull","Pantograph","Blue Candle","Toy Ornithopter","Snecko Eye","Membership Card","Frozen Egg 2","Ornamental Fan","The Specimen","Nunchaku","Fusion Hammer","TheAbacus","Happy Flower","CeramicFish","Ancient Tea Set","MawBank","StoneCalendar"],"acts_visited":["Exordium","TheCity","TheBeyond"],"potions_floor_usage":[50,50,50],"damage_taken":[{"damage":0.0,"enemies":"Jaw Worm","floor":1.0,"turns":5.0},{"damage":1.0,"enemies":"Cultist","floor":4.0,"turns":5.0},{"damage":0.0,"enemies":"2 Louse","floor":5.0,"turns":1.0},{"damage":29.0,"enemies":"Lagavulin","floor":6.0,"turns":16.0},{"damage":5.0,"enemies":"3 Sentries","floor":10.0,"turns":6.0},{"damage":0.0,"enemies":"2 Fungi Beasts","floor":11.0,"turns":2.0},{"damage":5.0,"enemies":"Large Slime","floor":13.0,"turns":9.0},{"damage":8.0,"enemies":"3 Sentries","floor":14.0,"turns":5.0},{"damage":23.0,"enemies":"Hexaghost","floor":16.0,"turns":10.0},{"damage":2.0,"enemies":"Spheric Guardian","floor":18.0,"turns":6.0},{"damage":0.0,"enemies":"Chosen","floor":21.0,"turns":7.0},{"damage":3.0,"enemies":"Snake Plant","floor":22.0,"turns":7.0},{"damage":15.0,"enemies":"Book of Stabbing","floor":24.0,"turns":8.0},{"damage":0.0,"enemies":"Snecko","floor":27.0,"turns":4.0},{"damage":0.0,"enemies":"Slavers","floor":28.0,"turns":4.0},{"damage":1.0,"enemies":"Chosen and Byrds","floor":30.0,"turns":6.0},{"damage":6.0,"enemies":"Gremlin Leader","floor":31.0,"turns":7.0},{"damage":33.0,"enemies":"Champ","floor":33.0,"turns":8.0},{"damage":4.0,"enemies":"3 Shapes","floor":35.0,"turns":4.0},{"damage":5.0,"enemies":"3 Darklings","floor":36.0,"turns":5.0},{"damage":0.0,"enemies":"Jaw Worm Horde","floor":38.0,"turns":4.0},{"damage":0.0,"enemies":"Maw","floor":39.0,"turns":8.0},{"damage":0.0,"enemies":"Giant Head","floor":40.0,"turns":12.0},{"damage":0.0,"enemies":"Reptomancer","floor":45.0,"turns":5.0},{"damage":0,"enemies":"Transient","floor":46,"turns":5},{"damage":0,"enemies":"Giant Head","floor":48,"turns":8},{"damage":0,"enemies":"Awakened One","floor":50,"turns":10}],"seed_played":"6821588570954383934","potions_obtained":[{"floor":4.0,"key":"EssenceOfSteel"},{"floor":5.0,"key":"Fruit Juice"},{"floor":16.0,"key":"Strength Potion"},{"floor":18.0,"key":"PowerPotion"},{"floor":19.0,"key":"Fire Potion"},{"floor":19.0,"key":"DuplicationPotion"},{"floor":24.0,"key":"Swift Potion"},{"floor":33.0,"key":"PowerPotion"}],"is_trial":false,"path_per_floor":["M","?","$","M","M","E","R","?","T","E","M","$","M","?","R","B",null,"M","?","$","M","M","$","E","R","T","M","E","R","M","E","R","B",null,"M","M","$","M","M","E","?","R","T","$","E","M","$","E","R","B",null],"character_chosen":"THE_SILENT","items_purchased":["Membership Card","TheAbacus","Happy Flower"],"campfire_rested":1,"item_purchase_floors":[20,37,37],"current_hp_per_floor":[63,80,80,79,79,50,50,43,43,38,38,38,33,25,25,27,67,65,75,75,75,72,72,57,57,57,57,57,57,56,50,50,42,74,70,65,65,65,65,65,65,65,65,65,65,65,65,65,85,85],"gold":45,"neow_bonus":"BOSS_RELIC","is_daily":false,"chose_seed":false,"campfire_upgraded":5,"win_rate":0.0,"timestamp":1613693055,"path_taken":["M","?","$","M","?","E","R","?","T","E","M","$","M","?","R","BOSS","M","?","$","M","?","?","E","R","T","M","E","R","M","E","R","BOSS","M","M","$","M","M","E","?","R","T","$","E","M","$","E","R","BOSS"],"items_purchased_type":["Relic","Relic","Relic"],"build_version":"2020-12-22","purchased_purges":6,"victory":true,"max_hp_per_floor":[70,80,80,80,80,80,80,80,80,80,80,80,80,80,80,80,80,80,85,85,85,85,85,85,85,85,85,85,85,85,85,85,85,85,85,85,85,85,85,85,85,85,85,85,85,85,85,85,85,85],"card_choices":[{"not_picked":["Cloak And Dagger","Deadly Poison","Prepared"],"picked":"SKIP","floor":1.0},{"not_picked":["Flying Knee","Slice"],"picked":"Footwork","floor":4.0},{"not_picked":["Dagger Throw","Dodge and Roll","Finisher"],"picked":"SKIP","floor":5.0},{"not_picked":["Acrobatics","Quick Slash"],"picked":"Corpse Explosion","floor":6.0},{"not_picked":["Distraction","Flying Knee","Concentrate"],"picked":"SKIP","floor":10.0},{"not_picked":["Quick Slash","Distraction","Dagger Throw"],"picked":"SKIP","floor":11.0},{"not_picked":["Sucker Punch","Accuracy"],"picked":"Backflip","floor":13.0},{"not_picked":["Dagger Spray","Slice"],"picked":"Backflip","floor":14.0},{"not_picked":["A Thousand Cuts","Unload"],"picked":"Night Terror","floor":16.0},{"not_picked":["Terror","Slice","Prepared"],"picked":"SKIP","floor":18.0},{"not_picked":["Dodge and Roll+1","Bane","Deadly Poison"],"picked":"SKIP","floor":21.0},{"not_picked":["Crippling Poison+1","Infinite Blades","Flying Knee"],"picked":"SKIP","floor":22.0},{"not_picked":["Underhanded Strike","Flying Knee","Phantasmal Killer"],"picked":"SKIP","floor":24.0},{"not_picked":["Skewer","Dash","Sucker Punch"],"picked":"SKIP","floor":27.0},{"not_picked":["Finisher","Acrobatics","Riddle With Holes"],"picked":"SKIP","floor":28.0},{"not_picked":["Blur","Riddle With Holes","Leg Sweep+1"],"picked":"SKIP","floor":30.0},{"not_picked":["Quick Slash+1","Blur","Dagger Throw"],"picked":"SKIP","floor":31.0},{"not_picked":["Malaise","Venomology"],"picked":"Adrenaline","floor":33.0},{"not_picked":["Riddle With Holes+1","PiercingWail","Dagger Throw+1"],"picked":"SKIP","floor":35.0},{"not_picked":["Underhanded Strike+1","Prepared","Cloak And Dagger+1"],"picked":"SKIP","floor":36.0},{"not_picked":["Bullet Time","Cloak And Dagger+1","Footwork+1"],"picked":"SKIP","floor":38.0},{"not_picked":["Poisoned Stab+1","Dodge and Roll","Quick Slash"],"picked":"SKIP","floor":39.0},{"not_picked":["Dash","Underhanded Strike","Blade Dance"],"picked":"SKIP","floor":40.0},{"not_picked":["Terror+1","Blur","Endless Agony+1"],"picked":"SKIP","floor":45.0},{"not_picked":["Dagger Throw+1","Predator","Calculated Gamble+1"],"picked":"SKIP","floor":46},{"not_picked":["Deadly Poison+1","Dodge and Roll"],"picked":"Burst","floor":48}],"player_experience":105258,"relics_obtained":[{"floor":6.0,"key":"Mummified Hand"},{"floor":9.0,"key":"Pantograph"},{"floor":10.0,"key":"Blue Candle"},{"floor":14.0,"key":"Toy Ornithopter"},{"floor":24.0,"key":"Frozen Egg 2"},{"floor":26.0,"key":"Ornamental Fan"},{"floor":28.0,"key":"The Specimen"},{"floor":31.0,"key":"Nunchaku"},{"floor":40.0,"key":"CeramicFish"},{"floor":43.0,"key":"Ancient Tea Set"},{"floor":45.0,"key":"MawBank"},{"floor":48,"key":"StoneCalendar"}],"event_choices":[{"cards_removed":["Doppelganger"],"damage_healed":7.0,"max_hp_gain":10.0,"max_hp_loss":0.0,"gold_gain":0.0,"event_name":"Bonfire Elementals","player_choice":"Offered Rare","floor":2.0,"gold_loss":0.0,"damage_taken":0.0},{"damage_healed":0.0,"max_hp_gain":0.0,"max_hp_loss":0.0,"gold_gain":0.0,"event_name":"Scrap Ooze","player_choice":"Success","floor":8.0,"gold_loss":0.0,"damage_taken":7.0,"relics_obtained":["Snake Skull"]},{"damage_healed":0.0,"max_hp_gain":0.0,"max_hp_loss":0.0,"gold_gain":0.0,"event_name":"Dead Adventurer","player_choice":"Searched \u00271\u0027 times","floor":14.0,"gold_loss":0.0,"damage_taken":0.0},{"damage_healed":0.0,"max_hp_gain":0.0,"max_hp_loss":0.0,"gold_gain":0.0,"event_name":"Lab","player_choice":"Got Potions","floor":19.0,"gold_loss":0.0,"damage_taken":0.0},{"damage_healed":0.0,"max_hp_gain":0.0,"max_hp_loss":0.0,"gold_gain":0.0,"event_name":"Tomb of Lord Red Mask","player_choice":"Ignored","floor":41.0,"gold_loss":0.0,"damage_taken":0.0}],"is_beta":false,"boss_relics":[{"not_picked":["Calling Bell","Runic Dome"],"picked":"Snecko Eye"},{"not_picked":["Runic Pyramid","Tiny House"],"picked":"Fusion Hammer"}],"items_purged_floors":[3,12,20,37,44,47],"is_endless":false,"potions_floor_spawned":[4,5,16,18,22,24,33,38,39,46],"ascension_level":6}}