{"host":"8inpc3yxphy2r27y","time":1613764043,"event":{"mods":["ATMod(阿瑾Mod)","Act Like it!","Alarm Clock","BaseMod","Better Synergies","Better Vampires","Challenge The Spire","Decade(王小明)","Downfall","Energized Spire","FanaticalFans","FoggyMod","Gensokyo","LagranYue(拉格朗・月)","Lobotomy","LobotomyExtend","Minty Spire (QoL Compilation)","MostiFishMod","Pale of the Ancients","Quarter Circle Forward PUNCH!","Quick Restart","Relic Filter Mod","Replay The Spire","RumiaBox-露米娅的神秘盒子","Ryuuou龙王","SIMod","Shop Mod","StSLib","TestMod","The Animator","UnlockEverythingMod","[GremlinLeader]The Maniac","[IsaacMod]以撒尖塔","noobMod","【遗物卡牌】REMEMod","篝火指南"],"gold_per_floor":[-288,-288,-13,-13,20,20,195,195,195,235,285,342,342,342,6,165,202,298,406,518,470,507,659,724,865,902,1045,355,460,497,615,165,332,369,431,531,543,555,592,737,1748,1866,1878,2705,3478,2990,2637,2662,5105,5130,5130,5130,5515,1024,1107,1107,1132,778,375,375,375,225,225,378,482,507,3,13,13],"floor_reached":68,"language":"ZHS","playtime":4334,"items_purged":["Normality","maniac:Torture"],"score":1512,"play_id":"0e315b38-a39d-4476-be8e-72ca83861bd4","local_time":"20210220034723","is_ascension_mode":true,"campfire_choices":[{"floor":6.0,"key":"RECALL"},{"data":"DoctorFetus","floor":8.0,"key":"SMITH"},{"floor":63,"key":"REST"}],"circlet_count":0,"master_deck":["DespairKnight","CENSORED","animator:Defend_Fate+1","animator:Strike+1","animator:Defend+1","animator:Defend","animator:Alexander","animator:Rider","DoctorFetus+1","hexamod:FifthSeal","AT_ThistleTea+1","hexamod:SixthSeal","animator:Illya","Yin","animator:DolaSchwi+1","animator:Tatsumaki","animator:EmiyaShirou","hexamod:ThirdSeal","hexamod:FourthSeal","animator:IzunaHatsuse","animator:Sora","animator:HomuraAkemi","animator:NagisaMomoe+1","hexamod:SixthSeal","hexamod:SecondSeal","animator:SilverFang","animator:YuiTsuruno+1","animator:Geryuganshoop","animator:Wiz+1","animator:DolaCouronne+1","animator:Chris","UniverseFragment","animator:Gilgamesh+18","animator:Shiro","animator:Saber","animator:Boros+1","animator:Biyorigo","animator:Kyubey+1","Bloodbath","animator:MumenRider","hexamod:SecondSeal","hexamod:SecondSeal","animator:Caster","animator:Megumin","animator:Berserker","PunishingBird","animator:DolaSchwi","animator:Togame+1","animator:MamiTomoe+1","hexamod:SecondSeal","hexamod:SecondSeal","animator:Tet","animator:FielNirvalen","animator:DolaCouronne+1","animator:Shichika","animator:HiiragiShinya","animator:Saitama+1","animator:KyokoSakura+1","animator:Boros+1","animator:Chris+1","animator:Togame+1","animator:Eris+1","animator:MamiTomoe","animator:FeridBathory","OSAHOGD","animator:FielNirvalen+1","animator:Biyorigo","animator:Mikaela","hexamod:SixthSeal","hexamod:SixthSeal","animator:Shiro","animator:Caster+1","animator:Saber","animator:ShinjiMatou","Wellcheers","animator:EmiyaShirou","animator:SilverFang","animator:Biyorigo+1","animator:Alexander","Woodsman","animator:Kazuma","animator:HigakiRinne","animator:Kazuma","downfall:Bewildered","Freischutz","animator:CrowleyEusford","animator:Geryuganshoop+1","animator:OrikoMikuni","animator:Illya+1","BodiesMountain","animator:Sora+1","animator:Saitama","animator:Saitama+1","QueenOfHatred","animator:OrikoMikuni+1","animator:Saber+1","animator:MetalKnight+1","animator:Mitsuba+1","Yin","ShyLook","animator:YachiyoNanami+1","animator:Guren","animator:Darkness+1","animator:Berserker+1","Voices","animator:HigakiRinne+1","SpiderBud","animator:Kyubey","animator:Caster","animator:MumenRider+1","animator:HiiragiShinya","animator:Melzalgald+1","animator:Sora","animator:KyokoSakura+1","animator:Melzalgald+1","NothingThere","animator:Guren+1","DreamingCurrent","animator:Genos","animator:YuiTsuruno","animator:Hans","animator:Jibril+1","animator:ZankiKiguchi+1","hexamod:FirstSeal","animator:Illya+1","animator:HarukoHaruhara","animator:Lelouch","animator:TakanashiRikka","animator:HinaKagiyama+1","animator:Curse_Dizziness","animator:Boros+1","animator:UneriGinkaku","animator:Kuroyukihime"],"relics":["animator:TheWolleyCore","animator:AncientMedallion","MerchantsRug"],"acts_visited":["Exordium","TheCity","TheBeyond","TheEnding","EYB:TheUnnamedReign"],"potions_floor_usage":[],"damage_taken":[{"damage":8.0,"enemies":"2 Louse","floor":1.0,"turns":3.0},{"damage":0.0,"enemies":"Small Slimes","floor":10.0,"turns":4.0},{"damage":11.0,"enemies":"3 Sentries","floor":11.0,"turns":4.0},{"damage":8.0,"enemies":"Hexaghost","floor":16.0,"turns":7.0},{"damage":3.0,"enemies":"2 Thieves","floor":18.0,"turns":3.0},{"damage":14.0,"enemies":"Masked Bandits","floor":19.0,"turns":3.0},{"damage":58.0,"enemies":"Gremlin Leader","floor":23.0,"turns":4.0},{"damage":0.0,"enemies":"Replay:Snechameleon","floor":24.0,"turns":1.0},{"damage":20.0,"enemies":"REME_1_Revenger","floor":25.0,"turns":3.0},{"damage":0.0,"enemies":"Slavers","floor":27.0,"turns":4.0},{"damage":0.0,"enemies":"Gremlin Leader","floor":29.0,"turns":1.0},{"damage":0.0,"enemies":"Slavers","floor":31.0,"turns":1.0},{"damage":27.0,"enemies":"Champ","floor":33.0,"turns":2.0},{"damage":0.0,"enemies":"3 Darklings","floor":35.0,"turns":1.0},{"damage":93.0,"enemies":"3 Darklings","floor":36.0,"turns":1.0},{"damage":0.0,"enemies":"R_Hoarder","floor":40.0,"turns":3.0},{"damage":0.0,"enemies":"Nemesis","floor":42.0,"turns":1.0},{"damage":0.0,"enemies":"Reptomancer","floor":44.0,"turns":1.0},{"damage":0.0,"enemies":"Orb Walker","floor":45.0,"turns":1.0},{"damage":0.0,"enemies":"Time Eater","floor":50.0,"turns":1.0},{"damage":239.0,"enemies":"animator:TRIPLE_SHAPES_WEAK","floor":55.0,"turns":10.0},{"damage":227,"enemies":"animator:ULTIMATE_WISP","floor":64,"turns":11},{"damage":248,"enemies":"animator:ULTIMATE_CUBE","floor":68,"turns":12}],"seed_played":"3349059070136233006","potions_obtained":[{"floor":1.0,"key":"Reflective Coating"},{"floor":11.0,"key":"AttackPotion"},{"floor":11.0,"key":"BlessingOfTheForge"},{"floor":16.0,"key":"Elixir"},{"floor":16.0,"key":"Dexterity Potion"},{"floor":18.0,"key":"animator:FalseLifePotion"},{"floor":18.0,"key":"bronze:BurnAndBuffPotion"},{"floor":23.0,"key":"qcfpunch:Challenger_Coin"},{"floor":23.0,"key":"animator:FalseLifePotion"},{"floor":27.0,"key":"Adrenaline Potion"},{"floor":29.0,"key":"Elixir"},{"floor":31.0,"key":"Explosive Potion"},{"floor":33.0,"key":"DuplicationPotion"},{"floor":55.0,"key":"animator:FalseLifePotion"},{"floor":64,"key":"animator:FalseLifePotion"}],"is_trial":false,"path_per_floor":["M","?","?","?","?","R","?","R","T","M","E","?","?","M","R","B",null,"M","?","?","?","M","E","E","E","T","E","R","E","?","E","R","B",null,"M","M","?","?","T","E","?","E","T","E","M","$","R","T","R","B",null,null,"R","??","M","?","T","?","R","M","?","?","R","E","T","?","$","E"],"character_chosen":"THE_ANIMATOR","items_purchased":["MawBank","MerchantsRug","testmod-Brilliant","PreservedInsect","SatanicBible","Tiny Chest","Du-Vu Doll","testmod-BlackFramedGlasses","testmod-CardMagician","Replay:Wax Seal","GodSword5","testmod-IntensifyImprint","LagranYue:NewUniverseRelic","NineLifeCat","AT_GuinsooRageblade","Frozen Eye","Guide Book","REME_GoldPotion","MerchantsRug","animator:AncientMedallion","animator:AncientMedallion","animator:FalseLifePotion","animator:Kuroyukihime"],"campfire_rested":1,"item_purchase_floors":[15,15,28,28,28,32,32,46,46,46,47,47,47,49,49,49,53,53,59,59,67,67,67],"current_hp_per_floor":[58,66,66,59,59,59,59,59,59,61,60,31,31,23,23,24,72,71,59,61,61,61,21,23,7,7,23,23,23,23,41,41,32,78,68,35,35,35,35,64,64,66,66,40,7,1,1,1,5,22,22,22,22,98,52,42,42,42,42,42,42,42,71,98,98,28,28,0,0],"gold":13,"neow_bonus":"","is_daily":false,"chose_seed":false,"campfire_upgraded":1,"win_rate":0.0,"timestamp":1613764043,"path_taken":["M","?","?","?","?","R","?","R","T","?","E","?","?","?","R","BOSS","M","?","?","?","?","E","E","E","T","E","R","E","?","E","R","BOSS","M","?","?","?","?","E","?","E","T","E","?","?","R","?","R","BOSS","R","??","M","?","T","?","R","?","?","?","R","E","T","?","$","E"],"items_purchased_type":["Relic","Relic","Relic","Relic","Relic","Relic","Relic","Relic","Relic","Relic","Relic","Relic","Relic","Relic","Relic","Relic","Relic","Potion","Relic","Relic","Relic","Potion","Card"],"build_version":"2020-12-22","purchased_purges":2,"victory":false,"max_hp_per_floor":[66,66,66,66,66,66,66,66,66,68,69,69,69,69,69,72,72,74,74,76,76,76,78,78,78,78,78,78,78,78,78,78,78,78,68,69,69,69,69,71,71,73,73,75,77,77,77,77,20,22,22,22,22,98,98,98,98,98,98,98,98,98,98,98,98,98,98,98,98],"card_choices":[{"not_picked":[],"picked":"DoctorFetus","floor":0.0},{"not_picked":["hexamod:FirstSeal","hexamod:SecondSeal"],"picked":"hexamod:SixthSeal","floor":1.0},{"not_picked":["WallGazer","FairyFestival","UniverseFragment"],"picked":"Singing Bowl","floor":1.0},{"not_picked":["animator:Lancer","animator:Emonzaemon"],"picked":"animator:Illya","floor":1.0},{"not_picked":["BeautyBeast","WallGazer"],"picked":"Yin","floor":10.0},{"not_picked":["animator:Emonzaemon","animator:IrohaTamaki","animator:Archer","animator:MamiTomoe"],"picked":"animator:DolaSchwi","floor":10.0},{"not_picked":["animator:Alexander","animator:MumenRider","animator:Konayuki","animator:Hitei"],"picked":"animator:Tatsumaki","floor":10.0},{"not_picked":["animator:Rider","animator:DolaCouronne","animator:Tet","animator:Shinoa"],"picked":"animator:EmiyaShirou","floor":10.0},{"not_picked":["hexamod:SecondSeal","hexamod:SixthSeal"],"picked":"hexamod:ThirdSeal","floor":10.0},{"not_picked":["hexamod:ThirdSeal","hexamod:FirstSeal"],"picked":"hexamod:FourthSeal","floor":10.0},{"not_picked":["animator:FielNirvalen","animator:HiiragiShinya","animator:MamiTomoe","animator:TsurugaMeisai"],"picked":"animator:IzunaHatsuse","floor":10.0},{"not_picked":["animator:Genos","animator:OrikoMikuni","animator:Kazuma","animator:Mikaela"],"picked":"animator:Sora","floor":11.0},{"not_picked":["animator:DolaStephanie","Bomb","animator:ChlammyZell","animator:Vanir"],"picked":"animator:HomuraAkemi","floor":11.0},{"not_picked":["animator:Shigure","animator:Konayuki","animator:Rider","animator:ZankiKiguchi"],"picked":"animator:NagisaMomoe","floor":11.0},{"not_picked":["hexamod:FirstSeal","hexamod:FourthSeal"],"picked":"hexamod:SixthSeal","floor":11.0},{"not_picked":["hexamod:ThirdSeal","hexamod:SixthSeal"],"picked":"hexamod:SecondSeal","floor":11.0},{"not_picked":["animator:SakuraMatou","animator:Yoichi","animator:Eris","animator:FielNirvalen"],"picked":"animator:SilverFang","floor":11.0},{"not_picked":["animator:Illya","animator:Rider","animator:SilverFang","animator:DolaSchwi"],"picked":"animator:YuiTsuruno","floor":11.0},{"not_picked":["animator:ZankiKiguchi","animator:DolaSchwi","animator:MetalKnight","animator:Tet"],"picked":"animator:Geryuganshoop","floor":11.0},{"not_picked":["animator:Shinoa","animator:Azekura","animator:Mitsurugi","animator:Mikaela"],"picked":"animator:Chris","floor":12.0},{"not_picked":["MHz","Variant","Freischutz"],"picked":"Singing Bowl","floor":16.0},{"not_picked":["BeautyBeast","Bloodbath"],"picked":"UniverseFragment","floor":16.0},{"not_picked":["animator:HigakiRinne","animator:Saitama","animator:Hans","animator:Kyubey"],"picked":"animator:Gilgamesh","floor":16.0},{"not_picked":["animator:HigakiRinne","animator:Eris","animator:Gilgamesh","animator:Boros"],"picked":"animator:Shiro","floor":16.0},{"not_picked":["animator:FeridBathory","animator:Sora","animator:MadokaKaname","animator:Guren"],"picked":"animator:Saber","floor":16.0},{"not_picked":["animator:Shiro","animator:MadokaKaname","animator:Eris","animator:Saber"],"picked":"animator:Boros","floor":16.0},{"not_picked":["animator:FeridBathory","animator:Hans","animator:Eris","animator:HigakiRinne"],"picked":"animator:Biyorigo","floor":16.0},{"not_picked":["animator:HigakiRinne","animator:Eris","animator:Wiz","animator:Guren"],"picked":"animator:Kyubey","floor":16.0},{"not_picked":["Murderer","MeatLantern","Rudolta"],"picked":"Singing Bowl","floor":18.0},{"not_picked":["HeroicMonk","OSAHOGD"],"picked":"Bloodbath","floor":18.0},{"not_picked":["animator:Sonic","animator:Genos","animator:Geryuganshoop","animator:Tatsumaki"],"picked":"animator:MumenRider","floor":18.0},{"not_picked":["hexamod:ThirdSeal","hexamod:SixthSeal"],"picked":"hexamod:SecondSeal","floor":18.0},{"not_picked":["hexamod:FourthSeal","hexamod:ThirdSeal"],"picked":"hexamod:SecondSeal","floor":18.0},{"not_picked":["animator:Nanami","animator:YuiTsuruno","animator:Verdia","animator:DolaCouronne+1"],"picked":"animator:Caster","floor":18.0},{"not_picked":["animator:UneriGinkaku","animator:IrohaTamaki","animator:Mikaela","animator:Mitsuba"],"picked":"animator:Megumin","floor":18.0},{"not_picked":["animator:KyokoSakura","animator:Rider+1","animator:TsurugaMeisai","animator:EmiyaShirou"],"picked":"animator:Berserker","floor":18.0},{"not_picked":["MHz","FieryBird","ShyLook"],"picked":"Singing Bowl","floor":19.0},{"not_picked":["BeautyBeast","LaLuna"],"picked":"PunishingBird","floor":19.0},{"not_picked":["animator:ShinjiMatou","animator:Berserker","animator:YuiTsuruno","animator:Emonzaemon"],"picked":"animator:DolaSchwi","floor":19.0},{"not_picked":["animator:Illya","animator:Berserker+1","animator:ZankiKiguchi+1","animator:Rider+1"],"picked":"animator:Togame+1","floor":19.0},{"not_picked":["animator:HiiragiShinya","animator:Mikaela","animator:NagisaMomoe+1","animator:MumenRider"],"picked":"animator:MamiTomoe+1","floor":19.0},{"not_picked":["hexamod:FirstSeal","hexamod:ThirdSeal"],"picked":"hexamod:SecondSeal","floor":19.0},{"not_picked":["hexamod:FirstSeal","hexamod:SixthSeal"],"picked":"hexamod:SecondSeal","floor":19.0},{"not_picked":["animator:Konayuki+1","animator:Illya+1","animator:YuiTsuruno+1","animator:HiiragiShinya+1"],"picked":"animator:Tet","floor":19.0},{"not_picked":["animator:ChlammyZell","animator:Tatsumaki","animator:DolaSchwi+1","animator:Kazuma"],"picked":"animator:FielNirvalen+1","floor":20.0},{"not_picked":["LittlePrince","OSAHOGD"],"picked":"DespairKnight","floor":23.0},{"not_picked":["animator:Yoichi+1","animator:Rider+1","animator:Konayuki+1","animator:Vanir"],"picked":"animator:DolaCouronne+1","floor":23.0},{"not_picked":["animator:Aqua+1","animator:YachiyoNanami+1","animator:ShinjiMatou+1","animator:Hitei+1"],"picked":"animator:Shichika+1","floor":23.0},{"not_picked":["animator:YunYun","animator:ShinjiMatou+1","animator:IzunaHatsuse+1","animator:Togame+1"],"picked":"animator:HiiragiShinya+1","floor":23.0},{"not_picked":["animator:ShinjiMatou+1","animator:Eris+1","animator:Shigure","animator:Gilgamesh"],"picked":"animator:Saitama+1","floor":23.0},{"not_picked":["animator:DolaSchwi+1","animator:SayakaMiki+1","animator:Nanami+1","animator:Mitsurugi"],"picked":"animator:KyokoSakura","floor":23.0},{"not_picked":["animator:Mitsurugi","animator:Konayuki+1","animator:Vanir","animator:Berserker"],"picked":"animator:Boros+1","floor":23.0},{"not_picked":["animator:Nanami+1","animator:Togame+1","animator:MumenRider","animator:EmiyaShirou+1"],"picked":"animator:Chris","floor":23.0},{"not_picked":["OSAHOGD","Porccubus","LaLuna"],"picked":"Singing Bowl","floor":24.0},{"not_picked":["Porccubus","SilentOrchestra"],"picked":"CENSORED","floor":24.0},{"not_picked":["animator:Tatsumaki+1","animator:IzunaHatsuse+1","animator:Mitsurugi","animator:YuiTsuruno"],"picked":"animator:Togame+1","floor":24.0},{"not_picked":["animator:UneriGinkaku+1","animator:Darkness+1","animator:Vanir","animator:OrikoMikuni+1"],"picked":"animator:Eris+1","floor":24.0},{"not_picked":["animator:Caster+1","animator:Illya+1","animator:Shigure+1","animator:SuzuneAmano"],"picked":"animator:MamiTomoe","floor":24.0},{"not_picked":["animator:OrikoMikuni+1","animator:KrulTepes+1","animator:DolaSchwi","animator:Aqua+1"],"picked":"animator:FeridBathory+1","floor":24.0},{"not_picked":["Murderer","Laetitia","ShyLook"],"picked":"Singing Bowl","floor":25.0},{"not_picked":["CherryBlossoms","SnowQueen"],"picked":"OSAHOGD","floor":25.0},{"not_picked":["animator:SakuraMatou+1","animator:ZankiKiguchi","animator:Jibril","animator:Nanami+1"],"picked":"animator:FielNirvalen+1","floor":25.0},{"not_picked":["animator:Shinoa+1","animator:ZankiKiguchi","animator:FeridBathory+1","animator:DolaRiku+1"],"picked":"animator:Biyorigo+1","floor":25.0},{"not_picked":["animator:Mitsurugi","animator:Vanir","animator:MumenRider","animator:Emonzaemon"],"picked":"animator:Mikaela","floor":25.0},{"not_picked":["hexamod:ThirdSeal","hexamod:FourthSeal"],"picked":"hexamod:SixthSeal","floor":25.0},{"not_picked":["hexamod:FourthSeal","hexamod:FirstSeal"],"picked":"hexamod:SixthSeal","floor":25.0},{"not_picked":["animator:Aqua+1","animator:Illya+1","animator:Mikaela","animator:ZankiKiguchi"],"picked":"animator:Shiro+1","floor":25.0},{"not_picked":["CherryBlossoms","FieryBird","Freischutz"],"picked":"Singing Bowl","floor":27.0},{"not_picked":["BeautyBeast","CherryBlossoms"],"picked":"Wellcheers","floor":27.0},{"not_picked":["animator:Konayuki+1","animator:SakuraMatou+1","animator:DolaCouronne+1","animator:Azekura+1"],"picked":"animator:EmiyaShirou+1","floor":27.0},{"not_picked":["animator:KrulTepes","animator:HiiragiShinya+1","animator:YunYun","animator:DolaCouronne+1"],"picked":"animator:SilverFang+1","floor":27.0},{"not_picked":["animator:Assassin","animator:HiiragiShinya+1","animator:Verdia+1","animator:YachiyoNanami+1"],"picked":"animator:Biyorigo+1","floor":27.0},{"not_picked":["animator:RinTohsaka+1","animator:Archer+1","animator:Assassin","animator:ShinjiMatou+1"],"picked":"animator:Alexander","floor":27.0},{"not_picked":["LittleHelper","FairyFestival","MHz"],"picked":"Singing Bowl","floor":29.0},{"not_picked":["MeatLantern","HappyTeddy"],"picked":"Woodsman","floor":29.0},{"not_picked":["animator:DolaCouronne+1","animator:SuzuneAmano","animator:SakuraMatou+1","animator:EmiyaShirou+1"],"picked":"animator:Kazuma+1","floor":29.0},{"not_picked":["animator:Sora+1","animator:DolaRiku+1","animator:Shigure+1","animator:Mitsurugi"],"picked":"animator:HigakiRinne+1","floor":29.0},{"not_picked":["animator:Yuuichirou+1","animator:YachiyoNanami+1","animator:DolaSchwi+1","animator:CrowleyEusford"],"picked":"animator:Kazuma+1","floor":29.0},{"not_picked":["animator:Alexander+1","animator:Yuuichirou","animator:Caster+1","animator:SilverFang+1"],"picked":"animator:Gilgamesh","floor":29.0},{"not_picked":["RedShoes","CherryBlossoms"],"picked":"Freischutz","floor":31.0},{"not_picked":["animator:Melzalgald","animator:DolaRiku+1","animator:Yoichi+1","animator:SakuraMatou+1"],"picked":"animator:CrowleyEusford","floor":31.0},{"not_picked":["animator:NagisaMomoe+1","animator:Illya+1","animator:OrikoMikuni+1","animator:Vanir"],"picked":"animator:Geryuganshoop+1","floor":31.0},{"not_picked":["animator:Nanami+1","animator:Alexander","animator:Illya+1","animator:UneriGinkaku+1"],"picked":"animator:OrikoMikuni+1","floor":31.0},{"not_picked":["animator:YuiTsuruno","animator:MumenRider","animator:SuzuneAmano","animator:Yuuichirou+1"],"picked":"animator:Illya+1","floor":31.0},{"not_picked":["ShyLook","LaLuna"],"picked":"BodiesMountain","floor":33.0},{"not_picked":["animator:FeridBathory+1","animator:Eris+1","animator:Biyorigo+1","animator:Hans+1"],"picked":"animator:Sora+1","floor":33.0},{"not_picked":["animator:Biyorigo+1","animator:Kyubey+1","animator:Shiro+1","animator:Saber"],"picked":"animator:Saitama+1","floor":33.0},{"not_picked":["animator:Hans+1","animator:Saber","animator:Eris+1","animator:Guren+1"],"picked":"animator:Gilgamesh","floor":33.0},{"not_picked":["animator:HomuraAkemi+1","animator:Saber","animator:MadokaKaname+1","animator:Wiz+1"],"picked":"animator:Saitama+1","floor":33.0},{"not_picked":["Laetitia","CrumblingArmor"],"picked":"QueenOfHatred","floor":36.0},{"not_picked":["animator:Mikaela","animator:Shigure","animator:Mitsurugi","animator:Shinoa+1"],"picked":"animator:OrikoMikuni+1","floor":36.0},{"not_picked":["animator:Tatsumaki+1","animator:YunYun+1","animator:Illya+1","animator:TsurugaMeisai+1"],"picked":"animator:Saber","floor":36.0},{"not_picked":["animator:DolaRiku+1","animator:Emonzaemon","animator:SakuraMatou+1","animator:DolaStephanie+1"],"picked":"animator:MetalKnight+1","floor":36.0},{"not_picked":["animator:DolaSchwi+1","animator:Jibril+1","animator:Shinoa+1","animator:Caster+1"],"picked":"animator:Mitsuba","floor":36.0},{"not_picked":["GalaxyChild","FairyFestival","MeatLantern"],"picked":"Singing Bowl","floor":40.0},{"not_picked":["VoidDream","SnowQueen"],"picked":"ShyLook","floor":40.0},{"not_picked":["animator:OrikoMikuni+1","animator:KyokoSakura","animator:YuiTsuruno","animator:IrohaTamaki"],"picked":"animator:YachiyoNanami+1","floor":40.0},{"not_picked":["animator:FielNirvalen+1","animator:DolaRiku+1","animator:Megumin+1","animator:Aqua+1"],"picked":"animator:Guren+1","floor":40.0},{"not_picked":["animator:DolaSchwi","animator:Shichika+1","animator:Emonzaemon","animator:Shigure+1"],"picked":"animator:Darkness+1","floor":40.0},{"not_picked":["animator:Saitama+1","animator:EmiyaShirou+1","animator:HiiragiShinya+1","animator:YachiyoNanami+1"],"picked":"animator:Berserker","floor":40.0},{"not_picked":["BlackArmy","Scarecrow","QueenBee"],"picked":"Singing Bowl","floor":42.0},{"not_picked":["Scorched","GreedKing"],"picked":"SpiderBud","floor":42.0},{"not_picked":["animator:Togame+1","animator:Sora+1","animator:IrohaTamaki+1","animator:Darkness+1"],"picked":"animator:Kyubey+1","floor":42.0},{"not_picked":["animator:Berserker+1","animator:Azekura+1","animator:Mikaela+1","animator:Hitei+1"],"picked":"animator:Caster+1","floor":42.0},{"not_picked":["animator:Tatsumaki+1","animator:NagisaMomoe+1","animator:Kazuma+1","animator:ShinjiMatou+1"],"picked":"animator:MumenRider+1","floor":42.0},{"not_picked":["animator:Chris+1","animator:Hitei+1","animator:Genos","animator:IrohaTamaki"],"picked":"animator:HiiragiShinya+1","floor":42.0},{"not_picked":["animator:Kazuma+1","animator:Megumin","animator:Darkness+1","animator:DolaCouronne+1"],"picked":"animator:Melzalgald+1","floor":42.0},{"not_picked":["animator:Verdia+1","animator:Archer+1","animator:DolaStephanie+1","animator:Yoichi+1"],"picked":"animator:Sora+1","floor":42.0},{"not_picked":["animator:Rider+1","animator:ZankiKiguchi","animator:EmiyaShirou+1","animator:Genos+1"],"picked":"animator:Gilgamesh","floor":44.0},{"not_picked":["animator:ChlammyZell+1","animator:Berserker+1","animator:DolaSchwi+1","animator:SilverFang+1"],"picked":"animator:KyokoSakura+1","floor":44.0},{"not_picked":["animator:Vanir+1","animator:Illya+1","animator:Aqua+1","animator:UneriGinkaku+1"],"picked":"animator:Melzalgald","floor":44.0},{"not_picked":["MHz","LittleHelper"],"picked":"NothingThere","floor":44.0},{"not_picked":["animator:SayakaMiki+1","animator:SakuraMatou+1","animator:Megumin+1","animator:Geryuganshoop+1"],"picked":"animator:Guren+1","floor":44.0},{"not_picked":["BigBadWolf","BlackSwan","LaLuna"],"picked":"Singing Bowl","floor":45.0},{"not_picked":["LittleHelper","WallGazer"],"picked":"DreamingCurrent","floor":45.0},{"not_picked":["animator:Assassin","animator:Geryuganshoop+1","animator:UneriGinkaku+1","animator:ShinjiMatou+1"],"picked":"animator:Genos+1","floor":45.0},{"not_picked":["animator:YunYun","animator:MetalKnight","animator:Illya+1","animator:OrikoMikuni+1"],"picked":"animator:YuiTsuruno+1","floor":45.0},{"not_picked":["animator:Berserker+1","animator:RinTohsaka+1","animator:Genos","animator:Shichika+1"],"picked":"animator:Hans+1","floor":45.0},{"not_picked":["animator:Kazuma+1","animator:Geryuganshoop+1","animator:Konayuki+1","animator:CrowleyEusford"],"picked":"animator:Jibril+1","floor":45.0},{"not_picked":["animator:Jibril","animator:IzunaHatsuse"],"picked":"animator:ZankiKiguchi","floor":55.0},{"not_picked":["hexamod:SecondSeal","hexamod:FourthSeal"],"picked":"hexamod:FirstSeal","floor":55.0},{"not_picked":["animator:Yuuichirou","animator:Berserker+1"],"picked":"animator:Illya+1","floor":55.0},{"not_picked":["animator:MisaKurobane","animator:IchigoKurosaki"],"picked":"animator:HarukoHaruhara","floor":56.0},{"not_picked":["animator:HarukoHaruhara","animator:Cirno"],"picked":"animator:Lelouch","floor":56.0},{"not_picked":["animator:IchigoKurosaki","animator:NononJakuzure"],"picked":"animator:TakanashiRikka","floor":56.0},{"not_picked":["animator:Guren+1","animator:Saitama+1"],"picked":"animator:Boros+1","floor":62},{"not_picked":["animator:DolaStephanie+1","animator:Konayuki+1"],"picked":"animator:UneriGinkaku","floor":64}],"player_experience":109962,"relics_obtained":[{"floor":1.0,"key":"Baka"},{"floor":1.0,"key":"SynthV:TestCard"},{"floor":1.0,"key":"LetterFromLob"},{"floor":9.0,"key":"FeatherPendant"},{"floor":11.0,"key":"AT_GoldPhoenixTree"},{"floor":12.0,"key":"Astrolabe"},{"floor":13.0,"key":"Ring of Fangs"},{"floor":13.0,"key":"Ring of Searing"},{"floor":19.0,"key":"Red Mask"},{"floor":23.0,"key":"HowToJump"},{"floor":24.0,"key":"Black Star"},{"floor":25.0,"key":"White Beast Statue"},{"floor":25.0,"key":"animator:RacePiece"},{"floor":26.0,"key":"AT_TrinityForce"},{"floor":27.0,"key":"testmod-ObsoleteBoomerang"},{"floor":27.0,"key":"Chameleon Ring"},{"floor":29.0,"key":"AT_BellDemon"},{"floor":29.0,"key":"Replay:WaspNest"},{"floor":31.0,"key":"Replay:Rubber Ducky"},{"floor":31.0,"key":"Art of War"},{"floor":31.0,"key":"animator:VividPicture"},{"floor":33.0,"key":"AT_Kusabimaru"},{"floor":36.0,"key":"BelialBook"},{"floor":39.0,"key":"testmod-Prudence"},{"floor":40.0,"key":"CloakClasp"},{"floor":40.0,"key":"testmod-AssaultLearning"},{"floor":40.0,"key":"qcfpunch:Broken_Tusk"},{"floor":42.0,"key":"testmod-Laevatain"},{"floor":42.0,"key":"AT_LudenTempest"},{"floor":42.0,"key":"SalivaCoin"},{"floor":44.0,"key":"BloodDonationMachine"},{"floor":44.0,"key":"ReplayTheSpireMod:Lightbulb"},{"floor":44.0,"key":"Diplopia"},{"floor":45.0,"key":"animator:Buoy"},{"floor":48.0,"key":"SecretRecord"},{"floor":54.0,"key":"animator:TheWolleyCore"},{"floor":54.0,"key":"animator:AncientMedallion"},{"floor":55.0,"key":"LetterFromLob"},{"floor":57.0,"key":"animator:AncientMedallion"},{"floor":58.0,"key":"animator:AncientMedallion"},{"floor":58.0,"key":"animator:AncientMedallion"},{"floor":64,"key":"animator:AncientMedallion"},{"floor":64,"key":"LetterFromLob"},{"floor":65,"key":"animator:AncientMedallion"}],"event_choices":[{"damage_healed":0.0,"max_hp_gain":0.0,"max_hp_loss":0.0,"gold_gain":275.0,"event_name":"Golden Shrine","player_choice":"Desecrate","floor":3.0,"gold_loss":0.0,"damage_taken":0.0,"cards_obtained":["Regret"]},{"cards_removed":["Regret"],"damage_healed":0.0,"max_hp_gain":0.0,"max_hp_loss":0.0,"gold_gain":0.0,"event_name":"Golden Wing","player_choice":"Card Removal","floor":4.0,"gold_loss":0.0,"damage_taken":7.0},{"damage_healed":0.0,"max_hp_gain":0.0,"max_hp_loss":0.0,"gold_gain":175.0,"event_name":"Liars Game","player_choice":"AGREE","floor":7.0,"gold_loss":0.0,"damage_taken":0.0,"cards_obtained":["Doubt"]},{"damage_healed":0.0,"max_hp_gain":0.0,"max_hp_loss":0.0,"gold_gain":0.0,"event_name":"Wheel of Change","player_choice":"Damaged","floor":14.0,"gold_loss":0.0,"damage_taken":6.0},{"damage_healed":0.0,"max_hp_gain":0.0,"max_hp_loss":0.0,"gold_gain":0.0,"event_name":"Masked Bandits","player_choice":"Fought Bandits","floor":19.0,"gold_loss":0.0,"damage_taken":0.0},{"damage_healed":0.0,"max_hp_gain":0.0,"max_hp_loss":0.0,"gold_gain":0.0,"event_name":"Addict","player_choice":"Obtained Relic","floor":21.0,"gold_loss":85.0,"damage_taken":0.0,"relics_obtained":["Toxic Egg 2"]},{"damage_healed":0.0,"max_hp_gain":0.0,"max_hp_loss":0.0,"gold_gain":0.0,"event_name":"Duplicator","player_choice":"Copied","floor":37.0,"gold_loss":0.0,"damage_taken":0.0,"cards_obtained":["Yin"]},{"damage_healed":0.0,"max_hp_gain":0.0,"max_hp_loss":0.0,"gold_gain":999.0,"event_name":"恩洛斯的盘子","player_choice":"Sell","floor":41.0,"relics_lost":["Astrolabe"],"gold_loss":0.0,"damage_taken":0.0},{"damage_healed":0.0,"max_hp_gain":0.0,"max_hp_loss":0.0,"gold_gain":0.0,"event_name":"SensoryStone","player_choice":"Memory 3","floor":56.0,"gold_loss":0.0,"damage_taken":10.0},{"damage_healed":0,"gold_gain":0,"player_choice":"Ignored","damage_taken":0,"max_hp_gain":0,"max_hp_loss":0,"event_name":"给自己的盒子","floor":60,"gold_loss":0}],"is_beta":false,"boss_relics":[{"not_picked":["Golden Egg","Replay:Bottled Flurry"],"picked":"DianPoetry"},{"not_picked":[]},{"not_picked":["bronze:BronzeIdol","RottenBaby"],"picked":"Membership Card"},{"not_picked":[]}],"items_purged_floors":[15,67],"is_endless":false,"potions_floor_spawned":[1,19,23,24,27,29,31,33,35,36,40,42,44,45],"killed_by":"animator:ULTIMATE_CUBE","ascension_level":1}}