{"host":"s0nrlal5fls38heo","time":1613762746,"event":{"mods":["AchievementEnabler","BaseMod","Colored Powertips","Dark Map","Displayed Cursed Tome","Downfall","Faster Ascension Climbing","GifTheSpireLib","Minty Spire (QoL Compilation)","Permanent Neow","Rare Cards Sparkle","Relic Filter Mod","StSLib"],"gold_per_floor":[99,99,118,138,138,48,48,48,78,78,93,127,127,162,179,277,277,277,294,294,388,488,675,675,808,505,636,536,716,870,1441,1577,1877,1877,1877,2010,2067,2245,1593,1740,1815,1928,1453,1603,1403,1583,1774,1774,1868,1868,1868,1936,887,887,887,887],"floor_reached":57,"language":"ENG","playtime":4853,"items_purged":["Slimebound:Strike_Slimebound","Slimebound:Strike_Slimebound","Slimebound:Tackle","Slimebound:Defend_Slimebound","Mayhem+1"],"score":2050,"play_id":"bb09ce5d-e9ee-4cc0-8141-e5ddaed10b11","local_time":"20210219202546","is_ascension_mode":true,"campfire_choices":[{"data":"Slimebound:Split","floor":1.0,"key":"SMITH"},{"data":"Slimebound:CorrosiveSpit","floor":8.0,"key":"SMITH"},{"data":"Slimebound:HauntingLick","floor":10.0,"key":"SMITH"},{"data":"Slimebound:GoopSpray","floor":13.0,"key":"SMITH"},{"data":"Slimebound:SelfFormingGoo","floor":18.0,"key":"SMITH"},{"data":"Mayhem","floor":28.0,"key":"SMITH"},{"floor":35.0,"key":"RECALL"},{"data":"Slimebound:DuplicatedForm","floor":45.0,"key":"SMITH"},{"floor":54,"key":"REST"}],"circlet_count":0,"master_deck":["AscendersBane","Slimebound:Defend_Slimebound","Slimebound:Defend_Slimebound","Slimebound:Defend_Slimebound","Slimebound:Split+1","Slimebound:CorrosiveSpit+1","Slimebound:LeechLife","Slimebound:SplitMire","Slimebound:GoopSpray+1","Slimebound:GrowthPunch","Slimebound:Prepare","Slimebound:LeechEnergy","Slimebound:Darklings","Slimebound:SelfFormingGoo+1","Slimebound:Recollect+1","Slimebound:LivingWall","Slimebound:Prepare","Slimebound:HungryTackle+1","Slimebound:OneTwoCombo","Slimebound:HungryTackle","Slimebound:SplitBruiser+1","Slimebound:OozeBath","Slimebound:Equalize+1","Slimebound:DuplicatedForm+1","Slimebound:Dissolve+1","expansioncontent:StudyTheSpire","Slimebound:FormOfPuddle","Slimebound:RejuvenatingLick+1","Slimebound:Prepare+1","Slimebound:SlimeSpikes+1","Slimebound:HauntingLick+1","expansioncontent:AwakenDeath+1","expansioncontent:Chronoboost+1","Slimebound:OozeBath","Slimebound:Prepare+1","expansioncontent:DashGenerateEvil","expansioncontent:InvincibleStrength+1","Slimebound:SpikyOuterGoop+1","Slimebound:FormOfPuddle"],"relics":["Slimebound:AbsorbEndCombat","Bronze Scales","Ice Cream","CaptainsWheel","Slimebound:AggressiveSlimeRelic","Runic Pyramid","downfall:KnowingSkull","Potion Belt","White Beast Statue","downfall:HeartBlessingGreen","Sundial","Empty Cage","Anchor","Frozen Eye","Juzu Bracelet","MealTicket","Mummified Hand","Mercury Hourglass","Lee\u0027s Waffle","Pantograph","downfall:HeartBlessingRed","downfall:HeartBlessingBlue","downfall:GremlinWheel","Frozen Egg 2","Slimebound:MaxSlimesRelic","Pen Nib","Oddly Smooth Stone","Slimebound:SelfDamagePreventRelic"],"acts_visited":["Exordium","TheCity","TheBeyond","TheEnding"],"potions_floor_usage":[50,50,50,55,55,55,55,55,56,56,56,56,56],"damage_taken":[{"damage":0.0,"enemies":"Small Slimes","floor":3.0,"turns":3.0},{"damage":5.0,"enemies":"Cultist","floor":4.0,"turns":4.0},{"damage":0.0,"enemies":"downfall:FleeingMerchant","floor":6.0,"turns":4.0},{"damage":36.0,"enemies":"Gremlin Nob","floor":9.0,"turns":5.0},{"damage":0.0,"enemies":"2 Louse","floor":11.0,"turns":3.0},{"damage":2.0,"enemies":"Lagavulin","floor":12.0,"turns":6.0},{"damage":14.0,"enemies":"Gremlin Nob","floor":14.0,"turns":3.0},{"damage":2.0,"enemies":"downfall:LooterAlt","floor":15.0,"turns":3.0},{"damage":4.0,"enemies":"WA_ARCHETYPE_RETAIN","floor":16.0,"turns":8.0},{"damage":0.0,"enemies":"3 Byrds","floor":19.0,"turns":3.0},{"damage":6.0,"enemies":"Shell Parasite","floor":21.0,"turns":4.0},{"damage":19.0,"enemies":"Shelled Parasite and Fungi","floor":22.0,"turns":5.0},{"damage":49.0,"enemies":"Slavers","floor":23.0,"turns":7.0},{"damage":9.0,"enemies":"Centurion and Healer","floor":25.0,"turns":17.0},{"damage":12.0,"enemies":"downfall:FleeingMerchant","floor":26.0,"turns":4.0},{"damage":19.0,"enemies":"Cultist and Chosen","floor":27.0,"turns":7.0},{"damage":16.0,"enemies":"Snecko","floor":29.0,"turns":6.0},{"damage":21.0,"enemies":"Gremlin Leader","floor":30.0,"turns":8.0},{"damage":70.0,"enemies":"Centurion and Healer","floor":31.0,"turns":20.0},{"damage":12.0,"enemies":"Snake Plant","floor":32.0,"turns":4.0},{"damage":64.0,"enemies":"IC_MUSHROOM_ARCHETYPE","floor":33.0,"turns":13.0},{"damage":29.0,"enemies":"3 Shapes","floor":36.0,"turns":5.0},{"damage":17.0,"enemies":"Orb Walker","floor":37.0,"turns":4.0},{"damage":34.0,"enemies":"4 Shapes","floor":38.0,"turns":6.0},{"damage":15.0,"enemies":"downfall:FleeingMerchant","floor":39.0,"turns":4.0},{"damage":46.0,"enemies":"Reptomancer","floor":40.0,"turns":7.0},{"damage":63.0,"enemies":"Giant Head","floor":42.0,"turns":9.0},{"damage":10.0,"enemies":"downfall:FleeingMerchant","floor":43.0,"turns":4.0},{"damage":54.0,"enemies":"Nemesis","floor":44.0,"turns":9.0},{"damage":23.0,"enemies":"Nemesis","floor":46.0,"turns":4.0},{"damage":37.0,"enemies":"Giant Head","floor":47.0,"turns":7.0},{"damage":28.0,"enemies":"Maw","floor":49.0,"turns":7.0},{"damage":46,"enemies":"SI_POISON_ARCHETYPE","floor":50,"turns":10},{"damage":112,"enemies":"downfall:CharBossMerchant","floor":52,"turns":9},{"damage":54,"enemies":"downfall:NeowBoss","floor":55,"turns":18},{"damage":85,"enemies":"downfall:NeowBossFinal","floor":56,"turns":13}],"seed_played":"-5138972091222241285","potions_obtained":[{"floor":2.0,"key":"EntropicBrew"},{"floor":2.0,"key":"champ:CounterPotion"},{"floor":9.0,"key":"bronze:BurnAndBuffPotion"},{"floor":11.0,"key":"ColorlessPotion"},{"floor":15.0,"key":"Regen Potion"},{"floor":22.0,"key":"AttackPotion"},{"floor":23.0,"key":"SpeedPotion"},{"floor":25.0,"key":"bronze:BurnAndBuffPotion"},{"floor":26.0,"key":"DuplicationPotion"},{"floor":27.0,"key":"Slimebound:SlimedPotion"},{"floor":29.0,"key":"Regen Potion"},{"floor":31.0,"key":"CultistPotion"},{"floor":32.0,"key":"FairyPotion"},{"floor":38.0,"key":"PowerPotion"},{"floor":39.0,"key":"Slimebound:SlimyTonguePotion"},{"floor":40.0,"key":"AttackPotion"},{"floor":42.0,"key":"ColorlessPotion"},{"floor":43.0,"key":"LiquidBronze"},{"floor":52,"key":"Strength Potion"}],"is_trial":false,"path_per_floor":["R","?","M","M","?","$","T","R","E","R","M","E","R","E","M","B",null,"R","M","?","M","M","E","T","M","$","M","R","M","E","M","M","B",null,"R","M","M","M","$","E","T","E","$","E","R","?","E","?","M","B",null,"E","$","R","B","B",null],"character_chosen":"SLIMEBOUND","items_purchased":["Mayhem","Slimebound:OneTwoCombo","expansioncontent:StudyTheSpire","Anchor","Frozen Eye","Fruit Juice","Slimebound:FormOfPuddle","Mummified Hand","Mercury Hourglass","Lee\u0027s Waffle","Swift Potion","expansioncontent:DashGenerateEvil","Pen Nib","Oddly Smooth Stone","Slimebound:SelfDamagePreventRelic","expansioncontent:InvincibleStrength","Slimebound:SpikyOuterGoop+1","Slimebound:FormOfPuddle"],"campfire_rested":1,"item_purchase_floors":[26,26,39,39,39,39,39,43,43,43,43,53,53,53,53,53,53,53],"current_hp_per_floor":[44,44,54,65,65,65,65,65,39,39,64,65,65,53,53,65,65,65,65,59,65,60,51,51,65,65,65,65,65,51,65,65,37,58,58,54,65,59,70,59,59,70,77,77,87,87,79,69,87,80,85,23,38,64,77,62],"gold":887,"neow_bonus":"THREE_RARE_CARDS","is_daily":false,"chose_seed":false,"campfire_upgraded":7,"win_rate":0.0,"timestamp":1613762746,"path_taken":["R","?","M","?","?","$","T","R","E","R","M","E","R","E","M","BOSS","R","M","?","?","M","E","T","M","$","M","R","M","E","M","M","BOSS","R","M","M","?","$","E","T","E","$","E","R","?","E","?","M","BOSS","E","$","R","BOSS","BOSS"],"items_purchased_type":["Card","Card","Card","Relic","Relic","Potion","Card","Relic","Relic","Relic","Potion","Card","Relic","Relic","Relic","Card","Card","Card"],"build_version":"2020-12-22","purchased_purges":5,"victory":true,"max_hp_per_floor":[65,65,65,65,65,65,65,65,65,65,65,65,65,65,65,65,65,65,65,65,65,65,65,65,65,65,65,65,65,65,65,65,65,65,65,65,65,65,70,70,70,70,77,77,87,87,87,87,87,87,87,87,87,87,87,87],"card_choices":[{"not_picked":["Slimebound:MassRepurpose","Slimebound:DouseInSlime"],"picked":"Slimebound:LeechLife","floor":0.0},{"not_picked":["Slimebound:MegaLick","Slimebound:SpikyOuterGoop"],"picked":"Slimebound:SplitMire","floor":3.0},{"not_picked":["Slimebound:LeechingTouch","Slimebound:HauntingLick"],"picked":"Slimebound:GoopSpray","floor":4.0},{"not_picked":["Slimebound:RollThrough","Slimebound:SplitSpecialist"],"picked":"Slimebound:GrowthPunch","floor":6.0},{"not_picked":["Slimebound:DisruptingSlam","Slimebound:AcidTongue"],"picked":"Slimebound:HauntingLick","floor":9.0},{"not_picked":["Slimebound:Schlurp","Slimebound:Chomp"],"picked":"Slimebound:Prepare","floor":11.0},{"not_picked":["Slimebound:GrowthPunch","Slimebound:Chomp"],"picked":"Slimebound:LeechEnergy","floor":12.0},{"not_picked":["Slimebound:ViciousTackle","Slimebound:SplitMire"],"picked":"Slimebound:Darklings","floor":14.0},{"not_picked":["Slimebound:DivideAndConquer","Slimebound:SamplingLick"],"picked":"Slimebound:Schlurp","floor":15.0},{"not_picked":["Slimebound:MassRepurpose","Slimebound:Teamwork"],"picked":"Slimebound:SelfFormingGoo","floor":16.0},{"not_picked":["Slimebound:ItLooksTasty","Slimebound:SlimeBrawl"],"picked":"Slimebound:Recollect+1","floor":19.0},{"not_picked":["Slimebound:PressTheAttack+1","Slimebound:SplitAcid"],"picked":"Slimebound:LivingWall","floor":21.0},{"not_picked":["Slimebound:PressTheAttack","Slimebound:ComboTackle+1"],"picked":"Slimebound:Prepare","floor":22.0},{"not_picked":["Slimebound:LivingWall","Slimebound:ComboTackle","Slimebound:LeechingTouch"],"picked":"SKIP","floor":23.0},{"not_picked":["Slimebound:SplitLeeching","Slimebound:GrowthPunch"],"picked":"Slimebound:HungryTackle+1","floor":25.0},{"not_picked":["Slimebound:SplitSpecialist","Slimebound:ComboTackle","Slimebound:MegaLick"],"picked":"SKIP","floor":26.0},{"not_picked":["Slimebound:SlimeBarrage","Slimebound:LivingWall","Slimebound:HauntingLick+1"],"picked":"SKIP","floor":27.0},{"not_picked":["Slimebound:LeechingTouch+1","Slimebound:PressTheAttack","Slimebound:SlimeSpikes"],"picked":"SKIP","floor":29.0},{"not_picked":["Slimebound:SamplingLick","Slimebound:DouseInSlime"],"picked":"Slimebound:HungryTackle","floor":30.0},{"not_picked":["Slimebound:SplitAcid","Slimebound:GoopSpray"],"picked":"Slimebound:SplitBruiser+1","floor":31.0},{"not_picked":["Slimebound:DouseInSlime","Slimebound:SamplingLick","Slimebound:SplitLeeching"],"picked":"SKIP","floor":32.0},{"not_picked":["Slimebound:LeechLife","Slimebound:WasteNot"],"picked":"Slimebound:OozeBath","floor":33.0},{"not_picked":["Slimebound:PressTheAttack","Slimebound:SplitLeeching+1","Slimebound:Schlurp"],"picked":"SKIP","floor":36.0},{"not_picked":["Slimebound:TongueLash","Slimebound:ForwardTackle"],"picked":"Slimebound:Equalize+1","floor":37.0},{"not_picked":["Slimebound:SplitLeeching+1","Slimebound:Schlurp"],"picked":"Slimebound:DuplicatedForm","floor":38.0},{"not_picked":["Slimebound:GoopSpray","Slimebound:SamplingLick+1"],"picked":"Slimebound:Dissolve+1","floor":39.0},{"not_picked":["Slimebound:SplitSpecialist+1","Slimebound:ItLooksTasty"],"picked":"Slimebound:RejuvenatingLick+1","floor":40.0},{"not_picked":["Slimebound:LivingWall","Slimebound:PressTheAttack+1"],"picked":"Slimebound:Prepare+1","floor":42.0},{"not_picked":["Slimebound:LeechEnergy+1","Slimebound:RollThrough"],"picked":"Slimebound:SlimeSpikes+1","floor":43.0},{"not_picked":["Slimebound:Gluttony","Slimebound:OozeBath"],"picked":"Slimebound:HauntingLick+1","floor":44.0},{"not_picked":["Slimebound:LeechingTouch+1","Slimebound:PressTheAttack+1","Slimebound:LeechEnergy+1"],"picked":"SKIP","floor":47.0},{"not_picked":["expansioncontent:GuardianWhirl","expansioncontent:YouAreMine"],"picked":"expansioncontent:AwakenDeath","floor":48.0},{"not_picked":["expansioncontent:Hexaburn","expansioncontent:PolyBeam"],"picked":"expansioncontent:Chronoboost","floor":48.0},{"not_picked":["Slimebound:LeechEnergy+1","Slimebound:GrowthPunch"],"picked":"Slimebound:OozeBath","floor":49.0},{"not_picked":["Slimebound:PressTheAttack","Slimebound:RollThrough+1"],"picked":"Slimebound:Prepare+1","floor":52}],"player_experience":36359,"relics_obtained":[{"floor":7.0,"key":"Bronze Scales"},{"floor":9.0,"key":"Ice Cream"},{"floor":12.0,"key":"CaptainsWheel"},{"floor":14.0,"key":"Slimebound:AggressiveSlimeRelic"},{"floor":23.0,"key":"Potion Belt"},{"floor":24.0,"key":"White Beast Statue"},{"floor":30.0,"key":"Sundial"},{"floor":40.0,"key":"Juzu Bracelet"},{"floor":42.0,"key":"MealTicket"},{"floor":44.0,"key":"Pantograph"},{"floor":46.0,"key":"downfall:GremlinWheel"},{"floor":47.0,"key":"Frozen Egg 2"},{"floor":52,"key":"Slimebound:MaxSlimesRelic"}],"event_choices":[{"damage_healed":0.0,"max_hp_gain":0.0,"max_hp_loss":0.0,"gold_gain":0.0,"event_name":"Lab","player_choice":"Got Potions","floor":2.0,"gold_loss":0.0,"damage_taken":0.0}],"is_beta":false,"boss_relics":[{"not_picked":["Astrolabe","Slimebound:AbsorbEndCombatUpgraded"],"picked":"Runic Pyramid"},{"not_picked":["Philosopher\u0027s Stone","Tiny House"],"picked":"Empty Cage"}],"items_purged_floors":[6,26,39,43,53],"is_endless":false,"potions_floor_spawned":[9,11,15,21,22,23,25,26,27,29,30,31,32,33,36,37,38,39,40,42,43,44,46,47,49,52],"ascension_level":11}}