{"host":"nmjik3bzoelmmajy","time":1613746406,"event":{"mods":["BaseMod","Better Third Choice","Colored Map","DeckTracker","Minty Spire (QoL Compilation)","Quick Restart","Say the Spire","StSLib","SuperFastMode"],"gold_per_floor":[116,191,203,219,394,429,442,454,477,477,503,168,186,205,205,205,205],"floor_reached":16,"language":"KOR","playtime":570,"items_purged":["Doubt"],"score":143,"play_id":"b1e1100a-c4a3-4ebb-84ab-52537a6a41a8","local_time":"20210219235326","is_ascension_mode":true,"campfire_choices":[{"data":"Bouncing Flask","floor":10.0,"key":"SMITH"},{"floor":15.0,"key":"REST"}],"circlet_count":0,"master_deck":["Strike_G","Strike_G","Strike_G","Strike_G","Strike_G","Defend_G","Defend_G","Defend_G","Defend_G","Defend_G","Survivor","Neutralize","Underhanded Strike","PiercingWail","Bouncing Flask+1","Die Die Die","Cloak And Dagger","Accuracy","Clumsy","Blade Dance","Panacea","Blade Dance"],"relics":["Cursed Key","HornCleat","CeramicFish","Bag of Marbles","Art of War"],"acts_visited":["Exordium"],"potions_floor_usage":[],"damage_taken":[{"damage":0.0,"enemies":"Jaw Worm","floor":1.0,"turns":5.0},{"damage":0.0,"enemies":"2 Louse","floor":3.0,"turns":3.0},{"damage":0.0,"enemies":"Small Slimes","floor":4.0,"turns":4.0},{"damage":37.0,"enemies":"3 Sentries","floor":6.0,"turns":10.0},{"damage":0.0,"enemies":"Red Slaver","floor":7.0,"turns":3.0},{"damage":0.0,"enemies":"2 Fungi Beasts","floor":8.0,"turns":2.0},{"damage":8.0,"enemies":"Lagavulin","floor":11.0,"turns":7.0},{"damage":6.0,"enemies":"Looter","floor":13.0,"turns":2.0},{"damage":3.0,"enemies":"Exordium Thugs","floor":14.0,"turns":3.0},{"damage":37,"enemies":"Slime Boss","floor":16,"turns":5}],"seed_played":"1228025879748378794","potions_obtained":[{"floor":4.0,"key":"SkillPotion"},{"floor":6.0,"key":"Dexterity Potion"},{"floor":7.0,"key":"Poison Potion"}],"is_trial":false,"path_per_floor":["M","?","M","M","?","E","M","M","T","R","E","$","M","M","R","B"],"character_chosen":"THE_SILENT","items_purchased":["Blade Dance","Art of War","Panacea"],"campfire_rested":1,"item_purchase_floors":[12,12,12],"current_hp_per_floor":[70,59,59,59,59,22,22,22,22,22,14,14,8,5,26,0,0],"gold":205,"neow_bonus":"BOSS_RELIC","is_daily":false,"chose_seed":false,"campfire_upgraded":1,"win_rate":0.0,"timestamp":1613746406,"path_taken":["M","?","M","M","?","E","M","M","T","R","E","?","M","?","R","BOSS"],"items_purchased_type":["Card","Relic","Card"],"build_version":"2020-12-22","purchased_purges":1,"victory":false,"max_hp_per_floor":[70,70,70,70,70,70,70,70,70,70,70,70,70,70,70,70,70],"card_choices":[{"not_picked":["Predator","Deflect"],"picked":"Underhanded Strike","floor":1.0},{"not_picked":["Distraction","Underhanded Strike"],"picked":"PiercingWail","floor":3.0},{"not_picked":["Blade Dance","Backflip"],"picked":"Bouncing Flask","floor":4.0},{"not_picked":["Outmaneuver","Setup"],"picked":"Die Die Die","floor":6.0},{"not_picked":["Bane","Underhanded Strike"],"picked":"Cloak And Dagger","floor":7.0},{"not_picked":["Dagger Throw","Leg Sweep"],"picked":"Accuracy","floor":8.0},{"not_picked":["Eviscerate","Poisoned Stab","Quick Slash"],"picked":"SKIP","floor":11.0},{"not_picked":["Die Die Die","Dagger Spray","Dagger Throw"],"picked":"SKIP","floor":13.0},{"not_picked":["Concentrate","Dagger Throw"],"picked":"Blade Dance","floor":14.0}],"player_experience":511672,"relics_obtained":[{"floor":6.0,"key":"HornCleat"},{"floor":9.0,"key":"CeramicFish"},{"floor":11.0,"key":"Bag of Marbles"}],"event_choices":[{"damage_healed":0.0,"max_hp_gain":0.0,"max_hp_loss":0.0,"gold_gain":75.0,"event_name":"betterThird:BetterGoop","player_choice":"Gold","floor":2.0,"gold_loss":0.0,"damage_taken":11.0},{"damage_healed":0.0,"max_hp_gain":0.0,"max_hp_loss":0.0,"gold_gain":175.0,"event_name":"betterThird:BetterSerpent","player_choice":"AGREE","floor":5.0,"gold_loss":0.0,"damage_taken":219.0}],"is_beta":false,"boss_relics":[],"items_purged_floors":[12],"is_endless":false,"potions_floor_spawned":[4,6,7],"killed_by":"Slime Boss","ascension_level":5}}