{"host":"2fgwwnzqc97k7iys","time":1613768427,"event":{"mods":["BaseMod","Colored Map","Minty Spire (QoL Compilation)","Quick Restart","Relic Stats"],"gold_per_floor":[113,123,133,151,151,180,180,255,255,269,269,295,295,309,309,405,405,416,296,221,241,257,257,257,27,27,27,27,27,27,57,57,57,57],"floor_reached":33,"language":"ENG","playtime":1730,"items_purged":["Defend_P","Defend_P"],"score":472,"play_id":"87b784d5-27f8-4715-b66c-9a983a08b493","local_time":"20210219150027","is_ascension_mode":true,"campfire_choices":[{"data":"MentalFortress","floor":7,"key":"SMITH"},{"data":"TalkToTheHand","floor":11,"key":"SMITH"},{"data":"Vault","floor":13,"key":"SMITH"},{"data":"Meditate","floor":15,"key":"SMITH"},{"data":"Wallop","floor":24,"key":"SMITH"},{"data":"Adaptation","floor":29,"key":"SMITH"},{"data":"Ragnarok","floor":32,"key":"SMITH"}],"circlet_count":0,"master_deck":["AscendersBane","Defend_P","Eruption+1","Vigilance","Meditate+1","MentalFortress+1","EmptyBody","FlurryOfBlows","TalkToTheHand+1","EmptyFist","Vault+1","Conclude","Ragnarok+1","Wallop+1","Vengeance+1","FlurryOfBlows","Adaptation+1","Meditate+1","Bite","Bite","Bite","Bite","Bite"],"relics":["PureWater","Smiling Mask","HornCleat","Gambling Chip","Centennial Puzzle","Busted Crown","Matryoshka","Frozen Egg 2"],"acts_visited":["Exordium","TheCity"],"potions_floor_usage":[6,6,18,31,31,33],"damage_taken":[{"damage":0,"enemies":"Cultist","floor":1,"turns":2},{"damage":0,"enemies":"Small Slimes","floor":2,"turns":3},{"damage":0,"enemies":"2 Louse","floor":3,"turns":3},{"damage":0,"enemies":"Large Slime","floor":4,"turns":5},{"damage":16,"enemies":"Gremlin Nob","floor":6,"turns":4},{"damage":7,"enemies":"Exordium Wildlife","floor":10,"turns":4},{"damage":0,"enemies":"Lagavulin","floor":12,"turns":5},{"damage":4,"enemies":"3 Louse","floor":14,"turns":2},{"damage":3,"enemies":"The Guardian","floor":16,"turns":9},{"damage":16,"enemies":"2 Thieves","floor":18,"turns":3},{"damage":0,"enemies":"Chosen","floor":21,"turns":3},{"damage":8,"enemies":"Centurion and Healer","floor":22,"turns":4},{"damage":25,"enemies":"Slavers","floor":31,"turns":3},{"damage":37,"enemies":"Champ","floor":33,"turns":7}],"seed_played":"-9200332276782964542","potions_obtained":[{"floor":1,"key":"Regen Potion"},{"floor":2,"key":"LiquidMemories"},{"floor":4,"key":"LiquidMemories"},{"floor":10,"key":"Dexterity Potion"},{"floor":14,"key":"GamblersBrew"},{"floor":16,"key":"PowerPotion"},{"floor":22,"key":"EssenceOfSteel"},{"floor":31,"key":"SpeedPotion"}],"is_trial":false,"path_per_floor":["M","M","M","M","T","E","R","?","T","M","R","E","R","M","R","B",null,"M","$","?","M","M","?","R","$","T","$","?","R","?","E","R","B"],"character_chosen":"WATCHER","items_purchased":["Wallop","FlurryOfBlows","Adaptation","Meditate"],"campfire_rested":0,"item_purchase_floors":[19,25,25,25],"current_hp_per_floor":[65,65,65,65,65,49,49,38,38,31,31,31,31,27,27,24,60,44,44,44,44,36,23,23,23,23,23,23,23,23,15,15,0,0],"gold":57,"neow_bonus":"UPGRADE_CARD","is_daily":false,"chose_seed":false,"campfire_upgraded":7,"win_rate":0.0,"timestamp":1613768427,"path_taken":["M","M","?","M","?","E","R","?","T","M","R","E","R","M","R","BOSS","M","$","?","M","M","?","R","$","T","?","?","R","?","E","R","BOSS"],"items_purchased_type":["Card","Card","Card","Card"],"build_version":"2020-12-22","purchased_purges":2,"victory":false,"max_hp_per_floor":[72,72,72,72,72,72,72,72,72,72,72,72,72,72,72,72,72,72,72,72,72,72,77,77,77,77,77,53,53,53,53,53,53,53],"relic_stats":{"Centennial Puzzle":[18],"Busted Crown":8,"counters":[14,57],"Gambling Chip":[13],"Smiling Mask":75,"obtain_stats":[{"Centennial Puzzle":12,"HornCleat":6,"Busted Crown":17,"Matryoshka":26,"Gambling Chip":9,"PureWater":0,"Frozen Egg 2":31,"Smiling Mask":5},{"Centennial Puzzle":7,"HornCleat":5,"Busted Crown":9,"Matryoshka":12,"Gambling Chip":5,"PureWater":0,"Frozen Egg 2":13,"Smiling Mask":4},{"Centennial Puzzle":26,"HornCleat":17,"Busted Crown":37,"Matryoshka":47,"Gambling Chip":17,"PureWater":0,"Frozen Egg 2":50,"Smiling Mask":13}]},"card_choices":[{"not_picked":["WaveOfTheHand","ReachHeaven"],"picked":"Meditate","floor":1},{"not_picked":["Pray","Prostrate"],"picked":"MentalFortress","floor":2},{"not_picked":["Fasting2","Protect"],"picked":"EmptyBody","floor":3},{"not_picked":["InnerPeace","Prostrate"],"picked":"FlurryOfBlows","floor":4},{"not_picked":["SashWhip","Indignation"],"picked":"TalkToTheHand","floor":6},{"not_picked":["FollowUp","CarveReality"],"picked":"EmptyFist","floor":10},{"not_picked":["BowlingBash","DevaForm"],"picked":"Vault","floor":12},{"not_picked":["Halt","Consecrate"],"picked":"Conclude","floor":14},{"not_picked":["SpiritShield","Judgement"],"picked":"Ragnarok","floor":16},{"not_picked":["JustLucky"],"picked":"SKIP","floor":18},{"not_picked":["PathToVictory"],"picked":"SKIP","floor":21},{"not_picked":[],"picked":"Vengeance+1","floor":22},{"not_picked":["ThirdEye"],"picked":"SKIP","floor":31}],"player_experience":627973,"relics_obtained":[{"floor":5,"key":"Smiling Mask"},{"floor":6,"key":"HornCleat"},{"floor":9,"key":"Gambling Chip"},{"floor":12,"key":"Centennial Puzzle"},{"floor":26,"key":"Matryoshka"},{"floor":31,"key":"Frozen Egg 2"}],"event_choices":[{"damage_healed":0,"gold_gain":75,"player_choice":"Gather Gold","damage_taken":11,"max_hp_gain":0,"max_hp_loss":0,"event_name":"World of Goop","floor":8,"gold_loss":0},{"cards_removed":["Defend_P"],"damage_healed":0,"gold_gain":0,"player_choice":"Gave Gold","damage_taken":0,"max_hp_gain":0,"max_hp_loss":0,"event_name":"Beggar","floor":20,"gold_loss":75},{"damage_healed":0,"gold_gain":0,"player_choice":"Shed Blood","damage_taken":18,"max_hp_gain":5,"max_hp_loss":0,"event_name":"Forgotten Altar","floor":23,"gold_loss":0},{"damage_healed":0,"gold_gain":0,"player_choice":"Became a vampire","damage_taken":0,"max_hp_gain":0,"max_hp_loss":24,"event_name":"Vampires","floor":28,"gold_loss":0,"cards_obtained":["Bite","Bite","Bite","Bite","Bite"]},{"damage_healed":0,"gold_gain":0,"player_choice":"Upgraded","damage_taken":0,"max_hp_gain":0,"max_hp_loss":0,"event_name":"Upgrade Shrine","floor":30,"gold_loss":0,"cards_upgraded":["Meditate"]}],"is_beta":false,"boss_relics":[{"not_picked":["Calling Bell","Velvet Choker"],"picked":"Busted Crown"}],"items_purged_floors":[19,25],"is_endless":false,"potions_floor_spawned":[1,2,4,10,14,16,22,31],"killed_by":"Champ","ascension_level":10}}