{"host":"v4nyfngrgywi7zc6","time":1613764138,"event":{"mods":["2.2 Compatiblity","Act Like it!","BaseMod","Custom Start","Friendly Minions","Minty Spire (QoL Compilation)","Reliquary","Ruina","Shade Mod","Shop Mod","StSLib","The Cursed","The Judge","The Jungle","The Marked","The Mystic","The Necromancer","The Saiyan"],"gold_per_floor":[113,131,81,81,100,129,129,149,174,174,191,203,203,278,278,375,425,425,425],"floor_reached":18,"language":"ENG","playtime":1165,"items_purged":[],"score":189,"play_id":"da9b1ddf-3010-434b-96d6-cb0d31d5732c","local_time":"20210219134858","is_ascension_mode":false,"campfire_choices":[{"floor":7,"key":"REST"},{"data":"WordoMod:Sacrilege","floor":10,"key":"SMITH"},{"floor":13,"key":"REST"},{"floor":15,"key":"REST"}],"circlet_count":0,"master_deck":["WordoMod:StrikeCard","WordoMod:StrikeCard","WordoMod:StrikeCard","WordoMod:StrikeCard","WordoMod:DefendCard+1","WordoMod:DefendCard","WordoMod:DefendCard","WordoMod:DefendCard","WordoMod:Accursed","WordoMod:IllWill","Shame","WordoMod:Repent","WordoMod:Cataclysm","WordoMod:Sacrilege+1","WordoMod:Infected","WordoMod:Sacrilege","WordoMod:Petrified","WordoMod:BoundlessGreed","WordoMod:MonkeysPaw","WordoMod:GivesYouHell"],"relics":["WordoMod:Obsidian","WordoMod:Effigy","Calipers","Bronze Scales","Strawberry","Tiny House"],"acts_visited":["Exordium","Exordium"],"potions_floor_usage":[6,16,16,17],"damage_taken":[{"damage":0,"enemies":"Small Slimes","floor":1,"turns":2},{"damage":7,"enemies":"Cultist","floor":2,"turns":4},{"damage":2,"enemies":"2 Louse","floor":5,"turns":3},{"damage":37,"enemies":"Lagavulin","floor":6,"turns":7},{"damage":4,"enemies":"Looter","floor":8,"turns":3},{"damage":8,"enemies":"Exordium Thugs","floor":11,"turns":3},{"damage":13,"enemies":"Blue Slaver","floor":12,"turns":4},{"damage":27,"enemies":"The Guardian","floor":16,"turns":13},{"damage":32,"enemies":"ruina:Nosferatu","floor":18,"turns":7}],"seed_played":"3439479264679733199","potions_obtained":[{"floor":2,"key":"EssenceOfSteel"},{"floor":5,"key":"SteroidPotion"},{"floor":11,"key":"Energy Potion"},{"floor":12,"key":"Dexterity Potion"},{"floor":17,"key":"Fruit Juice"}],"is_trial":false,"path_per_floor":["M","M","$","?","M","E","R","M","T","R","M","M","R","?","R","B",null,"M"],"character_chosen":"JUDGE_CLASS","items_purchased":["WordoMod:Sacrilege"],"campfire_rested":3,"item_purchase_floors":[3],"current_hp_per_floor":[75,68,68,68,66,29,51,47,54,54,46,33,57,46,70,43,92,60,60],"gold":425,"neow_bonus":"ONE_RARE_RELIC","is_daily":false,"chose_seed":false,"campfire_upgraded":1,"win_rate":0.0,"timestamp":1613764138,"path_taken":["M","M","$","?","M","E","R","M","T","R","?","?","R","?","R","BOSS","M"],"items_purchased_type":["Card"],"build_version":"2020-12-22","purchased_purges":0,"victory":false,"max_hp_per_floor":[75,75,75,75,75,75,75,75,82,82,82,82,82,82,82,82,92,92,92],"card_choices":[{"not_picked":["WordoMod:WipingAllOut","WordoMod:ThornedFist"],"picked":"WordoMod:Repent","floor":1},{"not_picked":["WordoMod:Exorcism","WordoMod:Spite"],"picked":"WordoMod:Cataclysm","floor":2},{"not_picked":["Regret","TheCursedMod:Dregs"],"picked":"WordoMod:Infected","floor":5},{"not_picked":["WordoMod:Taunt","WordoMod:Vulgarity"],"picked":"WordoMod:Sacrilege","floor":5},{"not_picked":["WordoMod:Contagion","WordoMod:SacRite","WordoMod:WillOWisp"],"picked":"SKIP","floor":6},{"not_picked":["WordoMod:InduceTrauma","WordoMod:HighwayToHell","WordoMod:InfectiousCulture"],"picked":"SKIP","floor":8},{"not_picked":["TheCursedMod:Dregs","Decay"],"picked":"WordoMod:Petrified","floor":11},{"not_picked":["WordoMod:PurgeDisease","WordoMod:ScatterAshes","WordoMod:BurdenOfSin"],"picked":"SKIP","floor":11},{"not_picked":["WordoMod:Resurrection","WordoMod:MementoMori"],"picked":"WordoMod:BoundlessGreed","floor":12},{"not_picked":["WordoMod:Miasma","WordoMod:TheCure"],"picked":"WordoMod:MonkeysPaw","floor":16},{"not_picked":["WordoMod:Cleanse","WordoMod:WillOWisp"],"picked":"WordoMod:GivesYouHell","floor":17}],"player_experience":277443,"relics_obtained":[{"floor":6,"key":"Bronze Scales"},{"floor":9,"key":"Strawberry"}],"event_choices":[{"damage_healed":0,"gold_gain":0,"player_choice":"0 cards matched","damage_taken":0,"max_hp_gain":0,"max_hp_loss":0,"event_name":"Match and Keep!","floor":4,"gold_loss":0,"cards_obtained":[]},{"damage_healed":0,"gold_gain":75,"player_choice":"Gather Gold","damage_taken":11,"max_hp_gain":0,"max_hp_loss":0,"event_name":"World of Goop","floor":14,"gold_loss":0}],"is_beta":false,"boss_relics":[{"not_picked":["reliquary:Ember","Astrolabe"],"picked":"Tiny House"}],"items_purged_floors":[],"is_endless":false,"potions_floor_spawned":[2,5,11,12],"killed_by":"ruina:Nosferatu","ascension_level":0}}