{"host":"zzgvnd5w85j1s2e6","time":1613765069,"event":{"mods":["Act Like it!","BaseMod","Hallownest","Minty Spire (QoL Compilation)","Replay The Spire","StSLib","The Bug Knight"],"gold_per_floor":[116,168,179,179,179,179,35,65,65,100,110,127,127,127,127,231,231,248,92,92,104,104,104,664,677,724,413,430,430,457,474,474,576,576,593,266,280,280,295,314,332,349,349,359,359,393,213,223,223,223,223,223,80,107,107],"floor_reached":56,"language":"ZHS","playtime":4659,"items_purged":[],"score":1396,"play_id":"0cb43f0e-1213-4070-a815-fe97c54292bb","local_time":"20210220040429","is_ascension_mode":true,"campfire_choices":[{"floor":6.0,"key":"RECALL"},{"data":"HollowMod:WraithStrike","floor":13.0,"key":"SMITH"},{"data":"HollowMod:CloakDash","floor":15.0,"key":"SMITH"},{"data":"HollowMod:ShadowDash","floor":23.0,"key":"SMITH"},{"data":"HollowMod:SoulMaster","floor":29.0,"key":"SMITH"},{"data":"HollowMod:LifebloodCore","floor":32.0,"key":"SMITH"},{"data":"HollowMod:SiblingsSouls","floor":45.0,"key":"SMITH"},{"data":"HollowMod:SlysStrikes","floor":52.0,"key":"SMITH"}],"circlet_count":0,"master_deck":["HollowMod:NailStrikeStart+1","HollowMod:NailStrikeStart+1","HollowMod:QuickDashStart","HollowMod:QuickDashStart","HollowMod:QuickDashStart","HollowMod:FocusHealStart+1","HollowMod:PogoStrike+1","HollowMod:FastStrike+1","HollowMod:MonarchWings+1","HollowMod:HeavyBlow+1","HollowMod:CloakDash+1","HollowMod:WraithStrike+1","HollowMod:CloakDash+1","HollowMod:LifebloodCore+1","HollowMod:ShadowDash+1","HollowMod:SoulMaster+1","HollowMod:SoulMaster+1","HollowMod:MonarchWings","HollowMod:VoidDash","HollowMod:SiblingsSouls+1","Hallownest:curseDreamersLament","HollowMod:SiblingsSouls+1","HollowMod:SoulMaster","HollowMod:VengefulVoid","HollowMod:SlysStrikes+1","HollowMod:ShadowDash+1"],"relics":["Replay:Baseball","Guide Book","ReplayTheSpireMod:Lightbulb","Mercury Hourglass","Painkiller Herb","Replay:Mystery Machine","Simple Rune","Happy Flower","DollysMirror","Replay:Accelerometer","Cursed Key","Replay:Wax Seal","Shuriken","Hallownest:BeastSealRelic","Juzu Bracelet","Hallownest:StagBellRelic1","Pen Nib","ReplayFunnel"],"acts_visited":["Hallownest:Greenpath","Hallownest:CityofTears","Hallownest:KingdomsEdge","TheEnding"],"potions_floor_usage":[55,55,55],"damage_taken":[{"damage":0.0,"enemies":"Hallownest:monsterHuskWarrior","floor":1.0,"turns":2.0},{"damage":0.0,"enemies":"Hallownest:2_MossCreeps","floor":3.0,"turns":3.0},{"damage":2.0,"enemies":"Hallownest:eliteCrystalGuardian","floor":8.0,"turns":3.0},{"damage":2.0,"enemies":"Hallownest:eliteVengeflyKing","floor":10.0,"turns":3.0},{"damage":0.0,"enemies":"2_ Uuma","floor":11.0,"turns":2.0},{"damage":0.0,"enemies":"Hallownest:monsterMossCharger","floor":12.0,"turns":2.0},{"damage":0.0,"enemies":"Hallownest:monsterAspidMother","floor":14.0,"turns":2.0},{"damage":16.0,"enemies":"Hallownest:BossFalseKnight","floor":16.0,"turns":5.0},{"damage":0.0,"enemies":"Hallownest:Guard_and_Sentry","floor":18.0,"turns":3.0},{"damage":0.0,"enemies":"Hallownest:2_Mistakes","floor":21.0,"turns":4.0},{"damage":0.0,"enemies":"Hallownest:monsterShrumalOgre","floor":25.0,"turns":3.0},{"damage":0.0,"enemies":"Hallownest:3_Mistakes","floor":28.0,"turns":5.0},{"damage":0.0,"enemies":"Hallownest:eliteSoulWarrior","floor":30.0,"turns":4.0},{"damage":0.0,"enemies":"Hallownest:Master_and_Novice","floor":31.0,"turns":3.0},{"damage":0.0,"enemies":"Hallownest:BossSoulMaster","floor":33.0,"turns":6.0},{"damage":2.0,"enemies":"Hallownest:3_Siblings","floor":35.0,"turns":5.0},{"damage":0.0,"enemies":"Hallownest:Shield_Heavy","floor":37.0,"turns":4.0},{"damage":0.0,"enemies":"Hallownest:2_Wing_and_1_Kings","floor":39.0,"turns":5.0},{"damage":0.0,"enemies":"Hallownest:Shield_Sturdy","floor":40.0,"turns":4.0},{"damage":1.0,"enemies":"Hallownest:2_Soldiers_and_1_Guardian","floor":41.0,"turns":4.0},{"damage":1.0,"enemies":"Hallownest:Slobbering_and_Violent","floor":42.0,"turns":4.0},{"damage":0.0,"enemies":"Hallownest:monsterPrimalAspid","floor":44.0,"turns":3.0},{"damage":1.0,"enemies":"Hallownest:eliteCollector","floor":46.0,"turns":5.0},{"damage":0.0,"enemies":"Hallownest:Xero_Hu_Marmu","floor":48.0,"turns":6.0},{"damage":6.0,"enemies":"Hallownest:Radiance","floor":50.0,"turns":8.0},{"damage":47.0,"enemies":"Shield and Spear","floor":54.0,"turns":5.0},{"damage":1,"enemies":"The Heart","floor":55,"turns":13}],"seed_played":"-5585519142630641973","potions_obtained":[{"floor":1.0,"key":"Dexterity Potion"},{"floor":8.0,"key":"FearPotion"},{"floor":16.0,"key":"Doom Potion"}],"is_trial":false,"path_per_floor":["M","T","M","$","?","R","$","E","T","E","M","M","R","M","R","B",null,"?","T","?","?","?","T","?","?","T","T","?","T","E","?","T","B",null,"?","T","?","?","?","?","?","?","T","?","T","E","?","?","T","B",null,"T","T","E","B",null],"character_chosen":"THE_BUGKNIGHT","items_purchased":["Guide Book","Replay:Mystery Machine","HollowMod:SoulMaster","DollysMirror","HollowMod:SiblingsSouls","Replay:Wax Seal","Shuriken","Pen Nib"],"campfire_rested":0,"item_purchase_floors":[7,19,27,27,36,36,36,53],"current_hp_per_floor":[75,75,75,75,75,75,75,75,75,73,73,73,73,73,73,57,75,75,75,75,75,75,75,75,75,75,75,75,75,75,75,75,75,75,73,73,73,73,73,73,72,75,75,75,75,74,74,74,75,75,75,75,75,28,39],"gold":107,"neow_bonus":"BOSS_RELIC","is_daily":false,"chose_seed":false,"campfire_upgraded":7,"win_rate":0.0,"timestamp":1613765069,"path_taken":["M","?","M","$","?","R","$","E","T","E","M","M","R","M","R","BOSS","?","T","?","?","?","T","?","?","T","?","?","T","E","?","T","BOSS","?","?","?","?","?","?","?","?","T","?","T","E","?","?","T","BOSS","T","T","E","BOSS"],"items_purchased_type":["Relic","Relic","Card","Relic","Card","Relic","Relic","Relic"],"build_version":"2020-12-22","purchased_purges":0,"victory":true,"max_hp_per_floor":[75,75,75,75,75,75,75,75,75,75,75,75,75,75,75,75,75,75,75,75,75,75,75,75,75,75,75,75,75,75,75,75,75,75,75,75,75,75,75,75,75,75,75,75,75,75,75,75,75,75,75,75,75,75,75],"card_choices":[{"not_picked":["HollowMod:LuriensSpire","HollowMod:PureNailStrike"],"picked":"HollowMod:CloakDash","floor":1.0},{"not_picked":["HollowMod:CoiledNail","HollowMod:LuriensSpire","HollowMod:HeavyBlow"],"picked":"SKIP","floor":3.0},{"not_picked":["HollowMod:MantisMark","HollowMod:CycloneSlash"],"picked":"HollowMod:WraithStrike","floor":8.0},{"not_picked":["HollowMod:AwokenDreamNail","HollowMod:InfectedAttack","HollowMod:NewJinnsSoul"],"picked":"SKIP","floor":10.0},{"not_picked":["HollowMod:SharpenedShadows","HollowMod:DoubleDash","HollowMod:QuirrelsAssistance"],"picked":"SKIP","floor":11.0},{"not_picked":["HollowMod:NewJinnsSoul","HollowMod:InfectedAttack"],"picked":"HollowMod:CloakDash","floor":12.0},{"not_picked":["HollowMod:GreatSlash","HollowMod:HeavyBlow","HollowMod:HowlingWraiths"],"picked":"SKIP","floor":14.0},{"not_picked":["HollowMod:GreatSlash","HollowMod:HeavyBlow","HollowMod:HowlingWraiths"],"picked":"SKIP","floor":14.0},{"not_picked":["HollowMod:ElderbugsWisdom","HollowMod:HerrahsAnger"],"picked":"HollowMod:LifebloodCore","floor":16.0},{"not_picked":["HollowMod:HowlingWraiths+1","HollowMod:InfectionAssault","HollowMod:NewJinnsSoul"],"picked":"SKIP","floor":18.0},{"not_picked":["HollowMod:PureNailStrike+1","HollowMod:CycloneSlash+1"],"picked":"HollowMod:ShadowDash","floor":21.0},{"not_picked":["HollowMod:InfectedCysts","HollowMod:LuriensSpire","HollowMod:DoubleDash"],"picked":"SKIP","floor":25.0},{"not_picked":["HollowMod:PureNailStrike+1","HollowMod:VengefulSpirit","HollowMod:CloakDash"],"picked":"SKIP","floor":28.0},{"not_picked":["HollowMod:AwokenDreamNail","HollowMod:SoulSplash"],"picked":"HollowMod:MonarchWings","floor":30.0},{"not_picked":["HollowMod:SoulSplash","HollowMod:GreatSlash+1","HollowMod:LifebloodCocoon+1"],"picked":"SKIP","floor":31.0},{"not_picked":["HollowMod:HerrahsAnger","HollowMod:MidwifesHunger"],"picked":"HollowMod:VoidDash","floor":33.0},{"not_picked":["HollowMod:TaintedHusks+1","HollowMod:InfectedAttack","HollowMod:MonomonsArchive+1"],"picked":"SKIP","floor":35.0},{"not_picked":["HollowMod:NewJinnsSoul","HollowMod:HowlingWraiths+1","HollowMod:BaldurShell+1"],"picked":"SKIP","floor":37.0},{"not_picked":["HollowMod:LuriensSpire","HollowMod:CycloneSlash"],"picked":"HollowMod:SiblingsSouls+1","floor":39.0},{"not_picked":["HollowMod:InfectedCysts","HollowMod:TaintedHusks"],"picked":"HollowMod:SoulMaster","floor":40.0},{"not_picked":["HollowMod:SoulSplash+1","HollowMod:BrokenVessel+1"],"picked":"HollowMod:VengefulVoid","floor":41.0},{"not_picked":["HollowMod:SoulEater","HollowMod:ChannelNail","HollowMod:SoulSplash"],"picked":"SKIP","floor":42.0},{"not_picked":["HollowMod:InfectedAttack","HollowMod:InfectedCysts","HollowMod:ShapeofUnn"],"picked":"SKIP","floor":44.0},{"not_picked":["HollowMod:SoulStrike","HollowMod:GoodIntentions"],"picked":"HollowMod:SlysStrikes","floor":46.0},{"not_picked":["HollowMod:WraithStrike","HollowMod:LifebloodCocoon+1"],"picked":"HollowMod:ShadowDash+1","floor":48.0},{"not_picked":["HollowMod:MonomonsArchive+1","HollowMod:LifebloodCocoon+1","HollowMod:MidwifesHunger"],"picked":"SKIP","floor":54.0}],"player_experience":440538,"relics_obtained":[{"floor":2.0,"key":"Replay:Baseball"},{"floor":8.0,"key":"ReplayTheSpireMod:Lightbulb"},{"floor":10.0,"key":"Mercury Hourglass"},{"floor":26.0,"key":"Happy Flower"},{"floor":30.0,"key":"Replay:Accelerometer"},{"floor":46.0,"key":"Juzu Bracelet"},{"floor":54.0,"key":"ReplayFunnel"}],"event_choices":[],"is_beta":false,"boss_relics":[{"not_picked":["Pandora\u0027s Box","Tiny House"],"picked":"Painkiller Herb"},{"not_picked":["Runic Pyramid","ChewingGum"],"picked":"Cursed Key"}],"items_purged_floors":[],"is_endless":false,"potions_floor_spawned":[1,8,16,25,28,31,40,41,44,48,54],"ascension_level":3}}