{"host":"fbdlh90rovbiajun","time":1613717149,"event":{"mods":["AchievementEnabler","BaseMod","Colored Map","Keyboard Shortcuts","Minty Spire (QoL Compilation)","SuperFastMode"],"gold_per_floor":[113,138,88,88,104,134,134,149,204,224,224,299,299,315,315,416,416,436,456,406,331,331,331,331,331],"floor_reached":24,"language":"KOR","playtime":435,"items_purged":["Defend_P","Strike_P"],"score":230,"play_id":"8956f4dd-d1c4-48b3-8c75-4ad91f048473","local_time":"20210219154549","is_ascension_mode":true,"campfire_choices":[{"data":"Eruption","floor":7,"key":"SMITH"},{"data":"Halt","floor":11,"key":"SMITH"},{"data":"SandsOfTime","floor":13,"key":"SMITH"},{"data":"Vigilance","floor":15,"key":"SMITH"},{"floor":23,"key":"REST"}],"circlet_count":0,"master_deck":["Strike_P","Strike_P","Strike_P","Defend_P","Defend_P","Defend_P","Eruption+1","Vigilance+1","SandsOfTime+1","Halt+1"],"relics":["PureWater","NeowsBlessing","Smiling Mask","Du-Vu Doll","Blood Vial","VioletLotus"],"acts_visited":["Exordium","TheCity"],"potions_floor_usage":[16],"damage_taken":[{"damage":0,"enemies":"Cultist","floor":1,"turns":1},{"damage":0,"enemies":"2 Louse","floor":5,"turns":2},{"damage":0,"enemies":"Lagavulin","floor":6,"turns":1},{"damage":3,"enemies":"Jaw Worm","floor":8,"turns":2},{"damage":0,"enemies":"3 Louse","floor":10,"turns":2},{"damage":9,"enemies":"Blue Slaver","floor":14,"turns":3},{"damage":2,"enemies":"Slime Boss","floor":16,"turns":5},{"damage":23,"enemies":"Spheric Guardian","floor":18,"turns":4},{"damage":34,"enemies":"3 Byrds","floor":19,"turns":5},{"damage":47,"enemies":"Gremlin Leader","floor":24,"turns":2}],"seed_played":"-2308804223269502701","potions_obtained":[{"floor":6,"key":"SpeedPotion"},{"floor":10,"key":"AttackPotion"},{"floor":16,"key":"Weak Potion"}],"is_trial":false,"path_per_floor":["M","T","$","?","M","E","R","M","T","M","R","?","R","M","R","B",null,"M","M","$","?","?","R","E"],"character_chosen":"WATCHER","items_purchased":[],"campfire_rested":1,"item_purchase_floors":[],"current_hp_per_floor":[72,72,72,72,72,72,72,69,69,71,71,60,60,53,53,53,72,49,17,17,17,17,38,0,0],"gold":331,"neow_bonus":"THREE_ENEMY_KILL","is_daily":false,"chose_seed":false,"campfire_upgraded":4,"win_rate":0.0,"timestamp":1613717149,"path_taken":["M","?","$","?","M","E","R","?","T","M","R","?","R","M","R","BOSS","M","M","$","?","?","R","E"],"items_purchased_type":[],"build_version":"2020-12-22","purchased_purges":2,"victory":false,"max_hp_per_floor":[72,72,72,72,72,72,72,72,72,72,72,72,72,72,72,72,72,72,72,72,72,72,72,72,72],"card_choices":[{"not_picked":["ClearTheMind","Meditate","FlurryOfBlows"],"picked":"SKIP","floor":1},{"not_picked":["CarveReality","EmptyFist","FollowUp"],"picked":"SKIP","floor":5},{"not_picked":["PathToVictory","Prostrate"],"picked":"SandsOfTime","floor":6},{"not_picked":["SashWhip","TalkToTheHand"],"picked":"Halt","floor":8},{"not_picked":["Fasting2","SashWhip","FollowUp"],"picked":"SKIP","floor":10},{"not_picked":["PathToVictory","Halt","ReachHeaven"],"picked":"SKIP","floor":14},{"not_picked":["JustLucky","Protect+1","EmptyMind"],"picked":"SKIP","floor":18},{"not_picked":["ClearTheMind+1","DeceiveReality+1","WindmillStrike"],"picked":"SKIP","floor":19}],"player_experience":88823,"relics_obtained":[{"floor":2,"key":"Smiling Mask"},{"floor":6,"key":"Du-Vu Doll"},{"floor":9,"key":"Blood Vial"}],"event_choices":[{"damage_healed":0,"gold_gain":0,"player_choice":"Cursed","damage_taken":0,"max_hp_gain":0,"max_hp_loss":0,"event_name":"Wheel of Change","floor":4,"gold_loss":0,"cards_obtained":["Decay"]},{"damage_healed":0,"gold_gain":75,"player_choice":"Gather Gold","damage_taken":11,"max_hp_gain":0,"max_hp_loss":0,"event_name":"World of Goop","floor":12,"gold_loss":0},{"cards_removed":["Decay"],"damage_healed":0,"gold_gain":0,"player_choice":"Gave Gold","damage_taken":0,"max_hp_gain":0,"max_hp_loss":0,"event_name":"Beggar","floor":21,"gold_loss":75},{"damage_healed":0,"gold_gain":0,"player_choice":"Ignored","damage_taken":0,"max_hp_gain":0,"max_hp_loss":0,"event_name":"Vampires","floor":22,"gold_loss":0}],"is_beta":false,"boss_relics":[{"not_picked":["Empty Cage","Black Star"],"picked":"VioletLotus"}],"items_purged_floors":[3,20],"is_endless":false,"potions_floor_spawned":[6,10,16],"killed_by":"Gremlin Leader","ascension_level":1}}