{"host":"xg4r5pv6chpuampg","time":1613721819,"event":{"mods":["AchievementEnabler","BaseMod","Googly Eyes","Minty Spire (QoL Compilation)","StSLib","Together in Spire"],"gold_per_floor":[109,126,301,176,147,179,179,212,212,236,264,284,284,284,284,383,383,429,207,207,217,132,132,145,45,45,62,79,79,79],"floor_reached":29,"language":"ENG","playtime":1189,"items_purged":["Doubt"],"score":241,"play_id":"91558eec-d974-4eef-9bf3-116bb036f486","local_time":"20210219110339","is_ascension_mode":false,"campfire_choices":[{"floor":7,"key":"REST"},{"data":"Alpha","floor":13,"key":"SMITH"},{"floor":15,"key":"REST"},{"floor":23,"key":"RECALL"}],"circlet_count":0,"master_deck":["Strike_P","Strike_P","Strike_P","Strike_P","Defend_P","Defend_P","Defend_P","Eruption","Vigilance","Alpha+1","CutThroughFate+1","Collect","DeceiveReality","SignatureMove+1","Wish+1","FlurryOfBlows","Vault","Evaluate+1","Tantrum"],"relics":["HolyWater","Bottled Flame","Akabeko","Pear","Art of War","Whetstone","PreservedInsect","Mummified Hand"],"acts_visited":["Exordium","TheCity"],"potions_floor_usage":[24,27,28,28,28,28,29],"damage_taken":[{"damage":1,"enemies":"Jaw Worm","floor":1,"turns":3},{"damage":0,"enemies":"2 Louse","floor":2,"turns":2},{"damage":23,"enemies":"3 Sentries","floor":6,"turns":9},{"damage":14,"enemies":"Gremlin Nob","floor":8,"turns":4},{"damage":14,"enemies":"3 Sentries","floor":11,"turns":4},{"damage":0,"enemies":"Cultist","floor":12,"turns":2},{"damage":15,"enemies":"The Guardian","floor":16,"turns":7},{"damage":30,"enemies":"Shell Parasite","floor":18,"turns":6},{"damage":9,"enemies":"2 Thieves","floor":21,"turns":3},{"damage":23,"enemies":"3 Cultists","floor":24,"turns":4},{"damage":9,"enemies":"Cultist and Chosen","floor":27,"turns":5},{"damage":3,"enemies":"Sentry and Sphere","floor":28,"turns":3},{"damage":22,"enemies":"Centurion and Healer","floor":29,"turns":4}],"seed_played":"5635218139770611160","potions_obtained":[{"floor":2,"key":"Dexterity Potion"},{"floor":6,"key":"Ancient Potion"},{"floor":12,"key":"ColorlessPotion"}],"is_trial":false,"path_per_floor":["M","M","?","$","?","E","R","E","T","T","E","M","R","?","R","B",null,"M","$","?","M","?","R","M","$","T","M","M","M"],"character_chosen":"WATCHER","items_purchased":["DeceiveReality","PowerPotion","PreservedInsect","EntropicBrew"],"campfire_rested":2,"item_purchase_floors":[4,4,19,25],"current_hp_per_floor":[71,71,71,71,71,48,69,55,65,65,51,51,51,51,75,60,82,52,52,52,43,43,43,20,20,20,11,8,0,0],"gold":79,"neow_bonus":"ONE_RANDOM_RARE_CARD","is_daily":false,"chose_seed":false,"campfire_upgraded":1,"win_rate":0.0,"timestamp":1613721819,"path_taken":["M","M","?","$","?","E","R","E","T","?","E","?","R","?","R","BOSS","M","$","?","?","?","R","M","?","T","M","M","M"],"items_purchased_type":["Card","Potion","Relic","Potion"],"build_version":"2020-12-22","purchased_purges":1,"victory":false,"max_hp_per_floor":[72,72,72,72,72,72,72,72,82,82,82,82,82,82,82,82,82,82,82,82,82,82,82,82,82,82,82,82,82,82],"card_choices":[{"not_picked":["EmptyFist","Fasting2"],"picked":"CutThroughFate","floor":1},{"not_picked":["InnerPeace","TalkToTheHand"],"picked":"Collect","floor":2},{"not_picked":["Prostrate","BowlingBash"],"picked":"SignatureMove","floor":6},{"not_picked":["Indignation","Worship"],"picked":"Wish","floor":8},{"not_picked":["ThirdEye","JustLucky"],"picked":"FlurryOfBlows","floor":11},{"not_picked":["BowlingBash","CutThroughFate","Crescendo"],"picked":"SKIP","floor":12},{"not_picked":["Omniscience","Ragnarok"],"picked":"Vault","floor":16},{"not_picked":["FlyingSleeves","EmptyFist"],"picked":"Evaluate+1","floor":18},{"not_picked":["ThirdEye","Crescendo"],"picked":"Tantrum","floor":21},{"not_picked":["ThirdEye","Crescendo","Scrawl"],"picked":"SKIP","floor":24},{"not_picked":["FearNoEvil","ThirdEye","ClearTheMind"],"picked":"SKIP","floor":27},{"not_picked":["WaveOfTheHand","FearNoEvil","EmptyFist"],"picked":"SKIP","floor":28}],"player_experience":140971,"relics_obtained":[{"floor":6,"key":"Bottled Flame"},{"floor":8,"key":"Akabeko"},{"floor":9,"key":"Pear"},{"floor":10,"key":"Art of War"},{"floor":11,"key":"Whetstone"}],"event_choices":[{"damage_healed":0,"gold_gain":175,"player_choice":"AGREE","damage_taken":0,"max_hp_gain":0,"max_hp_loss":0,"event_name":"Liars Game","floor":3,"gold_loss":0,"cards_obtained":["Doubt"]},{"damage_healed":0,"gold_gain":0,"player_choice":"Left Gold","damage_taken":0,"max_hp_gain":0,"max_hp_loss":0,"event_name":"World of Goop","floor":5,"gold_loss":29},{"damage_healed":0,"gold_gain":0,"player_choice":"Grow","damage_taken":0,"max_hp_gain":0,"max_hp_loss":0,"event_name":"Living Wall","floor":14,"gold_loss":0,"cards_upgraded":["Wish"]},{"cards_removed":["Defend_P"],"damage_healed":0,"gold_gain":0,"player_choice":"Card Removal","damage_taken":0,"max_hp_gain":0,"max_hp_loss":0,"event_name":"Wheel of Change","floor":20,"gold_loss":0},{"damage_healed":0,"gold_gain":0,"player_choice":"Obtained Relic","damage_taken":0,"relics_obtained":["Mummified Hand"],"max_hp_gain":0,"max_hp_loss":0,"event_name":"Addict","floor":22,"gold_loss":85}],"is_beta":false,"boss_relics":[{"not_picked":["Snecko Eye","Black Star"],"picked":"HolyWater"}],"items_purged_floors":[19],"is_endless":false,"potions_floor_spawned":[2,6,12,21],"killed_by":"Centurion and Healer","ascension_level":0}}