{"host":"8t5dkgm85abdp22d","time":1613707541,"event":{"mods":["ATMod(阿瑾Mod)","Act Like it!","BaseMod","Colored Powertips","Conspire","Gensokyo","GungeonMod","Hallownest","Minty Spire (QoL Compilation)","MostiFishMod","Remilia（蕾米莉亚）","RumiaBox-露米娅的神秘盒子","Ryuuou龙王","StSLib","The Bug Knight","UnlockEverythingMod","Waifu the Spire","WarShipGirlsR/战舰少女R mod","Yakumo Yukari mod"],"gold_per_floor":[110,110,35,35,48,48,48,62,62,72,72,100,112,112,112,112,112],"floor_reached":16,"language":"ZHS","playtime":345,"items_purged":["Judgement"],"score":350,"play_id":"9420a7ea-571e-48fd-b521-69a7fb20af51","local_time":"20210219120541","is_ascension_mode":true,"campfire_choices":[{"data":"SignatureMove","floor":6,"key":"SMITH"},{"data":"MostiFishMod:PathToVictory","floor":15,"key":"SMITH"}],"circlet_count":0,"master_deck":["AscendersBane","MostiFishMod:DisColor+1","Crescendo","CarveReality","WreathOfFlame","MostiFishMod:Nomercy","MostiFishMod:Unraveling","Blasphemy","MostiFishMod:StarLaLaLa","Wireheading","MostiFishMod:StarLaLaLa","MostiFishMod:Minus","SignatureMove+1","MostiFishMod:PathToVictory+1","TalkToTheHand"],"relics":["AT_ATBox","DaveBox","DianDianMeat","FixedStarFall","SynthV:TestCard","PlanX","Potion Belt","Blue Candle"],"acts_visited":["Exordium"],"potions_floor_usage":[16],"damage_taken":[{"damage":0,"enemies":"Cultist","floor":1,"turns":2},{"damage":12,"enemies":"Jaw Worm","floor":5,"turns":2},{"damage":14,"enemies":"conspire:RoseBush","floor":8,"turns":3},{"damage":23,"enemies":"Blue Slaver","floor":10,"turns":3},{"damage":0,"enemies":"HollowMod:MossKnight","floor":12,"turns":1},{"damage":0,"enemies":"Large Slime","floor":13,"turns":1},{"damage":33,"enemies":"The Guardian","floor":16,"turns":3}],"seed_played":"-4118049737987437774","potions_obtained":[{"floor":5,"key":"ColorlessPotion"},{"floor":10,"key":"AttackPotion"}],"is_trial":false,"path_per_floor":["M","?","$","?","M","R","?","M","T","M","?","E","M","?","R","B"],"character_chosen":"WATCHER","items_purchased":[],"campfire_rested":0,"item_purchase_floors":[],"current_hp_per_floor":[127,127,127,139,140,140,140,140,140,117,117,132,132,132,132,99,99],"gold":112,"neow_bonus":"BOSS_RELIC","is_daily":false,"chose_seed":false,"campfire_upgraded":2,"win_rate":0.0,"timestamp":1613707541,"path_taken":["M","?","?","?","M","R","?","M","T","?","?","E","?","?","R","BOSS"],"items_purchased_type":[],"build_version":"2020-12-22","purchased_purges":1,"victory":false,"max_hp_per_floor":[134,134,134,146,159,159,159,173,173,173,173,188,188,188,188,188,188],"card_choices":[{"not_picked":["EmptyFist","Consecrate","FlyingSleeves"],"picked":"SKIP","floor":1},{"not_picked":[],"picked":"MostiFishMod:Minus","floor":4},{"not_picked":["FollowUp","Crescendo","CutThroughFate","Halt"],"picked":"SignatureMove","floor":5},{"not_picked":["Wireheading","SashWhip","PathToVictory","DeceiveReality"],"picked":"MostiFishMod:PathToVictory","floor":8},{"not_picked":["SashWhip","CutThroughFate","AT_SoftenMuscles","Consecrate","FollowUp"],"picked":"SKIP","floor":10},{"not_picked":["CutThroughFate","Prostrate","SashWhip","MostiFishMod:StarLaLaLa"],"picked":"TalkToTheHand","floor":12},{"not_picked":["EmptyFist","Protect","WheelKick","JustLucky","Crescendo"],"picked":"SKIP","floor":13}],"player_experience":107121,"relics_obtained":[{"floor":1,"key":"SynthV:TestCard"},{"floor":2,"key":"PlanX"},{"floor":12,"key":"Blue Candle"}],"event_choices":[{"damage_healed":0,"gold_gain":0,"player_choice":"Relic","damage_taken":0,"max_hp_gain":0,"max_hp_loss":0,"event_name":"Wheel of Change","floor":2,"gold_loss":0},{"damage_healed":0,"gold_gain":0,"player_choice":"Gave Potion","damage_taken":0,"relics_obtained":["Potion Belt"],"max_hp_gain":0,"max_hp_loss":0,"event_name":"WeMeetAgain","floor":7,"gold_loss":0},{"damage_healed":0,"gold_gain":0,"player_choice":"Forge","damage_taken":0,"max_hp_gain":0,"max_hp_loss":0,"event_name":"Accursed Blacksmith","floor":11,"gold_loss":0,"cards_upgraded":["MostiFishMod:DisColor"]},{"damage_healed":0,"gold_gain":0,"player_choice":"Ignored","damage_taken":0,"max_hp_gain":0,"max_hp_loss":0,"event_name":"Liars Game","floor":14,"gold_loss":0}],"is_beta":false,"boss_relics":[],"items_purged_floors":[3],"is_endless":false,"potions_floor_spawned":[5,10],"killed_by":"The Guardian","ascension_level":20}}