{"host":"np4f5reu8f2vit8r","time":1613712703,"event":{"mods":["BaseMod","Bestiary","Curses Come First","Minty Spire (QoL Compilation)","Permanent Neow","Relic Stats","StSLib"],"gold_per_floor":[110,31,31,46,63,89,102,102,102,102,132,147,157,169,169,242,242,254,269,284,71,88,117,117,149,149,149,149,149,149,178,178,252,252,263,273,12,0,17,45,70,100,100,100,120,130,130,147,147,147,147,147,147,40,75,75,75],"floor_reached":56,"language":"ENG","playtime":3013,"items_purged":["Strike_R","Strike_R+1"],"score":2108,"play_id":"82242b06-ee8c-4ba2-a460-ae5b4593ee03","local_time":"20210219183143","is_ascension_mode":true,"campfire_choices":[{"data":"Whirlwind","floor":8.0,"key":"SMITH"},{"data":"Flame Barrier","floor":10.0,"key":"SMITH"},{"data":"Inflame","floor":15.0,"key":"SMITH"},{"data":"Dual Wield","floor":27.0,"key":"SMITH"},{"data":"Clothesline","floor":29.0,"key":"SMITH"},{"floor":32.0,"key":"REST"},{"floor":47,"key":"RECALL"},{"data":"Feel No Pain","floor":49,"key":"SMITH"},{"data":"Strike_R+1","floor":53,"key":"PURGE"}],"circlet_count":0,"master_deck":["AscendersBane","Strike_R+1","Strike_R+1","Defend_R+1","Defend_R+1","Defend_R+1","Defend_R+1","Bash","Whirlwind+1","Headbutt","Flame Barrier+1","Inflame+1","True Grit","Corruption","Dual Wield+1","Clothesline+1","Impervious","Feel No Pain+1","Shrug It Off","Evolve","Flame Barrier","Spot Weakness","Offering","Second Wind","True Grit+1","Inflame+1","Shrug It Off","Sword Boomerang+1","Burning Pact","Armaments"],"relics":["Snecko Eye","Toy Ornithopter","Art of War","Self Forming Clay","Sozu","StrikeDummy","MutagenicStrength","Pear","Shuriken","Nilry\u0027s Codex","Champion Belt","Philosopher\u0027s Stone","Lee\u0027s Waffle","Red Mask","Eternal Feather","Peace Pipe","Singing Bowl","Mango"],"acts_visited":["Exordium","TheCity","TheBeyond","TheEnding"],"potions_floor_usage":[],"damage_taken":[{"damage":0.0,"enemies":"Cultist","floor":1.0,"turns":3.0},{"damage":0.0,"enemies":"Small Slimes","floor":4.0,"turns":1.0},{"damage":2.0,"enemies":"Jaw Worm","floor":5.0,"turns":3.0},{"damage":8.0,"enemies":"Gremlin Nob","floor":6.0,"turns":3.0},{"damage":0.0,"enemies":"2 Fungi Beasts","floor":7.0,"turns":3.0},{"damage":14.0,"enemies":"3 Sentries","floor":11.0,"turns":3.0},{"damage":0.0,"enemies":"Looter","floor":12.0,"turns":3.0},{"damage":1.0,"enemies":"Blue Slaver","floor":13.0,"turns":4.0},{"damage":2.0,"enemies":"2 Fungi Beasts","floor":14.0,"turns":3.0},{"damage":15.0,"enemies":"Hexaghost","floor":16.0,"turns":9.0},{"damage":0.0,"enemies":"3 Byrds","floor":18.0,"turns":4.0},{"damage":0.0,"enemies":"Chosen","floor":19.0,"turns":3.0},{"damage":12.0,"enemies":"3 Cultists","floor":20.0,"turns":4.0},{"damage":2.0,"enemies":"Chosen and Byrds","floor":22.0,"turns":4.0},{"damage":0.0,"enemies":"Gremlin Leader","floor":23.0,"turns":6.0},{"damage":15.0,"enemies":"Book of Stabbing","floor":25.0,"turns":7.0},{"damage":22.0,"enemies":"Slavers","floor":31.0,"turns":3.0},{"damage":6.0,"enemies":"Champ","floor":33.0,"turns":10.0},{"damage":6.0,"enemies":"3 Darklings","floor":35.0,"turns":3.0},{"damage":6.0,"enemies":"3 Shapes","floor":36.0,"turns":4.0},{"damage":6.0,"enemies":"3 Darklings","floor":39.0,"turns":2.0},{"damage":12.0,"enemies":"Giant Head","floor":40.0,"turns":6.0},{"damage":0.0,"enemies":"Mind Bloom Boss Battle","floor":41.0,"turns":6.0},{"damage":6.0,"enemies":"Nemesis","floor":42.0,"turns":5.0},{"damage":6.0,"enemies":"Transient","floor":45.0,"turns":6.0},{"damage":6,"enemies":"Spire Growth","floor":46,"turns":6},{"damage":0,"enemies":"Writhing Mass","floor":48,"turns":5},{"damage":62,"enemies":"Awakened One","floor":50,"turns":9},{"damage":1,"enemies":"Time Eater","floor":51,"turns":7},{"damage":41,"enemies":"Shield and Spear","floor":55,"turns":6},{"damage":69,"enemies":"The Heart","floor":56,"turns":5}],"seed_played":"6219698492914222753","potions_obtained":[{"floor":5.0,"key":"SkillPotion"},{"floor":11.0,"key":"Energy Potion"}],"is_trial":false,"path_per_floor":["M","$","$","M","M","E","M","R","T","R","E","M","M","M","R","B",null,"M","M","M","$","M","E","?","E","T","R","?","R","?","E","R","B",null,"M","M","$","?","M","E","?","E","T","?","M","M","R","M","R","B","B",null,"R","$","E","B"],"character_chosen":"IRONCLAD","items_purchased":["GamblersBrew","Feel No Pain","Shrug It Off","Lee\u0027s Waffle","Burning Pact","Armaments"],"campfire_rested":1,"item_purchase_floors":[2,21,21,37,54,54],"current_hp_per_floor":[68,68,68,68,66,58,58,58,58,58,44,44,43,41,41,31,64,64,64,52,52,50,50,50,45,45,45,45,45,24,2,27,21,69,63,57,92,92,86,74,74,70,70,70,64,60,75,75,90,28,27,79,94,94,69,0,0],"gold":75,"neow_bonus":"BOSS_RELIC","is_daily":false,"chose_seed":false,"campfire_upgraded":6,"win_rate":0.0,"timestamp":1613712703,"path_taken":["M","?","$","M","M","E","M","R","T","R","E","M","M","M","R","BOSS","M","M","M","$","M","E","?","E","T","R","?","R","?","E","R","BOSS","M","M","$","?","M","E","?","E","T","?","M","?","R","M","R","BOSS","BOSS","R","$","E","BOSS"],"items_purchased_type":["Potion","Card","Card","Relic","Card","Card"],"build_version":"2020-12-22","purchased_purges":2,"victory":false,"max_hp_per_floor":[75,75,75,75,75,75,75,75,75,75,75,75,75,75,75,75,75,75,75,75,75,75,75,75,85,85,85,85,85,85,85,85,85,85,85,85,92,92,92,92,92,94,94,94,94,96,96,96,96,96,96,96,96,96,112,112,112],"relic_stats":{"Lee\u0027s Waffle":35,"Singing Bowl":6,"counters":[31,146],"Self Forming Clay":[159],"Eternal Feather":45,"Sozu":7,"Peace Pipe":1,"Shuriken":[19],"Snecko Eye":[260,265,240,240],"Art of War":[17],"Champion Belt":[34],"obtain_stats":[{"Lee\u0027s Waffle":37,"Pear":25,"Singing Bowl":42,"Self Forming Clay":11,"Nilry\u0027s Codex":30,"Eternal Feather":40,"Mango":55,"Burning Blood":0,"Sozu":17,"Peace Pipe":41,"Shuriken":26,"MutagenicStrength":24,"Snecko Eye":0,"Philosopher\u0027s Stone":34,"Art of War":9,"Red Mask":38,"Champion Belt":31,"StrikeDummy":23,"Toy Ornithopter":6},{"Lee\u0027s Waffle":20,"Pear":16,"Singing Bowl":24,"Self Forming Clay":6,"Nilry\u0027s Codex":16,"Eternal Feather":22,"Mango":30,"Burning Blood":0,"Sozu":10,"Peace Pipe":23,"Shuriken":16,"MutagenicStrength":15,"Snecko Eye":0,"Philosopher\u0027s Stone":18,"Art of War":5,"Red Mask":20,"Champion Belt":17,"StrikeDummy":15,"Toy Ornithopter":4},{"Lee\u0027s Waffle":83,"Pear":63,"Singing Bowl":102,"Self Forming Clay":16,"Nilry\u0027s Codex":63,"Eternal Feather":91,"Mango":141,"Burning Blood":0,"Sozu":35,"Peace Pipe":97,"Shuriken":63,"MutagenicStrength":56,"Snecko Eye":0,"Philosopher\u0027s Stone":76,"Art of War":13,"Red Mask":83,"Champion Belt":66,"StrikeDummy":56,"Toy Ornithopter":10}],"Toy Ornithopter":5},"card_choices":[{"not_picked":["Iron Wave","Heavy Blade"],"picked":"Whirlwind","floor":1.0},{"not_picked":["Warcry","Wild Strike"],"picked":"Headbutt","floor":4.0},{"not_picked":["Thunderclap","Iron Wave","Sword Boomerang"],"picked":"SKIP","floor":5.0},{"not_picked":["Anger","Intimidate"],"picked":"Flame Barrier","floor":6.0},{"not_picked":["Thunderclap","True Grit"],"picked":"Inflame","floor":7.0},{"not_picked":["Armaments","Metallicize"],"picked":"True Grit","floor":11.0},{"not_picked":["Pommel Strike","Twin Strike"],"picked":"Corruption","floor":12.0},{"not_picked":["Wild Strike","Cleave"],"picked":"Dual Wield","floor":13.0},{"not_picked":["Heavy Blade","Body Slam"],"picked":"Clothesline","floor":14.0},{"not_picked":["Corruption","Immolate"],"picked":"Impervious","floor":16.0},{"not_picked":["Pommel Strike","Twin Strike","Perfected Strike"],"picked":"SKIP","floor":18.0},{"not_picked":["Clash","Dual Wield","Cleave+1"],"picked":"SKIP","floor":19.0},{"not_picked":["Heavy Blade","Wild Strike+1","Clash"],"picked":"SKIP","floor":20.0},{"not_picked":["Searing Blow","Wild Strike"],"picked":"Evolve","floor":22.0},{"not_picked":["Headbutt","Rampage"],"picked":"Flame Barrier","floor":23.0},{"not_picked":["Reckless Charge","Sword Boomerang"],"picked":"Spot Weakness","floor":25.0},{"not_picked":["Wild Strike","Warcry","Cleave"],"picked":"SKIP","floor":31.0},{"not_picked":["Juggernaut","Double Tap"],"picked":"Offering","floor":33.0},{"not_picked":["Havoc+1","Pummel"],"picked":"Second Wind","floor":35.0},{"not_picked":["Clash","Blood for Blood"],"picked":"True Grit+1","floor":36.0},{"not_picked":["Dropkick","Evolve","Seeing Red"],"picked":"SKIP","floor":39.0},{"not_picked":["True Grit","Warcry","Intimidate+1"],"picked":"SKIP","floor":40.0},{"not_picked":["Armaments","Warcry"],"picked":"Inflame+1","floor":41.0},{"not_picked":["Flex","Perfected Strike+1","Carnage"],"picked":"Singing Bowl","floor":42.0},{"not_picked":["Armaments","Berserk"],"picked":"Shrug It Off","floor":45.0},{"not_picked":["Heavy Blade","Seeing Red","Twin Strike"],"picked":"Singing Bowl","floor":46},{"not_picked":["True Grit","Combust"],"picked":"Sword Boomerang+1","floor":48},{"not_picked":["Pommel Strike","Cleave","Rage+1"],"picked":"Singing Bowl","floor":55}],"player_experience":956965,"relics_obtained":[{"floor":6.0,"key":"Toy Ornithopter"},{"floor":9.0,"key":"Art of War"},{"floor":11.0,"key":"Self Forming Clay"},{"floor":23.0,"key":"StrikeDummy"},{"floor":25.0,"key":"Pear"},{"floor":26.0,"key":"Shuriken"},{"floor":30.0,"key":"Nilry\u0027s Codex"},{"floor":31.0,"key":"Champion Belt"},{"floor":40.0,"key":"Eternal Feather"},{"floor":41.0,"key":"Peace Pipe"},{"floor":42.0,"key":"Singing Bowl"},{"floor":55,"key":"Mango"}],"event_choices":[{"damage_healed":0.0,"max_hp_gain":0.0,"max_hp_loss":0.0,"gold_gain":0.0,"event_name":"Drug Dealer","player_choice":"Inject Mutagens","floor":24.0,"gold_loss":0.0,"damage_taken":0.0,"relics_obtained":["MutagenicStrength"]},{"damage_healed":0.0,"max_hp_gain":0.0,"max_hp_loss":0.0,"gold_gain":0.0,"event_name":"Back to Basics","player_choice":"Simplicity","floor":28.0,"gold_loss":0.0,"damage_taken":0.0,"cards_upgraded":["Strike_R","Strike_R","Strike_R","Strike_R","Defend_R","Defend_R","Defend_R","Defend_R"]},{"damage_healed":0.0,"max_hp_gain":0.0,"max_hp_loss":0.0,"gold_gain":0.0,"event_name":"Cursed Tome","player_choice":"Obtained Book","floor":30.0,"gold_loss":0.0,"damage_taken":21.0},{"damage_healed":0.0,"max_hp_gain":0.0,"max_hp_loss":0.0,"gold_gain":0.0,"event_name":"Tomb of Lord Red Mask","player_choice":"Paid","floor":38.0,"gold_loss":12.0,"damage_taken":0.0,"relics_obtained":["Red Mask"]},{"damage_healed":0.0,"max_hp_gain":0.0,"max_hp_loss":0.0,"gold_gain":0.0,"event_name":"MindBloom","player_choice":"Fight","floor":41.0,"gold_loss":0.0,"damage_taken":0.0},{"damage_healed":0.0,"max_hp_gain":0.0,"max_hp_loss":0.0,"gold_gain":0.0,"event_name":"Match and Keep!","player_choice":"0 cards matched","floor":44.0,"gold_loss":0.0,"damage_taken":0.0,"cards_obtained":[]}],"is_beta":false,"boss_relics":[{"not_picked":["Busted Crown","Astrolabe"],"picked":"Sozu"},{"not_picked":["Runic Pyramid","SacredBark"],"picked":"Philosopher\u0027s Stone"}],"items_purged_floors":[21,37],"is_endless":false,"potions_floor_spawned":[5,11,12,13,19,33,36,39,40,45,55],"killed_by":"The Heart","ascension_level":20}}