{"host":"u5p72gjg7qm9i6r4","time":1613699505,"event":{"mods":["AchievementEnabler","BaseMod","Curses Come First","Highlight Path","Minty Spire (QoL Compilation)","Rare Cards Sparkle","StSLib"],"gold_per_floor":[114,114,47,64,164,164,23,39,107,135,135,147,180,180,180,282,282,293,307,76,93,109,143,143,176,223,253,268,268,296,32,32,135,135,147,164,164,176,196,223,223,239,291,291,321,45,58,83,83,83,83],"floor_reached":50,"language":"ENG","playtime":2754,"items_purged":[],"score":868,"play_id":"9a4d47b1-f982-4f99-9971-3a8718a3aca9","local_time":"20210218195145","is_ascension_mode":true,"campfire_choices":[{"data":"Rupture","floor":6.0,"key":"SMITH"},{"floor":11.0,"key":"REST"},{"data":"Bash","floor":15.0,"key":"SMITH"},{"data":"Berserk","floor":24.0,"key":"SMITH"},{"floor":29.0,"key":"REST"},{"floor":32.0,"key":"REST"},{"data":"True Grit","floor":41.0,"key":"SMITH"},{"floor":44.0,"key":"REST"},{"floor":49,"key":"REST"}],"circlet_count":0,"master_deck":["Strike_R","Strike_R","Strike_R","Strike_R","Strike_R","Defend_R","Defend_R","Defend_R+1","Defend_R+1","Bash+1","Carnage","Disarm","Rupture+1","Offering","Metallicize","Cleave","Dropkick","Blood for Blood","Reaper","True Grit+1","Feel No Pain","Spot Weakness+1","Intimidate+1","Berserk+1","Reckless Charge","Fire Breathing","Shrug It Off","Demon Form","Reckless Charge","Offering","Power Through","Metallicize","Shrug It Off"],"relics":["Black Blood","NeowsBlessing","Paper Frog","InkBottle","War Paint","Mark of Pain","Happy Flower","Gambling Chip","Art of War","Anchor","Bottled Tornado","Lantern","Vajra","White Beast Statue","Oddly Smooth Stone","Ornamental Fan","Gremlin Horn","Centennial Puzzle"],"acts_visited":["Exordium","TheCity","TheBeyond"],"potions_floor_usage":[50,50],"damage_taken":[{"damage":0.0,"enemies":"2 Louse","floor":1.0,"turns":1.0},{"damage":0.0,"enemies":"Cultist","floor":4.0,"turns":1.0},{"damage":0.0,"enemies":"Jaw Worm","floor":8.0,"turns":1.0},{"damage":44.0,"enemies":"Lagavulin","floor":10.0,"turns":6.0},{"damage":20.0,"enemies":"Red Slaver","floor":12.0,"turns":3.0},{"damage":34.0,"enemies":"Gremlin Nob","floor":13.0,"turns":4.0},{"damage":7.0,"enemies":"Hexaghost","floor":16.0,"turns":9.0},{"damage":12.0,"enemies":"Shell Parasite","floor":18.0,"turns":6.0},{"damage":11.0,"enemies":"3 Byrds","floor":19.0,"turns":4.0},{"damage":24.0,"enemies":"Snake Plant","floor":21.0,"turns":6.0},{"damage":26.0,"enemies":"Sentry and Sphere","floor":22.0,"turns":6.0},{"damage":19.0,"enemies":"Book of Stabbing","floor":23.0,"turns":4.0},{"damage":50.0,"enemies":"Gremlin Leader","floor":25.0,"turns":6.0},{"damage":30.0,"enemies":"Slavers","floor":27.0,"turns":7.0},{"damage":28.0,"enemies":"Snecko","floor":28.0,"turns":5.0},{"damage":20.0,"enemies":"Book of Stabbing","floor":30.0,"turns":4.0},{"damage":85.0,"enemies":"Automaton","floor":33.0,"turns":8.0},{"damage":51.0,"enemies":"3 Darklings","floor":35.0,"turns":5.0},{"damage":15.0,"enemies":"Orb Walker","floor":36.0,"turns":4.0},{"damage":22.0,"enemies":"Jaw Worm Horde","floor":38.0,"turns":5.0},{"damage":34.0,"enemies":"3 Darklings","floor":39.0,"turns":8.0},{"damage":54.0,"enemies":"Giant Head","floor":40.0,"turns":7.0},{"damage":65.0,"enemies":"Writhing Mass","floor":42.0,"turns":7.0},{"damage":65.0,"enemies":"Reptomancer","floor":45.0,"turns":5.0},{"damage":17.0,"enemies":"Spire Growth","floor":47.0,"turns":5.0},{"damage":66,"enemies":"Giant Head","floor":48,"turns":8},{"damage":41,"enemies":"Time Eater","floor":50,"turns":5}],"seed_played":"-1965637142210134754","potions_obtained":[{"floor":12.0,"key":"GamblersBrew"},{"floor":13.0,"key":"Weak Potion"},{"floor":18.0,"key":"PowerPotion"},{"floor":19.0,"key":"SneckoOil"},{"floor":25.0,"key":"Swift Potion"},{"floor":37.0,"key":"Ancient Potion"},{"floor":37.0,"key":"BloodPotion"},{"floor":37.0,"key":"Strength Potion"},{"floor":38.0,"key":"LiquidMemories"},{"floor":42.0,"key":"SpeedPotion"},{"floor":45.0,"key":"ElixirPotion"},{"floor":47.0,"key":"Explosive Potion"},{"floor":48,"key":"ColorlessPotion"}],"is_trial":false,"path_per_floor":["M","?","$","M","?","R","$","M","T","E","R","M","E","T","R","B",null,"M","M","$","M","M","E","R","E","T","E","M","R","E","$","R","B",null,"M","M","?","M","M","E","R","M","T","R","E","$","M","E","R","B"],"character_chosen":"IRONCLAD","items_purchased":["Disarm","Offering","Feel No Pain","Happy Flower","Vajra","Fire Breathing","Shrug It Off","Gremlin Horn","Metallicize"],"campfire_rested":5,"item_purchase_floors":[3,7,20,20,31,31,31,46,46],"current_hp_per_floor":[78,78,78,80,80,80,80,80,80,42,66,52,24,24,24,23,66,60,66,66,55,35,46,46,44,44,34,18,42,45,45,69,7,62,38,44,44,71,80,80,80,45,45,69,33,33,37,14,38,0,0],"gold":83,"neow_bonus":"THREE_ENEMY_KILL","is_daily":false,"chose_seed":false,"campfire_upgraded":4,"win_rate":0.0,"timestamp":1613699505,"path_taken":["M","?","?","?","?","R","$","?","T","E","R","?","E","?","R","BOSS","M","M","$","M","M","E","R","E","T","E","M","R","E","?","R","BOSS","M","M","?","M","?","E","R","M","T","R","E","?","?","E","R","BOSS"],"items_purchased_type":["Card","Card","Card","Relic","Relic","Card","Card","Relic","Card"],"build_version":"2020-12-22","purchased_purges":0,"victory":false,"max_hp_per_floor":[80,80,80,80,80,80,80,80,80,80,80,80,80,80,80,80,80,80,80,80,80,80,80,80,80,80,80,80,80,80,80,80,80,80,80,80,80,80,80,80,80,80,80,80,80,80,80,80,80,80,80],"card_choices":[{"not_picked":["Flex","Body Slam"],"picked":"Carnage","floor":1.0},{"not_picked":["Body Slam","Anger"],"picked":"Rupture","floor":4.0},{"not_picked":["Clash","Twin Strike"],"picked":"Metallicize","floor":8.0},{"not_picked":["Clash","Thunderclap"],"picked":"Cleave","floor":10.0},{"not_picked":["Body Slam","Dark Embrace"],"picked":"Dropkick","floor":12.0},{"not_picked":["Perfected Strike","Shrug It Off"],"picked":"Blood for Blood","floor":13.0},{"not_picked":["Impervious","Barricade"],"picked":"Reaper","floor":16.0},{"not_picked":["Cleave+1","Heavy Blade+1"],"picked":"True Grit","floor":18.0},{"not_picked":["Clash+1","Reckless Charge+1","Sword Boomerang"],"picked":"SKIP","floor":19.0},{"not_picked":["Burning Pact","Shrug It Off+1"],"picked":"Spot Weakness+1","floor":21.0},{"not_picked":["Perfected Strike","Heavy Blade"],"picked":"Intimidate+1","floor":22.0},{"not_picked":["Wild Strike","Clash"],"picked":"Berserk","floor":23.0},{"not_picked":["Perfected Strike+1","Shrug It Off"],"picked":"Reckless Charge","floor":25.0},{"not_picked":["Heavy Blade","Demon Form","Warcry"],"picked":"SKIP","floor":27.0},{"not_picked":["Cleave","Perfected Strike","Pommel Strike"],"picked":"SKIP","floor":28.0},{"not_picked":["Thunderclap","Cleave","Carnage+1"],"picked":"SKIP","floor":30.0},{"not_picked":["Limit Break","Bludgeon"],"picked":"Demon Form","floor":33.0},{"not_picked":["Body Slam","Thunderclap+1","Heavy Blade+1"],"picked":"SKIP","floor":35.0},{"not_picked":["Clash","Headbutt+1","Cleave+1"],"picked":"SKIP","floor":36.0},{"not_picked":["Clash+1","Twin Strike+1","Sword Boomerang+1"],"picked":"SKIP","floor":38.0},{"not_picked":["Thunderclap","Clothesline","Intimidate"],"picked":"SKIP","floor":39.0},{"not_picked":["Infernal Blade","Flex+1"],"picked":"Reckless Charge","floor":40.0},{"not_picked":["Seeing Red","Anger+1"],"picked":"Offering","floor":42.0},{"not_picked":["Power Through","Wild Strike","Shockwave"],"picked":"SKIP","floor":45.0},{"not_picked":["Wild Strike","Shockwave"],"picked":"Power Through","floor":45.0},{"not_picked":["Body Slam","Havoc+1","Clash"],"picked":"SKIP","floor":47.0},{"not_picked":["Heavy Blade","Exhume"],"picked":"Shrug It Off","floor":48}],"player_experience":158189,"relics_obtained":[{"floor":9.0,"key":"Paper Frog"},{"floor":10.0,"key":"InkBottle"},{"floor":13.0,"key":"War Paint"},{"floor":23.0,"key":"Gambling Chip"},{"floor":25.0,"key":"Art of War"},{"floor":26.0,"key":"Anchor"},{"floor":27.0,"key":"Bottled Tornado"},{"floor":30.0,"key":"Lantern"},{"floor":40.0,"key":"White Beast Statue"},{"floor":43.0,"key":"Oddly Smooth Stone"},{"floor":45.0,"key":"Ornamental Fan"},{"floor":48,"key":"Centennial Puzzle"}],"event_choices":[{"damage_healed":0.0,"max_hp_gain":0.0,"max_hp_loss":0.0,"gold_gain":0.0,"event_name":"The Woman in Blue","player_choice":"Bought 0 Potions","floor":2.0,"gold_loss":0.0,"damage_taken":0.0},{"damage_healed":0.0,"max_hp_gain":0.0,"max_hp_loss":0.0,"gold_gain":100.0,"event_name":"Golden Shrine","player_choice":"Pray","floor":5.0,"gold_loss":0.0,"damage_taken":0.0},{"damage_healed":0.0,"max_hp_gain":0.0,"max_hp_loss":0.0,"gold_gain":0.0,"event_name":"Lab","player_choice":"Got Potions","floor":37.0,"gold_loss":0.0,"damage_taken":0.0}],"is_beta":false,"boss_relics":[{"not_picked":["Runic Dome","Busted Crown"],"picked":"Mark of Pain"},{"not_picked":["Fusion Hammer","Black Star"],"picked":"Black Blood"}],"items_purged_floors":[],"is_endless":false,"potions_floor_spawned":[12,13,18,19,25,38,42,45,47,48],"killed_by":"Time Eater","ascension_level":8}}