{"host":"mwb0clku6crgv6yl","time":1613725982,"event":{"mods":["AchievementEnabler","BaseMod","Highlight Path","Minty Spire (QoL Compilation)","StSLib","The Cursed"],"gold_per_floor":[114,128,128,145,145,145,180,180,252,276,300,336,359,374,374,503,503,528,63,101,126,171,206,206,240,240,253,87,102,62,62,62,165,165,179,35,35,46,46,46,121,131,201,211,244,244,262,262,262,262],"floor_reached":51,"language":"ZHS","playtime":2338,"items_purged":["Strike_G"],"score":725,"play_id":"171907ad-ffb3-43aa-bc8e-7f25a1069f55","local_time":"20210219171302","is_ascension_mode":false,"campfire_choices":[{"data":"Neutralize","floor":6.0,"key":"SMITH"},{"floor":8.0,"key":"REST"},{"floor":15.0,"key":"REST"},{"data":"After Image","floor":24.0,"key":"SMITH"},{"floor":32.0,"key":"REST"},{"data":"Noxious Fumes","floor":40,"key":"SMITH"},{"data":"Sadistic Nature","floor":46,"key":"SMITH"},{"floor":49,"key":"REST"}],"circlet_count":0,"master_deck":["Strike_G","Strike_G","Defend_G","Defend_G","Defend_G","Defend_G","Defend_G","Survivor","Neutralize+1","Crippling Poison","Backstab","Prepared","Noxious Fumes+1","After Image+1","Backflip","Bouncing Flask","Escape Plan","Accuracy","Deadly Poison+1","Sadistic Nature+1","Footwork+1","Malaise","Blur","After Image+1","Cloak And Dagger","Acrobatics"],"relics":["Ring of the Snake","Gambling Chip","Bloody Idol","Tiny Chest","Blue Candle","Anchor","Centennial Puzzle","Sozu","Kunai","Medical Kit","Red Mask","Regal Pillow","Pocketwatch","Strawberry","Bottled Lightning","Empty Cage","DollysMirror","Frozen Egg 2","Bottled Tornado","Snake Skull"],"acts_visited":["Exordium","TheCity","TheBeyond"],"potions_floor_usage":[45,45],"damage_taken":[{"damage":4.0,"enemies":"Cultist","floor":1.0,"turns":4.0},{"damage":4.0,"enemies":"2 Louse","floor":2.0,"turns":3.0},{"damage":5.0,"enemies":"Jaw Worm","floor":4.0,"turns":4.0},{"damage":17.0,"enemies":"3 Sentries","floor":7.0,"turns":14.0},{"damage":29.0,"enemies":"Exordium Thugs","floor":10.0,"turns":7.0},{"damage":24.0,"enemies":"Gremlin Nob","floor":12.0,"turns":5.0},{"damage":3.0,"enemies":"Exordium Wildlife","floor":13.0,"turns":4.0},{"damage":0.0,"enemies":"3 Louse","floor":14.0,"turns":3.0},{"damage":18.0,"enemies":"The Guardian","floor":16.0,"turns":15.0},{"damage":0.0,"enemies":"Shell Parasite","floor":18.0,"turns":7.0},{"damage":12.0,"enemies":"Masked Bandits","floor":20.0,"turns":5.0},{"damage":0.0,"enemies":"Spheric Guardian","floor":21.0,"turns":3.0},{"damage":4.0,"enemies":"Book of Stabbing","floor":23.0,"turns":6.0},{"damage":20.0,"enemies":"Gremlin Leader","floor":25.0,"turns":9.0},{"damage":12.0,"enemies":"3 Cultists","floor":27.0,"turns":7.0},{"damage":4.0,"enemies":"Sentry and Sphere","floor":29.0,"turns":4.0},{"damage":9.0,"enemies":"Champ","floor":33.0,"turns":10.0},{"damage":0.0,"enemies":"3 Shapes","floor":35.0,"turns":5.0},{"damage":13.0,"enemies":"3 Darklings","floor":38.0,"turns":4.0},{"damage":30,"enemies":"4 Shapes","floor":42,"turns":5},{"damage":4,"enemies":"Sphere and 2 Shapes","floor":44,"turns":6},{"damage":7,"enemies":"Reptomancer","floor":45,"turns":7},{"damage":16,"enemies":"3 Darklings","floor":47,"turns":4},{"damage":18,"enemies":"Donu and Deca","floor":50,"turns":8}],"seed_played":"6584032935003336085","potions_obtained":[{"floor":1.0,"key":"FairyPotion"},{"floor":4.0,"key":"Energy Potion"},{"floor":14.0,"key":"Fire Potion"},{"floor":16.0,"key":"Swift Potion"}],"is_trial":false,"path_per_floor":["M","M","$","M","?","R","E","R","T","M","T","E","M","M","R","B",null,"M","$","?","M","T","E","R","E","T","M","$","M","$","?","R","B",null,"M","$","?","M","?","R","T","M","T","M","E","R","M","?","R","B",null],"character_chosen":"THE_SILENT","items_purchased":["Kunai","Medical Kit","Sadistic Nature","Footwork","DollysMirror"],"campfire_rested":4,"item_purchase_floors":[19,19,28,30,36],"current_hp_per_floor":[59,55,55,50,35,35,18,36,36,7,7,6,3,3,21,3,63,63,63,51,51,51,47,47,34,34,22,22,18,18,18,54,50,70,70,70,70,62,62,62,67,42,47,48,46,46,35,35,70,52],"gold":262,"neow_bonus":"ONE_RARE_RELIC","is_daily":false,"chose_seed":false,"campfire_upgraded":4,"win_rate":0.0,"timestamp":1613725982,"path_taken":["M","M","$","?","?","R","E","R","T","M","?","E","?","M","R","BOSS","M","$","?","M","?","E","R","E","T","M","$","M","$","?","R","BOSS","M","$","?","M","?","R","?","M","T","?","E","R","M","?","R","BOSS"],"items_purchased_type":["Relic","Relic","Card","Card","Relic"],"build_version":"2020-12-22","purchased_purges":1,"victory":true,"max_hp_per_floor":[63,63,63,63,63,63,63,63,63,63,63,63,63,63,63,63,63,63,63,63,63,63,63,63,70,70,70,70,70,70,70,70,70,70,70,70,70,70,70,70,70,70,70,70,70,70,70,70,70,70],"card_choices":[{"not_picked":["Skewer","Outmaneuver","Sucker Punch"],"picked":"SKIP","floor":1.0},{"not_picked":["Slice","Concentrate","Outmaneuver"],"picked":"SKIP","floor":2.0},{"not_picked":["Catalyst","Caltrops"],"picked":"Crippling Poison","floor":4.0},{"not_picked":["Outmaneuver","Terror","Quick Slash"],"picked":"SKIP","floor":7.0},{"not_picked":["Reflex","Infinite Blades"],"picked":"Backstab","floor":10.0},{"not_picked":["Dagger Throw","Outmaneuver"],"picked":"Prepared","floor":12.0},{"not_picked":["Expertise","Cloak And Dagger","Skewer"],"picked":"SKIP","floor":13.0},{"not_picked":["Quick Slash","PiercingWail"],"picked":"Noxious Fumes","floor":14.0},{"not_picked":["Bullet Time","Wraith Form v2"],"picked":"After Image","floor":16.0},{"not_picked":["Dagger Spray+1","Deflect"],"picked":"Backflip","floor":18.0},{"not_picked":["Bane","Sucker Punch"],"picked":"Bouncing Flask","floor":20.0},{"not_picked":["Bouncing Flask","Finisher"],"picked":"Escape Plan","floor":21.0},{"not_picked":["Cloak And Dagger","Dagger Throw","Caltrops"],"picked":"SKIP","floor":23.0},{"not_picked":["Dagger Spray+1","Deflect"],"picked":"Accuracy","floor":25.0},{"not_picked":["Unload","Dagger Spray"],"picked":"Deadly Poison+1","floor":27.0},{"not_picked":["Accuracy","Sucker Punch"],"picked":"Footwork","floor":29.0},{"not_picked":["Glass Knife","Doppelganger"],"picked":"Malaise","floor":33.0},{"not_picked":["Backflip","Finisher"],"picked":"Blur","floor":35.0},{"not_picked":["Slice+1","Dagger Spray","Dash+1"],"picked":"SKIP","floor":38.0},{"not_picked":["Deflect","All Out Attack"],"picked":"Cloak And Dagger","floor":42},{"not_picked":["Blade Dance","Bouncing Flask"],"picked":"Acrobatics","floor":44},{"not_picked":["Bane","Accuracy+1","Outmaneuver+1"],"picked":"SKIP","floor":45},{"not_picked":["Sucker Punch+1","Calculated Gamble","Bane"],"picked":"SKIP","floor":47}],"player_experience":355516,"relics_obtained":[{"floor":7.0,"key":"Tiny Chest"},{"floor":9.0,"key":"Blue Candle"},{"floor":11.0,"key":"Anchor"},{"floor":12.0,"key":"Centennial Puzzle"},{"floor":20.0,"key":"Red Mask"},{"floor":22.0,"key":"Regal Pillow"},{"floor":23.0,"key":"Pocketwatch"},{"floor":25.0,"key":"Strawberry"},{"floor":26.0,"key":"Bottled Lightning"},{"floor":41,"key":"Frozen Egg 2"},{"floor":43,"key":"Bottled Tornado"},{"floor":45,"key":"Snake Skull"}],"event_choices":[{"damage_healed":0.0,"max_hp_gain":0.0,"max_hp_loss":0.0,"gold_gain":0.0,"event_name":"Golden Idol","player_choice":"Take Damage","floor":5.0,"gold_loss":0.0,"damage_taken":15.0,"relics_obtained":["Golden Idol"]},{"damage_healed":0.0,"max_hp_gain":0.0,"max_hp_loss":0.0,"gold_gain":0.0,"event_name":"Masked Bandits","player_choice":"Fought Bandits","floor":20.0,"gold_loss":0.0,"damage_taken":0.0},{"damage_healed":0.0,"max_hp_gain":0.0,"max_hp_loss":0.0,"gold_gain":0.0,"event_name":"Forgotten Altar","player_choice":"Gave Idol","floor":31.0,"relics_lost":["Golden Idol"],"gold_loss":0.0,"damage_taken":0.0,"relics_obtained":["Bloody Idol"]},{"cards_removed":["Footwork"],"damage_healed":0.0,"max_hp_gain":0.0,"max_hp_loss":0.0,"gold_gain":0.0,"event_name":"Falling","player_choice":"Removed Power","floor":37.0,"gold_loss":0.0,"damage_taken":0.0},{"damage_healed":0,"gold_gain":0,"player_choice":"Memory 1","damage_taken":0,"max_hp_gain":0,"max_hp_loss":0,"event_name":"SensoryStone","floor":39,"gold_loss":0},{"damage_healed":0,"gold_gain":0,"player_choice":"Forge","damage_taken":0,"max_hp_gain":0,"max_hp_loss":0,"event_name":"Accursed Blacksmith","floor":48,"gold_loss":0,"cards_upgraded":["Footwork"]}],"is_beta":false,"boss_relics":[{"not_picked":["Velvet Choker","Ring of the Serpent"],"picked":"Sozu"},{"not_picked":["Busted Crown","Philosopher\u0027s Stone"],"picked":"Empty Cage"}],"items_purged_floors":[19],"is_endless":false,"potions_floor_spawned":[1,4,14,16,20,21,25,35,44,47],"ascension_level":0}}