{"host":"ar85q1708ucjvf51","time":1613779097,"event":{"mods":["BaseMod","Minty Spire (QoL Compilation)"],"gold_per_floor":[144,189,234,234,279,279,369,414,439,484,529,54,99,189,189,489,489,534,84,129,129,96,186,231,231,231,321,321,71,71,125,125,434,434,479,524,587,22,306,315,315,324,324,483,498,552,552,606,615,615,615],"floor_reached":50,"language":"ENG","playtime":9689,"items_purged":["Redo","Coolheaded"],"score":646,"play_id":"cafd3d76-4fd9-43c7-88cb-11c1d5cc60a3","local_time":"20210219185817","daily_mods":["Insanity","Blue Cards","Midas"],"is_ascension_mode":false,"campfire_choices":[{"floor":15.0,"key":"REST"},{"floor":25.0,"key":"REST"},{"floor":28.0,"key":"REST"},{"floor":30.0,"key":"REST"},{"floor":32.0,"key":"REST"},{"floor":40.0,"key":"REST"},{"floor":42.0,"key":"REST"},{"floor":49.0,"key":"REST"}],"circlet_count":0,"master_deck":["Uppercut","Rebound","Aggregate","Streamline","Melter","Rebound","Hologram+1","Twin Strike","Evolve","Headbutt","Streamline","Warcry","True Grit","Skim","White Noise","Flex","Disarm","Sweeping Beam","Searing Blow","Gash","Battle Trance","Anger","Compile Driver","Undo","Stack","Stack","Steam","Pummel","Aggregate","Rage","Rampage","Sweeping Beam","Reprogram","Gash","Ball Lightning","Hologram","Blood for Blood","Heavy Blade","Warcry","Shrug It Off","Anger","Havoc","Rage","Combust","Inflame","Rebound","Reprogram+1","Pommel Strike","Rainbow","Heatsinks","Carnage","Ghostly Armor","Rupture+1","Sunder","Corruption+1","Leap+1","Hemokinesis+1","Pain","Dark Embrace+1","Berserk+1","Dual Wield+1","Limit Break","Parasite","Inflame+1","Stack","Regret","Power Through+1","Rebound+1","Heavy Blade","Armaments+1","Berserk+1","Stack","Whirlwind+1"],"relics":["Black Blood","Mummified Hand","Ancient Tea Set","Frozen Egg 2","Regal Pillow","Lantern","Bag of Marbles","Juzu Bracelet","Sling","WarpedTongs","Potion Belt","Pen Nib","CeramicFish","Strange Spoon","SacredBark","Medical Kit","Bottled Flame","Dream Catcher","War Paint","StoneCalendar","Gambling Chip"],"acts_visited":["Exordium","TheCity","TheBeyond"],"potions_floor_usage":[50],"damage_taken":[{"damage":0.0,"enemies":"Small Slimes","floor":1.0,"turns":1.0},{"damage":1.0,"enemies":"2 Louse","floor":2.0,"turns":2.0},{"damage":0.0,"enemies":"Cultist","floor":3.0,"turns":4.0},{"damage":0.0,"enemies":"2 Fungi Beasts","floor":5.0,"turns":3.0},{"damage":33.0,"enemies":"Lagavulin","floor":7.0,"turns":7.0},{"damage":16.0,"enemies":"Exordium Thugs","floor":8.0,"turns":4.0},{"damage":7.0,"enemies":"3 Louse","floor":10.0,"turns":2.0},{"damage":10.0,"enemies":"Lots of Slimes","floor":11.0,"turns":3.0},{"damage":0.0,"enemies":"2 Fungi Beasts","floor":13.0,"turns":4.0},{"damage":17.0,"enemies":"3 Sentries","floor":14.0,"turns":4.0},{"damage":32.0,"enemies":"Slime Boss","floor":16.0,"turns":8.0},{"damage":19.0,"enemies":"Shell Parasite","floor":18.0,"turns":4.0},{"damage":7.0,"enemies":"Chosen","floor":20.0,"turns":4.0},{"damage":46.0,"enemies":"Book of Stabbing","floor":23.0,"turns":7.0},{"damage":21.0,"enemies":"Snake Plant","floor":24.0,"turns":2.0},{"damage":30.0,"enemies":"Slavers","floor":27.0,"turns":3.0},{"damage":9.0,"enemies":"Centurion and Healer","floor":31.0,"turns":4.0},{"damage":64.0,"enemies":"Automaton","floor":33.0,"turns":10.0},{"damage":16.0,"enemies":"3 Shapes","floor":35.0,"turns":5.0},{"damage":47.0,"enemies":"3 Darklings","floor":36.0,"turns":7.0},{"damage":37.0,"enemies":"Writhing Mass","floor":37.0,"turns":5.0},{"damage":21.0,"enemies":"Mind Bloom Boss Battle","floor":44.0,"turns":3.0},{"damage":63.0,"enemies":"2 Orb Walkers","floor":45.0,"turns":5.0},{"damage":14.0,"enemies":"Transient","floor":46.0,"turns":5.0},{"damage":0.0,"enemies":"Spire Growth","floor":47.0,"turns":1.0},{"damage":27.0,"enemies":"Jaw Worm Horde","floor":48.0,"turns":4.0},{"damage":63,"enemies":"Awakened One","floor":50,"turns":5}],"seed_played":"778547550210687013","potions_obtained":[{"floor":1.0,"key":"SpeedPotion"},{"floor":5.0,"key":"Ancient Potion"},{"floor":10.0,"key":"FearPotion"},{"floor":11.0,"key":"BloodPotion"},{"floor":18.0,"key":"DuplicationPotion"},{"floor":24.0,"key":"PowerPotion"},{"floor":31.0,"key":"HeartOfIron"},{"floor":37.0,"key":"Energy Potion"},{"floor":44.0,"key":"Fire Potion"},{"floor":46.0,"key":"SmokeBomb"},{"floor":48.0,"key":"AttackPotion"}],"is_trial":false,"path_per_floor":["M","M","M","?","M","?","E","M","T","M","M","$","M","E","R","B",null,"M","$","M","?","$","E","M","R","T","E","R","$","R","M","R","B",null,"M","M","M","$","?","R","?","R","T","?","?","M","M","M","R","B"],"character_chosen":"IRONCLAD","items_purchased":["Frozen Egg 2","Regal Pillow","Bag of Marbles","Juzu Bracelet","Sling","Dark Embrace+1","Strange Spoon","Stack","Medical Kit","Bottled Flame","Dream Catcher"],"campfire_rested":8,"item_purchase_floors":[12,12,19,19,19,22,29,38,38,38,38],"current_hp_per_floor":[80,80,80,85,85,85,58,48,48,47,43,43,49,38,78,52,85,78,78,83,83,83,49,40,80,80,62,85,85,85,85,85,50,85,81,46,21,21,21,61,61,85,85,76,25,23,35,20,60,0,0],"gold":615,"neow_bonus":"","is_daily":true,"chose_seed":false,"campfire_upgraded":0,"win_rate":0.0,"timestamp":1613779097,"path_taken":["M","M","M","?","M","?","E","M","T","?","M","$","M","E","R","BOSS","M","$","M","?","$","E","M","R","T","E","R","?","R","M","R","BOSS","M","M","M","$","?","R","?","R","T","?","?","M","M","M","R","BOSS"],"items_purchased_type":["Relic","Relic","Relic","Relic","Relic","Card","Relic","Card","Relic","Relic","Relic"],"build_version":"2020-12-22","purchased_purges":2,"victory":false,"max_hp_per_floor":[80,80,80,85,85,85,85,85,85,85,85,85,85,85,85,85,85,85,85,85,85,85,85,85,85,85,85,85,85,85,85,85,85,85,85,85,85,85,85,85,85,85,85,85,85,85,85,85,85,85,85],"card_choices":[{"not_picked":["Consume","Undo"],"picked":"Reprogram","floor":1.0},{"not_picked":["Beam Cell","Cold Snap","Power Through"],"picked":"SKIP","floor":2.0},{"not_picked":["Ball Lightning","Body Slam"],"picked":"Pommel Strike","floor":3.0},{"not_picked":["Auto Shields","Armaments"],"picked":"Rainbow","floor":5.0},{"not_picked":["Sweeping Beam","Rebound"],"picked":"Heatsinks","floor":7.0},{"not_picked":["Leap","Hologram","Clash"],"picked":"SKIP","floor":8.0},{"not_picked":["Pommel Strike","Power Through"],"picked":"Carnage","floor":10.0},{"not_picked":["Headbutt","Compile Driver"],"picked":"Ghostly Armor","floor":11.0},{"not_picked":["Gash","Cold Snap"],"picked":"Rupture+1","floor":13.0},{"not_picked":["Loop+1","Heavy Blade"],"picked":"Sunder","floor":14.0},{"not_picked":["Impervious","Multi-Cast"],"picked":"Corruption+1","floor":16.0},{"not_picked":["Compile Driver","Sweeping Beam"],"picked":"Leap+1","floor":18.0},{"not_picked":["Dropkick","Glacier+1"],"picked":"Hemokinesis+1","floor":20.0},{"not_picked":["Seeing Red","Turbo"],"picked":"Berserk+1","floor":23.0},{"not_picked":["BootSequence","Rebound","Shrug It Off"],"picked":"SKIP","floor":24.0},{"not_picked":["Turbo+1","Compile Driver+1","Searing Blow"],"picked":"SKIP","floor":27.0},{"not_picked":["Clash","Conserve Battery+1"],"picked":"Dual Wield+1","floor":31.0},{"not_picked":["Thunder Strike","Rainbow"],"picked":"Limit Break","floor":33.0},{"not_picked":["True Grit+1","Thunderclap+1","Havoc+1"],"picked":"SKIP","floor":35.0},{"not_picked":["Flame Barrier","Go for the Eyes","Sweeping Beam"],"picked":"SKIP","floor":36.0},{"not_picked":["Thunderclap+1","Evolve+1"],"picked":"Inflame+1","floor":37.0},{"not_picked":["Storm+1","Streamline+1"],"picked":"Power Through+1","floor":40.0},{"not_picked":["True Grit","Iron Wave"],"picked":"Rebound+1","floor":42.0},{"not_picked":["Pommel Strike","Armaments"],"picked":"Heavy Blade","floor":44.0},{"not_picked":["Cold Snap","Beam Cell"],"picked":"Armaments+1","floor":45.0},{"not_picked":["Go for the Eyes+1","Shrug It Off+1"],"picked":"Berserk+1","floor":46.0},{"not_picked":["Rupture+1","Perfected Strike"],"picked":"Stack","floor":48.0},{"not_picked":["Clash","Blizzard+1"],"picked":"Whirlwind+1","floor":49.0}],"player_experience":711198,"relics_obtained":[{"floor":7.0,"key":"Mummified Hand"},{"floor":9.0,"key":"Ancient Tea Set"},{"floor":14.0,"key":"Lantern"},{"floor":23.0,"key":"Potion Belt"},{"floor":26.0,"key":"Pen Nib"},{"floor":27.0,"key":"CeramicFish"},{"floor":43.0,"key":"War Paint"},{"floor":44.0,"key":"StoneCalendar"},{"floor":45.0,"key":"Gambling Chip"}],"event_choices":[{"damage_healed":0.0,"max_hp_gain":5.0,"max_hp_loss":0.0,"gold_gain":0.0,"event_name":"Big Fish","player_choice":"Donut","floor":4.0,"gold_loss":0.0,"damage_taken":0.0},{"cards_removed":["Ball Lightning"],"damage_healed":5.0,"max_hp_gain":0.0,"max_hp_loss":0.0,"gold_gain":0.0,"event_name":"Bonfire Elementals","player_choice":"Offered Common","floor":6.0,"gold_loss":0.0,"damage_taken":0.0},{"cards_removed":["Ball Lightning"],"damage_healed":5.0,"max_hp_gain":0.0,"max_hp_loss":0.0,"gold_gain":0.0,"event_name":"Bonfire Elementals","player_choice":"Offered Special","floor":6.0,"gold_loss":0.0,"damage_taken":0.0},{"damage_healed":0.0,"max_hp_gain":0.0,"max_hp_loss":0.0,"gold_gain":0.0,"event_name":"Accursed Blacksmith","player_choice":"Rummage","floor":21.0,"gold_loss":0.0,"damage_taken":0.0,"relics_obtained":["WarpedTongs"],"cards_obtained":["Pain"]},{"damage_healed":0.0,"max_hp_gain":0.0,"max_hp_loss":0.0,"gold_gain":275.0,"event_name":"Golden Shrine","player_choice":"Desecrate","floor":39.0,"gold_loss":0.0,"damage_taken":0.0,"cards_obtained":["Regret"]},{"cards_removed":["Go for the Eyes"],"damage_healed":0.0,"max_hp_gain":0.0,"max_hp_loss":0.0,"gold_gain":0.0,"event_name":"Falling","player_choice":"Removed Attack","floor":41.0,"gold_loss":0.0,"damage_taken":0.0},{"damage_healed":0.0,"max_hp_gain":0.0,"max_hp_loss":0.0,"gold_gain":0.0,"event_name":"MindBloom","player_choice":"Fight","floor":44.0,"gold_loss":0.0,"damage_taken":0.0},{"damage_healed":0.0,"max_hp_gain":0.0,"max_hp_loss":0.0,"gold_gain":0.0,"event_name":"Mysterious Sphere","player_choice":"Fight","floor":45.0,"gold_loss":0.0,"damage_taken":0.0}],"is_beta":false,"boss_relics":[{"not_picked":["Mark of Pain","Tiny House"],"picked":"Black Blood"},{"not_picked":["Philosopher\u0027s Stone","Runic Dome"],"picked":"SacredBark"}],"items_purged_floors":[12,29],"is_endless":false,"potions_floor_spawned":[1,5,10,11,14,18,24,31,37,44,46,47,48],"killed_by":"Awakened One","ascension_level":0}}