{"host":"flm17o2q7bfjyna6","time":1613759714,"event":{"mods":["2.2 Compatiblity","Act Like it!","BaseMod","Better Altar","Better Match","Better Note","Better Sensory Stone","Better Skull","Better Third Choice","Better Vampires","Colored Map","Colored Powertips","DeckTracker","Downfall","Fox Events","Minty Spire (QoL Compilation)","Quick Restart","Replay The Spire","Reworked Bosses","Spicy Shops","StSLib","TheSwordswoman","Wandering Minibosses"],"gold_per_floor":[99,111,111,211,231,231,231,257,270,347,247,263,363,56,75,75,75,75],"floor_reached":16,"language":"ENG","playtime":609,"items_purged":["champ:Strike"],"score":100,"play_id":"672db8c2-b10d-4b21-a377-90e01c00af00","local_time":"20210219133514","is_ascension_mode":false,"campfire_choices":[{"data":"champ:Taunt","floor":1,"key":"SMITH"},{"data":"champ:TornadoPunch","floor":6,"key":"SMITH"},{"data":"champ:BringItOn","floor":11,"key":"SMITH"}],"circlet_count":0,"master_deck":["champ:Strike","champ:Strike","champ:Defend","champ:Defend","champ:Defend","champ:Defend","champ:Execute","champ:Taunt+1","champ:TornadoPunch+1","champ:DeathBlow+1","champ:GutPunch","champ:BringItOn+1","champ:Haymaker","champ:FocusedDefense","champ:Taunt","champ:StanceDance","champ:RisingSlash","champ:CheapShot","ReplayTheSpireMod:Private Reserves","Clumsy","champ:FancyFootwork","champ:FocusedBerserking","Writhe","champ:BerserkersShout+1","expansioncontent:HyperBeam"],"relics":["champ:ChampionCrown","Juzu Bracelet","ReplayTheSpireMod:Shallot","Blue Candle","Matryoshka","downfall:HeartBlessingGreen","downfall:GremlinSack","ReplayTheSpireMod:CursedCoin","Letter Opener"],"acts_visited":["Exordium"],"potions_floor_usage":[8,13,13],"damage_taken":[{"damage":10,"enemies":"2 Louse","floor":2,"turns":2},{"damage":41,"enemies":"Jaw Worm","floor":5,"turns":4},{"damage":62,"enemies":"Gremlin Nob","floor":8,"turns":4},{"damage":0,"enemies":"Small Slimes","floor":9,"turns":2},{"damage":5,"enemies":"Exordium Thugs","floor":12,"turns":6},{"damage":42,"enemies":"Exordium Thugs","floor":13,"turns":5},{"damage":20,"enemies":"downfall:FleeingMerchant","floor":14,"turns":5},{"damage":0,"enemies":"downfall:LooterAlt","floor":15,"turns":2},{"damage":51,"enemies":"IC_STATUS_ARCHETYPE","floor":16,"turns":5}],"seed_played":"8350077428740509936","potions_obtained":[{"floor":5,"key":"Slimebound:ThreeZeroPotion"},{"floor":9,"key":"champ:CounterPotion"},{"floor":12,"key":"ColorlessPotion"}],"is_trial":false,"path_per_floor":["R","M","?","?","M","R","T","E","M","T","R","M","?","$","M","B"],"character_chosen":"THE_CHAMP","items_purchased":["ReplayTheSpireMod:CursedCoin","champ:BerserkersShout+1","Letter Opener","expansioncontent:HyperBeam"],"campfire_rested":0,"item_purchase_floors":[14,14,14,14],"current_hp_per_floor":[90,90,90,90,74,74,74,47,47,47,47,47,40,40,40,0,0,0],"gold":75,"neow_bonus":"RANDOM_COMMON_RELIC","is_daily":false,"chose_seed":false,"campfire_upgraded":3,"win_rate":0.0,"timestamp":1613759714,"path_taken":["R","M","?","?","M","R","T","E","M","?","R","M","?","$","M","BOSS"],"items_purchased_type":["Relic","Card","Relic","Card"],"build_version":"2020-12-22","purchased_purges":1,"victory":false,"max_hp_per_floor":[90,90,90,90,90,90,90,90,90,90,90,90,90,90,90,90,90,90],"card_choices":[{"not_picked":["champ:Parry","champ:FanOfKnives"],"picked":"champ:TornadoPunch","floor":2},{"not_picked":["champ:ShieldSlam","champ:ArenaPreparation"],"picked":"champ:GutPunch","floor":5},{"not_picked":["champ:StanceDance","champ:EnGarde"],"picked":"champ:BringItOn","floor":8},{"not_picked":["champ:BladeFlurry","champ:StanceDance"],"picked":"champ:Haymaker","floor":9},{"not_picked":["champ:Shatter","champ:BladeFlurry"],"picked":"champ:FocusedDefense","floor":12},{"not_picked":["champ:BladeFlurry","champ:DefensiveShout"],"picked":"champ:FancyFootwork","floor":13},{"not_picked":["champ:StanceDance","champ:GutPunch"],"picked":"champ:FocusedBerserking","floor":14},{"not_picked":["champ:SetATrap","champ:EnGarde","champ:FlashCut"],"picked":"SKIP","floor":15}],"player_experience":1958738,"relics_obtained":[{"floor":7,"key":"ReplayTheSpireMod:Shallot"},{"floor":8,"key":"Blue Candle"},{"floor":10,"key":"Matryoshka"},{"floor":13,"key":"downfall:GremlinSack"}],"event_choices":[],"is_beta":false,"boss_relics":[],"items_purged_floors":[14],"is_endless":false,"potions_floor_spawned":[5,9,12],"killed_by":"IC_STATUS_ARCHETYPE","ascension_level":0}}