{"host":"o1wkfo8ppvrprpet","time":1613729143,"event":{"mods":["Aspiration","Astrologer","BaseMod","CapriCore","Colored Powertips","Koishi","Minty Spire (QoL Compilation)","MostiFishMod","Reimu£¨²©ÀöÁéÃÎ£©","Replay The Spire","RumiaBox-Â¶Ã×æ«µÄÉñÃØºÐ×Ó","Spicy Shops","StSLib","The Administrix","The Gatherer","The Immortal","Waifu the Spire","Yakumo Yukari mod"],"gold_per_floor":[115,40,53,53,53,53,80,121,144,170,170,205,215,227,227,298,298,317,367,380,392,405,405,425,350,350,350,366,386,16,16,16,93,93,108,108,161,181,16,16,44,44,44,62,76,76,76,99,99,99],"floor_reached":51,"language":"ZHS","playtime":1881,"items_purged":["Strike_R","Strike_R"],"score":1703,"play_id":"0cafcb15-1b67-497d-99a6-aed2878d2179","local_time":"20210219180543","is_ascension_mode":true,"campfire_choices":[{"data":"Armaments","floor":6.0,"key":"SMITH"},{"data":"Offering","floor":11.0,"key":"SMITH"},{"data":"Inflame","floor":15.0,"key":"SMITH"},{"data":"Limit Break","floor":23.0,"key":"SMITH"},{"floor":32.0,"key":"REST"},{"floor":40,"key":"REST"},{"floor":42,"key":"REST"},{"floor":47,"key":"REST"},{"floor":49,"key":"RECALL"}],"circlet_count":0,"master_deck":["AscendersBane","Strike_R","Strike_R","Defend_R","Defend_R","Defend_R","Bash","Armaments+1","Cleave","Inflame+1","Sword Boomerang+1","Offering+1","Spot Weakness","Warcry","Pommel Strike+1","Limit Break+1","Warcry+1","Flex","Replay:Undeath\u0027s Touch+1","Thunderclap+1","ReplayTheSpireMod:Stacked","Headbutt+1","ReplayTheSpireMod:Limb From Limb+1","MostiFishMod:OrdinaryWorld+1","Pummel+1","Replay:Undeath\u0027s Touch+1","Pot Of Greed","Pot Of Greed","Pot Of Greed"],"relics":["Burning Blood","DaveBox","NeowsBlessing","SynthV:TestCard","Molten Egg 2","Potion Belt","StrikeDummy","King of Hearts","Toy Ornithopter","Orichalcum","JellyFishMachine","GodSword7","GodSword5","Fusion Hammer","aspiration:AnachronicSnailShell","Grinning Jar","Ornamental Fan","aspiration:HiddenCompartment","Replay:Baseball"],"acts_visited":["Exordium","TheCity","TheBeyond"],"potions_floor_usage":[38,41,50],"damage_taken":[{"damage":0.0,"enemies":"Small Slimes","floor":1.0,"turns":1.0},{"damage":0.0,"enemies":"Jaw Worm","floor":3.0,"turns":1.0},{"damage":0.0,"enemies":"Gremlin Nob","floor":7.0,"turns":1.0},{"damage":9.0,"enemies":"3 Sentries","floor":10.0,"turns":4.0},{"damage":14.0,"enemies":"Gremlin Nob","floor":12.0,"turns":3.0},{"damage":6.0,"enemies":"Cultist","floor":13.0,"turns":2.0},{"damage":6.0,"enemies":"Blue Slaver","floor":14.0,"turns":4.0},{"damage":19.0,"enemies":"Fading Forest","floor":16.0,"turns":11.0},{"damage":20.0,"enemies":"Chosen","floor":18.0,"turns":4.0},{"damage":6.0,"enemies":"Spheric Guardian","floor":20.0,"turns":2.0},{"damage":18.0,"enemies":"Snecko","floor":21.0,"turns":3.0},{"damage":9.0,"enemies":"Centurion and Healer","floor":22.0,"turns":3.0},{"damage":13.0,"enemies":"Cultist and Chosen","floor":24.0,"turns":4.0},{"damage":6.0,"enemies":"Snake Plant","floor":28.0,"turns":1.0},{"damage":13.0,"enemies":"3 Cultists","floor":29.0,"turns":3.0},{"damage":26.0,"enemies":"Pondfish","floor":33.0,"turns":5.0},{"damage":48.0,"enemies":"3 Darklings","floor":35.0,"turns":3.0},{"damage":16.0,"enemies":"2 Orb Walkers","floor":37.0,"turns":4.0},{"damage":18,"enemies":"3 Shapes","floor":38,"turns":4},{"damage":51,"enemies":"Reptomancer","floor":41,"turns":4},{"damage":9,"enemies":"Jaw Worm Horde","floor":44,"turns":4},{"damage":0,"enemies":"Transient","floor":45,"turns":6},{"damage":65,"enemies":"Time Eater","floor":50,"turns":7}],"seed_played":"-648086634029739548","potions_obtained":[{"floor":3.0,"key":"PowerPotion"},{"floor":14.0,"key":"Elixir"},{"floor":20.0,"key":"Dexterity Potion"},{"floor":22.0,"key":"LifebloodPotion"},{"floor":29.0,"key":"BlessingOfTheForge"},{"floor":35.0,"key":"Explosive Potion"},{"floor":38,"key":"PowerPotion"},{"floor":44,"key":"Swift Potion"}],"is_trial":false,"path_per_floor":["M","$","M","?","?","R","E","?","T","E","R","E","M","M","R","B",null,"M","?","M","M","M","R","M","?","T","?","M","M","$","?","R","B",null,"M","?","?","M","$","R","E","R","T","M","M","?","R","T","R","B",null],"character_chosen":"IRONCLAD","items_purchased":["GodSword5","Grinning Jar"],"campfire_rested":4,"item_purchase_floors":[30,39],"current_hp_per_floor":[74,74,75,75,75,75,75,45,45,42,42,34,34,34,34,29,64,55,48,48,36,33,33,31,31,31,31,31,24,24,24,51,38,73,32,61,52,47,47,61,17,39,39,37,44,44,61,61,61,9],"gold":99,"neow_bonus":"THREE_ENEMY_KILL","is_daily":false,"chose_seed":false,"campfire_upgraded":4,"win_rate":0.0,"timestamp":1613729143,"path_taken":["M","$","M","?","?","R","E","?","T","E","R","E","M","M","R","BOSS","M","?","M","M","?","R","M","?","T","?","M","?","$","?","R","BOSS","M","?","?","M","$","R","E","R","T","M","M","?","R","?","R","BOSS"],"items_purchased_type":["Relic","Relic"],"build_version":"2020-12-22","purchased_purges":2,"victory":true,"max_hp_per_floor":[75,75,75,75,75,75,75,75,75,75,75,75,75,75,75,75,75,75,75,75,75,75,75,75,75,75,75,75,75,75,75,75,75,75,75,61,61,61,61,61,61,61,61,61,61,61,61,61,61,61],"card_choices":[{"not_picked":["Pummel","Life Link"],"picked":"Armaments","floor":1.0},{"not_picked":["Rupture","Warcry","MostiFishMod:BrandingRite","Iron Wave"],"picked":"Cleave","floor":3.0},{"not_picked":["Flex","Cleave+1","Thunderclap+1","Clash+1"],"picked":"Inflame","floor":7.0},{"not_picked":["Abandon","Shrug It Off","Infernal Blade","Cleave+1"],"picked":"Sword Boomerang+1","floor":8.0},{"not_picked":["Defy Death","Headbutt+1","Combust","Metallicize"],"picked":"Offering","floor":8.0},{"not_picked":["Blood for Blood+1","Iron Wave+1","Inflame","True Grit"],"picked":"Spot Weakness","floor":10.0},{"not_picked":["Defy Death","Sentinel","Sword Boomerang+1","Armaments"],"picked":"Warcry","floor":12.0},{"not_picked":["Sentinel","MostiFishMod:404NotFound+1","Warcry","Ghostly Armor","Evolve"],"picked":"SKIP","floor":13.0},{"not_picked":["Perfected Strike+1","Dual Wield","Iron Wave+1","Anger+1"],"picked":"Pommel Strike+1","floor":14.0},{"not_picked":["MostiFishMod:Mania","MostiFishMod:DarkDeal","MostiFishMod:RacingGame","MostiFishMod:TemporaryOutbreak"],"picked":"Limit Break","floor":16.0},{"not_picked":["Body Slam+1","Dual Wield","Twin Strike+1","MostiFishMod:TemporaryOutbreak"],"picked":"Warcry+1","floor":18.0},{"not_picked":["Body Slam+1","Cleave+1","Intimidate","Clash+1"],"picked":"Flex","floor":20.0},{"not_picked":["Rampage+1","Anger+1","Shrug It Off","Warcry+1"],"picked":"Replay:Undeath\u0027s Touch+1","floor":21.0},{"not_picked":["Fiend Fire+1","True Grit","Wild Strike+1","Rage"],"picked":"Thunderclap+1","floor":22.0},{"not_picked":["Anger+1","Havoc+1","Dark Embrace","Perfected Strike+1"],"picked":"ReplayTheSpireMod:Stacked","floor":24.0},{"not_picked":["Twin Strike+1","Body Slam+1","Clash+1","True Grit"],"picked":"Headbutt+1","floor":28.0},{"not_picked":["Run Through+1","Metallicize","Headbutt+1","Body Slam+1"],"picked":"ReplayTheSpireMod:Limb From Limb+1","floor":29.0},{"not_picked":["MostiFishMod:ChineseTea","Corruption","MostiFishMod:FireWorks","Demon Form"],"picked":"MostiFishMod:OrdinaryWorld+1","floor":33.0},{"not_picked":["Anger+1","Flame Barrier","Twin Strike+1","Sword Boomerang+1","Cleave+1"],"picked":"SKIP","floor":35.0},{"not_picked":["Clash+1","Dropkick+1","ReplayTheSpireMod:LeadingStrike+1","True Grit"],"picked":"Pummel+1","floor":37.0},{"not_picked":["Havoc","Cleave+1","Iron Wave+1","Anger+1"],"picked":"Replay:Undeath\u0027s Touch+1","floor":38},{"not_picked":["Clothesline+1","Warcry","Blood for Blood+1","Clash+1","Evolve"],"picked":"SKIP","floor":41},{"not_picked":["Iron Wave+1","Warcry","Reaper+1","Bloodletting","Havoc+1"],"picked":"SKIP","floor":44},{"not_picked":["Inflame","Flame Barrier","Thunderclap+1","Sentinel","ReplayTheSpireMod:LeadingStrike+1"],"picked":"SKIP","floor":45}],"player_experience":639650,"relics_obtained":[{"floor":1.0,"key":"SynthV:TestCard"},{"floor":7.0,"key":"Potion Belt"},{"floor":8.0,"key":"StrikeDummy"},{"floor":9.0,"key":"King of Hearts"},{"floor":10.0,"key":"Toy Ornithopter"},{"floor":12.0,"key":"Orichalcum"},{"floor":26.0,"key":"GodSword7"},{"floor":37.0,"key":"aspiration:AnachronicSnailShell"},{"floor":41,"key":"Ornamental Fan"},{"floor":43,"key":"aspiration:HiddenCompartment"},{"floor":48,"key":"Replay:Baseball"}],"event_choices":[{"damage_healed":0.0,"max_hp_gain":0.0,"max_hp_loss":0.0,"gold_gain":50.0,"event_name":"FaceTrader","player_choice":"Touch","floor":19.0,"gold_loss":0.0,"damage_taken":7.0},{"cards_removed":["Strike_R"],"damage_healed":0.0,"max_hp_gain":0.0,"max_hp_loss":0.0,"gold_gain":0.0,"event_name":"Beggar","player_choice":"Gave Gold","floor":25.0,"gold_loss":75.0,"damage_taken":0.0},{"cards_removed":["Injury"],"damage_healed":0.0,"max_hp_gain":0.0,"max_hp_loss":0.0,"gold_gain":0.0,"event_name":"Purifier","player_choice":"Purged","floor":27.0,"gold_loss":0.0,"damage_taken":0.0},{"damage_healed":61.0,"max_hp_gain":0.0,"max_hp_loss":14.0,"gold_gain":0.0,"event_name":"The Moai Head","player_choice":"Heal","floor":36.0,"gold_loss":0.0,"damage_taken":0.0},{"damage_healed":0.0,"max_hp_gain":0.0,"max_hp_loss":0.0,"gold_gain":0.0,"event_name":"Mysterious Sphere","player_choice":"Fight","floor":37.0,"gold_loss":0.0,"damage_taken":0.0}],"is_beta":false,"boss_relics":[{"not_picked":["Runic Pyramid","FeatherPendant"],"picked":"JellyFishMachine"},{"not_picked":["Philosopher\u0027s Stone","RhineFirstAidKit"],"picked":"Fusion Hammer"}],"items_purged_floors":[2,30],"is_endless":false,"potions_floor_spawned":[3,14,20,22,29,35,38,44],"ascension_level":18}}