{"host":"rw1trt79hfpl7pom","time":1613730398,"event":{"mods":["BaseMod","Bestiary","Colored Map","Jorbs\u0027s Wanderer Trilogy","Minty Spire (QoL Compilation)","Relic Stats","StSLib","SuperFastMode"],"gold_per_floor":[111,111,131,131,131,131,145,172,172,132,132,132],"floor_reached":11,"language":"ENG","playtime":467,"items_purged":[],"score":142,"play_id":"6a90c974-c01b-4980-96eb-2c65767b6b9a","local_time":"20210219022638","is_ascension_mode":true,"campfire_choices":[{"floor":6,"key":"REST"}],"circlet_count":0,"master_deck":["AscendersBane","Zap","Dualcast","Barrage+1","Undo","Capacitor","Machine Learning","Multi-Cast","Stack","Go for the Eyes+1","Skim","Conserve Battery","Pain","Hologram","White Noise","Coolheaded","Sweeping Beam+1"],"relics":["Pandora\u0027s Box","WarpedTongs","Molten Egg 2","Whetstone","Mummified Hand"],"acts_visited":["Exordium"],"potions_floor_usage":[8],"damage_taken":[{"damage":12,"enemies":"2 Louse","floor":1,"turns":3},{"damage":3,"enemies":"Cultist","floor":3,"turns":4},{"damage":15,"enemies":"Small Slimes","floor":7,"turns":7},{"damage":50,"enemies":"3 Sentries","floor":8,"turns":9},{"damage":7,"enemies":"Looter","floor":10,"turns":4},{"damage":29,"enemies":"Gremlin Nob","floor":11,"turns":3}],"seed_played":"-5139634344780333071","potions_obtained":[{"floor":3,"key":"FocusPotion"},{"floor":7,"key":"FairyPotion"}],"is_trial":false,"path_per_floor":["M","?","M","?","?","R","M","E","T","M","E"],"character_chosen":"DEFECT","items_purchased":[],"campfire_rested":1,"item_purchase_floors":[],"current_hp_per_floor":[52,52,49,49,31,52,37,15,15,8,0,0],"gold":132,"neow_bonus":"BOSS_RELIC","is_daily":false,"chose_seed":false,"campfire_upgraded":0,"win_rate":0.0,"timestamp":1613730398,"path_taken":["M","?","?","?","?","R","M","E","T","M","E"],"items_purchased_type":[],"build_version":"2020-12-22","purchased_purges":0,"victory":false,"max_hp_per_floor":[71,71,71,71,71,71,71,71,71,71,71,71],"relic_stats":{"counters":[6,30],"Mummified Hand":[4],"Pandora\u0027s Box":["Barrage","Undo","Capacitor","Machine Learning","Multi-Cast","Stack","Go for the Eyes","Skim"],"Whetstone":["Go for the Eyes","Barrage"],"obtain_stats":[{"Mummified Hand":9,"Pandora\u0027s Box":0,"Molten Egg 2":5,"Whetstone":8,"Cracked Core":0,"WarpedTongs":2},{"Mummified Hand":4,"Pandora\u0027s Box":0,"Molten Egg 2":2,"Whetstone":4,"Cracked Core":0,"WarpedTongs":1},{"Mummified Hand":23,"Pandora\u0027s Box":0,"Molten Egg 2":7,"Whetstone":23,"Cracked Core":0,"WarpedTongs":3}],"WarpedTongs":[27]},"card_choices":[{"not_picked":["Storm","Barrage"],"picked":"Conserve Battery","floor":1},{"not_picked":["Stack","Go for the Eyes"],"picked":"Hologram","floor":3},{"not_picked":["Hologram","Turbo"],"picked":"White Noise","floor":7},{"not_picked":["White Noise","Self Repair"],"picked":"Coolheaded","floor":8},{"not_picked":["Conserve Battery","Auto Shields"],"picked":"Sweeping Beam+1","floor":10}],"player_experience":2800473,"relics_obtained":[{"floor":8,"key":"Whetstone"},{"floor":9,"key":"Mummified Hand"}],"event_choices":[{"damage_healed":0,"gold_gain":0,"player_choice":"Rummage","damage_taken":0,"relics_obtained":["WarpedTongs"],"max_hp_gain":0,"max_hp_loss":0,"event_name":"Accursed Blacksmith","floor":2,"gold_loss":0,"cards_obtained":["Pain"]},{"damage_healed":0,"gold_gain":0,"player_choice":"Ignored","damage_taken":0,"max_hp_gain":0,"max_hp_loss":0,"event_name":"Liars Game","floor":4,"gold_loss":0},{"damage_healed":0,"gold_gain":0,"player_choice":"Success","damage_taken":18,"relics_obtained":["Molten Egg 2"],"max_hp_gain":0,"max_hp_loss":0,"event_name":"Scrap Ooze","floor":5,"gold_loss":0}],"is_beta":false,"boss_relics":[],"items_purged_floors":[],"is_endless":false,"potions_floor_spawned":[3,7],"killed_by":"Gremlin Nob","ascension_level":20}}