{"host":"rfvxwqmjnimh09wr","time":1613770503,"event":{"mods":["BaseMod","Colored Map","Hermit","Minty Spire (QoL Compilation)","StSLib"],"gold_per_floor":[118,118,193,193,22,22,62,62,62,115,115,171,181,71,71,201,201,217,42,83,94,104,104,104],"floor_reached":23,"language":"ENG","playtime":1162,"items_purged":["Strike_P","Strike_P"],"score":224,"play_id":"d9e32e3d-aabf-4a38-a42b-091d1f03ea5d","local_time":"20210219163503","is_ascension_mode":false,"campfire_choices":[{"data":"HandOfGreed","floor":6,"key":"SMITH"},{"data":"ConjureBlade","floor":8,"key":"SMITH"},{"floor":15,"key":"RECALL"}],"circlet_count":0,"master_deck":["Strike_P","Defend_P","Defend_P","Defend_P","Defend_P","Eruption","Vigilance","BowlingBash","ConjureBlade+1","FollowUp","HandOfGreed+1","FlurryOfBlows","EmptyFist","Decay","FlyingSleeves","ClearTheMind","Study","DeusExMachina","Evaluate+1","LikeWater","EmptyMind+1","Conclude","Crescendo"],"relics":["Busted Crown","Pantograph","Tiny Chest","Anchor","VioletLotus"],"acts_visited":["Exordium","TheCity"],"potions_floor_usage":[10,16,20,22,23],"damage_taken":[{"damage":0,"enemies":"Jaw Worm","floor":1,"turns":2},{"damage":0,"enemies":"2 Louse","floor":7,"turns":2},{"damage":0,"enemies":"Gremlin Nob","floor":10,"turns":2},{"damage":29,"enemies":"3 Sentries","floor":12,"turns":5},{"damage":0,"enemies":"Cultist","floor":13,"turns":3},{"damage":45,"enemies":"The Guardian","floor":16,"turns":8},{"damage":0,"enemies":"Spheric Guardian","floor":18,"turns":2},{"damage":12,"enemies":"2 Thieves","floor":20,"turns":4},{"damage":53,"enemies":"Cultist and Chosen","floor":21,"turns":7},{"damage":0,"enemies":"Snecko","floor":22,"turns":2},{"damage":17,"enemies":"Book of Stabbing","floor":23,"turns":4}],"seed_played":"4781304745525510495","potions_obtained":[{"floor":1,"key":"AttackPotion"},{"floor":12,"key":"BottledMiracle"},{"floor":13,"key":"SneckoOil"},{"floor":20,"key":"Dexterity Potion"},{"floor":21,"key":"AttackPotion"}],"is_trial":false,"path_per_floor":["M","?","?","?","$","R","M","R","T","E","?","E","M","$","R","B",null,"M","$","M","M","M","E"],"character_chosen":"WATCHER","items_purchased":["HandOfGreed","Study","LikeWater"],"campfire_rested":0,"item_purchase_floors":[5,14,19],"current_hp_per_floor":[72,72,61,61,61,61,61,61,61,61,61,32,32,32,32,12,72,72,72,60,7,7,0,0],"gold":104,"neow_bonus":"BOSS_RELIC","is_daily":false,"chose_seed":false,"campfire_upgraded":2,"win_rate":0.0,"timestamp":1613770503,"path_taken":["M","?","?","?","$","R","?","R","T","E","?","E","M","$","R","BOSS","M","$","M","?","M","E"],"items_purchased_type":["Card","Card","Card"],"build_version":"2020-12-22","purchased_purges":2,"victory":false,"max_hp_per_floor":[72,72,72,72,72,72,72,72,72,72,72,72,72,72,72,72,72,72,72,72,72,72,72,72],"card_choices":[{"not_picked":[],"picked":"BowlingBash","floor":1},{"not_picked":[],"picked":"FlurryOfBlows","floor":7},{"not_picked":[],"picked":"EmptyFist","floor":10},{"not_picked":[],"picked":"FlyingSleeves","floor":12},{"not_picked":[],"picked":"ClearTheMind","floor":13},{"not_picked":[],"picked":"DeusExMachina","floor":16},{"not_picked":[],"picked":"Evaluate+1","floor":18},{"not_picked":[],"picked":"EmptyMind+1","floor":20},{"not_picked":[],"picked":"Conclude","floor":21},{"not_picked":[],"picked":"Crescendo","floor":22}],"player_experience":207944,"relics_obtained":[{"floor":9,"key":"Pantograph"},{"floor":10,"key":"Tiny Chest"},{"floor":12,"key":"Anchor"}],"event_choices":[{"damage_healed":0,"gold_gain":0,"cards_transformed":["Strike_P"],"player_choice":"Change","damage_taken":0,"max_hp_gain":0,"max_hp_loss":0,"event_name":"Living Wall","floor":2,"gold_loss":0,"cards_obtained":["ConjureBlade"]},{"damage_healed":0,"gold_gain":75,"player_choice":"Gather Gold","damage_taken":11,"max_hp_gain":0,"max_hp_loss":0,"event_name":"World of Goop","floor":3,"gold_loss":0},{"damage_healed":0,"gold_gain":0,"player_choice":"1 cards matched","damage_taken":0,"max_hp_gain":0,"max_hp_loss":0,"event_name":"Match and Keep!","floor":4,"gold_loss":0,"cards_obtained":["FollowUp"]},{"damage_healed":0,"gold_gain":0,"player_choice":"Cursed","damage_taken":0,"max_hp_gain":0,"max_hp_loss":0,"event_name":"Wheel of Change","floor":11,"gold_loss":0,"cards_obtained":["Decay"]}],"is_beta":false,"boss_relics":[{"not_picked":["SacredBark","Runic Pyramid"],"picked":"VioletLotus"}],"items_purged_floors":[14,19],"is_endless":false,"potions_floor_spawned":[1,12,13,20,21],"killed_by":"Book of Stabbing","ascension_level":0}}