{"host":"x73jdofm2fk9hsud","time":1613719291,"event":{"mods":["BaseMod","Bestiary","Minty Spire (QoL Compilation)","Relic Stats","ojb\u0027s Better Paths Mod","ojb\u0027s Info Mod"],"gold_per_floor":[116,116,38,50,50,50,83,83,83,111,131,131,160,173,173,245,245,264,15,28,28,28,28,208,208,208,242,253,253,253],"floor_reached":29,"language":"ENG","playtime":1162,"items_purged":[],"score":618,"play_id":"dc63b420-8db4-48c7-8d05-647acd18d9b3","local_time":"20210219022131","is_ascension_mode":true,"campfire_choices":[{"data":"Zap","floor":6,"key":"SMITH"},{"floor":8,"key":"REST"},{"data":"Defragment","floor":12,"key":"SMITH"},{"data":"Recycle","floor":15,"key":"SMITH"},{"data":"Fission","floor":23,"key":"SMITH"},{"data":"Capacitor","floor":25,"key":"SMITH"}],"circlet_count":0,"master_deck":["AscendersBane","Strike_B+1","Defend_B","Defend_B+1","Defend_B","Defend_B","Zap+1","Dualcast","Coolheaded","Glacier","Ball Lightning","Meteor Strike","Leap","Reinforced Body","Defragment+1","Ball Lightning","Recycle+1","Electrodynamics","CurseOfTheBell","Consume+1","FTL+1","Capacitor+1","Echo Form","Skim","Fission+1","Barrage+1"],"relics":["Cracked Core","NeowsBlessing","Akabeko","Ornamental Fan","Mummified Hand","Girya","Calling Bell","Blood Vial","StrikeDummy","Prayer Wheel","ClockworkSouvenir","Ginger","Question Card"],"acts_visited":["Exordium","TheCity"],"potions_floor_usage":[10,27,28],"damage_taken":[{"damage":0,"enemies":"Cultist","floor":1,"turns":1},{"damage":0,"enemies":"2 Louse","floor":4,"turns":1},{"damage":0,"enemies":"3 Sentries","floor":7,"turns":1},{"damage":0,"enemies":"Lagavulin","floor":10,"turns":4},{"damage":1,"enemies":"Small Slimes","floor":11,"turns":3},{"damage":1,"enemies":"3 Sentries","floor":13,"turns":16},{"damage":0,"enemies":"Red Slaver","floor":14,"turns":1},{"damage":56,"enemies":"Hexaghost","floor":16,"turns":10},{"damage":14,"enemies":"Chosen","floor":18,"turns":6},{"damage":0,"enemies":"3 Byrds","floor":20,"turns":2},{"damage":50,"enemies":"Slavers","floor":27,"turns":4},{"damage":0,"enemies":"Cultist and Chosen","floor":28,"turns":4},{"damage":7,"enemies":"Sentry and Sphere","floor":29,"turns":2}],"seed_played":"-4051382565739767418","potions_obtained":[{"floor":1,"key":"EssenceOfDarkness"},{"floor":10,"key":"FairyPotion"},{"floor":13,"key":"EssenceOfDarkness"},{"floor":27,"key":"SneckoOil"}],"is_trial":false,"path_per_floor":["M","?","$","M","?","R","E","R","T","E","M","R","E","M","R","B",null,"M","$","M","?","$","R","?","R","T","E","M","M"],"character_chosen":"DEFECT","items_purchased":["Glacier","ClockworkSouvenir","Capacitor"],"campfire_rested":1,"item_purchase_floors":[3,19,19],"current_hp_per_floor":[64,43,43,43,43,43,43,64,64,64,63,63,62,62,62,6,55,43,43,45,45,45,45,26,26,26,1,3,0,0],"gold":253,"neow_bonus":"THREE_ENEMY_KILL","is_daily":false,"chose_seed":false,"campfire_upgraded":5,"win_rate":0.0,"timestamp":1613719291,"path_taken":["M","?","$","M","?","R","E","R","T","E","M","R","E","M","R","BOSS","M","$","M","?","$","R","?","R","T","E","M","?"],"items_purchased_type":["Card","Relic","Card"],"build_version":"2020-12-22","purchased_purges":0,"victory":false,"max_hp_per_floor":[71,71,71,71,71,71,71,71,71,71,71,71,71,71,71,71,71,71,71,71,71,71,71,71,71,71,71,71,71,71],"relic_stats":{"Blood Vial":10,"counters":[13,55],"Ornamental Fan":[4],"Mummified Hand":[23],"Prayer Wheel":3,"Ginger":[2],"Question Card":2,"obtain_stats":[{"Girya":13,"NeowsBlessing":0,"Ginger":26,"Question Card":27,"Akabeko":7,"ClockworkSouvenir":19,"Calling Bell":17,"Blood Vial":17,"Ornamental Fan":9,"Mummified Hand":10,"Prayer Wheel":17,"Cracked Core":0,"StrikeDummy":17},{"Girya":6,"NeowsBlessing":0,"Ginger":10,"Question Card":11,"Akabeko":3,"ClockworkSouvenir":9,"Calling Bell":8,"Blood Vial":8,"Ornamental Fan":3,"Mummified Hand":4,"Prayer Wheel":8,"Cracked Core":0,"StrikeDummy":8},{"Girya":26,"NeowsBlessing":0,"Ginger":45,"Question Card":49,"Akabeko":3,"ClockworkSouvenir":43,"Calling Bell":37,"Blood Vial":37,"Ornamental Fan":3,"Mummified Hand":7,"Prayer Wheel":37,"Cracked Core":0,"StrikeDummy":37}]},"card_choices":[{"not_picked":["Blizzard","Streamline"],"picked":"Coolheaded","floor":1},{"not_picked":["Reinforced Body","Beam Cell"],"picked":"Ball Lightning","floor":4},{"not_picked":["Fusion","Beam Cell"],"picked":"Leap","floor":7},{"not_picked":["Force Field","Turbo"],"picked":"Reinforced Body","floor":10},{"not_picked":["Tempest","Steam"],"picked":"Defragment","floor":11},{"not_picked":["Double Energy","Fusion"],"picked":"Ball Lightning","floor":13},{"not_picked":["Steam","Turbo"],"picked":"Recycle","floor":14},{"not_picked":["All For One","Core Surge"],"picked":"Electrodynamics","floor":16},{"not_picked":["Rebound","Conserve Battery"],"picked":"Consume+1","floor":18},{"not_picked":["Streamline","Ball Lightning"],"picked":"FTL+1","floor":18},{"not_picked":["Rebound","Steam"],"picked":"Echo Form","floor":20},{"not_picked":["Turbo","Storm","Rip and Tear+1"],"picked":"SKIP","floor":20},{"not_picked":["Hologram","BootSequence","Tempest"],"picked":"SKIP","floor":27},{"not_picked":["Hologram","Cold Snap","Reinforced Body"],"picked":"Barrage+1","floor":28},{"not_picked":["Sweeping Beam","Rip and Tear","Leap","FTL"],"picked":"SKIP","floor":28}],"player_experience":5386449,"relics_obtained":[{"floor":7,"key":"Akabeko"},{"floor":9,"key":"Ornamental Fan"},{"floor":10,"key":"Mummified Hand"},{"floor":13,"key":"Girya"},{"floor":17,"key":"Blood Vial"},{"floor":17,"key":"StrikeDummy"},{"floor":17,"key":"Prayer Wheel"},{"floor":26,"key":"Ginger"},{"floor":27,"key":"Question Card"}],"event_choices":[{"damage_healed":0,"gold_gain":0,"player_choice":"Entered Light","damage_taken":21,"max_hp_gain":0,"max_hp_loss":0,"event_name":"Shining Light","floor":2,"gold_loss":0,"cards_upgraded":["Defend_B","Strike_B"]},{"damage_healed":0,"gold_gain":0,"cards_transformed":["Strike_B"],"player_choice":"Transformed","damage_taken":0,"max_hp_gain":0,"max_hp_loss":0,"event_name":"Transmorgrifier","floor":5,"gold_loss":0,"cards_obtained":["Meteor Strike"]},{"damage_healed":0,"gold_gain":0,"cards_transformed":["Strike_B","Strike_B"],"player_choice":"Became Test Subject","damage_taken":0,"max_hp_gain":0,"max_hp_loss":0,"event_name":"Drug Dealer","floor":21,"gold_loss":0,"cards_obtained":["Skim","Fission"]},{"damage_healed":0,"gold_gain":180,"player_choice":"GOLD GOLD ","damage_taken":19,"max_hp_gain":0,"max_hp_loss":0,"event_name":"Knowing Skull","floor":24,"potions_obtained":[],"gold_loss":0,"cards_obtained":[]}],"is_beta":false,"boss_relics":[{"not_picked":["Runic Dome","Tiny House"],"picked":"Calling Bell"}],"items_purged_floors":[],"is_endless":false,"potions_floor_spawned":[1,10,13,20,27],"killed_by":"Sentry and Sphere","ascension_level":20}}