{"host":"x7btokbb0w2jhl7e","time":1613715214,"event":{"mods":["Act Like it!","BaseMod","Gensokyo","Marisa£®ÏF”Í°°ƒß¿Ì…≥£©","Minty Spire (QoL Compilation)","Quick Restart","StSLib","°æ“≈ŒÔø®≈∆°øREMEMod"],"gold_per_floor":[114,39,39,39,49,49,84,84,134,134,153,153,164,182,182,182,182],"floor_reached":16,"language":"ZHS","playtime":431,"items_purged":["Defend_P"],"score":240,"play_id":"f6eaef72-1e8d-4bd4-955e-514a3cb3bdf3","local_time":"20210219141334","is_ascension_mode":true,"campfire_choices":[{"data":"Eruption","floor":6.0,"key":"SMITH"},{"data":"Conclude","floor":8.0,"key":"SMITH"},{"data":"Recycle","floor":10.0,"key":"SMITH"},{"floor":15.0,"key":"REST"}],"circlet_count":0,"master_deck":["AscendersBane","Strike_P","Strike_P","Defend_P","Defend_P","Eruption+1","Vigilance","Recycle+1","Conclude+1","ConjureBlade","Prostrate"],"relics":["PureWater","REME_ComplimentaryCards","NeowsBlessing","Strawberry","White Beast Statue"],"acts_visited":["Gensokyo:Gensokyo"],"potions_floor_usage":[16,16],"damage_taken":[{"damage":0.0,"enemies":"Gensokyo:Python","floor":1.0,"turns":1.0},{"damage":0.0,"enemies":"Gensokyo:Gryphon","floor":5.0,"turns":1.0},{"damage":0.0,"enemies":"Gensokyo:Mamizou","floor":7.0,"turns":2.0},{"damage":2.0,"enemies":"Gensokyo:3_Fairies","floor":11.0,"turns":4.0},{"damage":0.0,"enemies":"Gensokyo:Kitsune","floor":13.0,"turns":2.0},{"damage":9.0,"enemies":"Gensokyo:VengefulSpirit","floor":14.0,"turns":5.0},{"damage":30,"enemies":"Gensokyo:Kokoro","floor":16,"turns":6}],"seed_played":"-1656002542746659005","potions_obtained":[{"floor":1.0,"key":"SpeedPotion"},{"floor":11.0,"key":"ColorlessPotion"},{"floor":13.0,"key":"EntropicBrew"},{"floor":14.0,"key":"Strength Potion"}],"is_trial":false,"path_per_floor":["M","$","?","?","M","R","E","R","T","R","M","?","M","M","R","B"],"character_chosen":"WATCHER","items_purchased":[],"campfire_rested":1,"item_purchase_floors":[],"current_hp_per_floor":[61,61,54,54,54,54,54,54,54,54,52,16,16,7,29,0,0],"gold":182,"neow_bonus":"THREE_ENEMY_KILL","is_daily":false,"chose_seed":false,"campfire_upgraded":3,"win_rate":0.0,"timestamp":1613715214,"path_taken":["M","?","?","?","M","R","E","R","T","R","?","?","M","M","R","BOSS"],"items_purchased_type":[],"build_version":"2020-12-22","purchased_purges":1,"victory":false,"max_hp_per_floor":[68,68,75,75,75,75,75,75,75,75,75,75,75,75,75,75,75],"card_choices":[{"not_picked":["EmptyBody","SashWhip","Halt"],"picked":"SKIP","floor":1.0},{"not_picked":["EmptyBody","SashWhip","Halt"],"picked":"SKIP","floor":1.0},{"not_picked":["Evaluate","Study","Weave"],"picked":"SKIP","floor":5.0},{"not_picked":["CrushJoints","Crescendo"],"picked":"Conclude","floor":7.0},{"not_picked":["Consecrate","ClearTheMind","EmptyBody"],"picked":"SKIP","floor":11.0},{"not_picked":["ClearTheMind","Protect"],"picked":"ConjureBlade","floor":13.0},{"not_picked":["Worship","CrushJoints","Prostrate"],"picked":"SKIP","floor":14.0},{"not_picked":["Worship","CrushJoints"],"picked":"Prostrate","floor":14.0}],"player_experience":289946,"relics_obtained":[{"floor":7.0,"key":"White Beast Statue"}],"event_choices":[],"is_beta":false,"boss_relics":[],"items_purged_floors":[2],"is_endless":false,"potions_floor_spawned":[1,11,13,14],"killed_by":"Gensokyo:Kokoro","ascension_level":20}}