{"host":"nhhqxetgwwd7qseb","time":1613730478,"event":{"mods":["ATMod(阿瑾Mod)","Act Like it!","BaseMod","Chen","Dota2Spire","Downfall","Energized Spire","Gensokyo","Gremlin Mod","GungeonMod","Hallownest","Hermit","Koishi","LagranYue(拉格朗・月)","Marisa（F雨　魔理沙）","Minty Spire (QoL Compilation)","Quick Restart","Rare Cards Sparkle","Reimu（博丽灵梦）","Remilia（蕾米莉亚）","Replay The Spire","SOS（斯巴达之子）","Spicy Shops","StSLib","The Alterego","The Bladedancer","The Bug Knight","The Saiyan","The Senshi","The Servant 0.9.4","TheWitcher","UnlockEverythingMod","WarShipGirlsR/战舰少女R mod","Warlord Emblem","Yakumo Yukari mod","Youmu（魂魄妖梦）","【功能Mod】混沌之环修复补丁","【功能Mod】聪明的最终Boss","【遗物卡牌】REMEMod"],"gold_per_floor":[115,134,134,149,163,163,192,192,217,227,227,227,245,263,263,359,359,374,392,392,411,711,711,49,65,65,0,200,226,226,243,243,346,346,359,369,419,419,419],"floor_reached":38,"language":"ZHS","playtime":1964,"items_purged":[],"score":473,"play_id":"0d70dfc3-c10f-44ce-856c-b45819cde653","local_time":"20210219182758","is_ascension_mode":false,"campfire_choices":[{"data":"blademaster:Gust","floor":6.0,"key":"SMITH"},{"data":"blademaster:EyeOfTheTornado","floor":11.0,"key":"SMITH"},{"floor":15.0,"key":"REST"},{"data":"blademaster:Havoc","floor":23.0,"key":"SMITH"},{"data":"blademaster:Sharpen","floor":30.0,"key":"SMITH"},{"data":"Double Energy","floor":32.0,"key":"SMITH"}],"circlet_count":0,"master_deck":["blademaster:Strike","blademaster:Strike","blademaster:Strike+1","blademaster:Strike","blademaster:Defend","blademaster:Defend","blademaster:Defend","blademaster:RagingBlow","blademaster:HighVoltage","Double Energy+1","blademaster:EyeOfTheTornado+1","blademaster:Gust+1","blademaster:Sharpen+1","blademaster:AirSlash","blademaster:Flash","AT_EmpoweredMortalDraw+1","blademaster:Havoc+1","blademaster:Havoc"],"relics":["blademaster:DancersAmulet","REME_ComplimentaryCards","AT_ATBox","NeowsBlessing","theSenshi:SailorFukuRelic","Vajra","Smiling Mask","AT_MortalBlade","Sling","Bottled Flame","Pear","Whetstone","Mummified Hand","Singing Bowl","CaptainsWheel"],"acts_visited":["Exordium","TheCity","TheBeyond"],"potions_floor_usage":[],"damage_taken":[{"damage":0.0,"enemies":"Small Slimes","floor":1.0,"turns":1.0},{"damage":0.0,"enemies":"2 Louse","floor":2.0,"turns":2.0},{"damage":0.0,"enemies":"Cultist","floor":4.0,"turns":1.0},{"damage":5.0,"enemies":"2 Fungi Beasts","floor":5.0,"turns":5.0},{"damage":19.0,"enemies":"Replay:BlueRogue","floor":7.0,"turns":7.0},{"damage":8.0,"enemies":"Exordium Wildlife","floor":10.0,"turns":6.0},{"damage":3.0,"enemies":"Exordium Thugs","floor":13.0,"turns":5.0},{"damage":2.0,"enemies":"3 Louse","floor":14.0,"turns":4.0},{"damage":30.0,"enemies":"The Guardian","floor":16.0,"turns":8.0},{"damage":0.0,"enemies":"Spheric Guardian","floor":18.0,"turns":1.0},{"damage":0.0,"enemies":"Chosen","floor":19.0,"turns":3.0},{"damage":5.0,"enemies":"Shelled Parasite and Fungi","floor":21.0,"turns":3.0},{"damage":0.0,"enemies":"Centurion and Healer","floor":25.0,"turns":1.0},{"damage":0.0,"enemies":"Slavers","floor":29.0,"turns":1.0},{"damage":0.0,"enemies":"Chosen and Byrds","floor":31.0,"turns":2.0},{"damage":35.0,"enemies":"Champ","floor":33.0,"turns":8.0},{"damage":0,"enemies":"3 Shapes","floor":35,"turns":1},{"damage":0,"enemies":"3 Darklings","floor":36,"turns":1},{"damage":13,"enemies":"Mind Bloom Boss Battle","floor":37,"turns":6},{"damage":71,"enemies":"Mind Bloom Boss Battle","floor":38,"turns":8}],"seed_played":"5530333794489955912","potions_obtained":[{"floor":5.0,"key":"Milkshake"},{"floor":16.0,"key":"Adrenaline Potion"},{"floor":18.0,"key":"SkillPotion"},{"floor":29.0,"key":"ZuzhouPotion:ReiMu"},{"floor":35,"key":"Explosive Potion"}],"is_trial":false,"path_per_floor":["M","M","?","M","M","R","E","?","T","M","R","?","M","M","R","B",null,"M","M","?","M","?","R","$","M","T","?","?","E","R","M","R","B",null,"M","M","?","?"],"character_chosen":"THE_BLADEMASTER","items_purchased":["Sling","Bottled Flame","Pear","Whetstone"],"campfire_rested":1,"item_purchase_floors":[24,24,24,24],"current_hp_per_floor":[75,75,75,75,70,70,51,48,48,40,40,40,37,35,57,27,75,75,75,75,70,70,70,60,60,60,60,60,62,62,64,64,31,91,91,93,82,0,0],"gold":419,"neow_bonus":"THREE_ENEMY_KILL","is_daily":false,"chose_seed":false,"campfire_upgraded":5,"win_rate":0.0,"timestamp":1613730478,"path_taken":["M","M","?","M","M","R","E","?","T","M","R","?","?","M","R","BOSS","M","M","?","M","?","R","$","?","T","?","?","E","R","?","R","BOSS","M","M","?","?"],"items_purchased_type":["Relic","Relic","Relic","Relic"],"build_version":"2020-12-22","purchased_purges":0,"victory":false,"max_hp_per_floor":[75,75,75,75,75,75,75,75,75,75,75,75,75,75,75,75,75,75,75,75,75,75,75,85,85,85,85,85,87,87,89,89,91,91,91,93,95,95,95],"card_choices":[{"not_picked":["blademaster:AncestralHealing","blademaster:AwakeningStrike","blademaster:AspectOfWind"],"picked":"SKIP","floor":1.0},{"not_picked":["blademaster:Stormstrike","blademaster:AwakeningStrike","blademaster:Discharge"],"picked":"SKIP","floor":2.0},{"not_picked":["blademaster:ChargingUp","blademaster:Stability"],"picked":"blademaster:EyeOfTheTornado","floor":4.0},{"not_picked":["blademaster:ChargingUp","blademaster:Empower"],"picked":"blademaster:Gust","floor":5.0},{"not_picked":["blademaster:Thrust","blademaster:ThunderSlash"],"picked":"blademaster:Sharpen","floor":7.0},{"not_picked":["blademaster:Frenzy","blademaster:AwakeningDefend","blademaster:LeechingStrike"],"picked":"SKIP","floor":10.0},{"not_picked":["blademaster:ParryingStrike","blademaster:AwakeningStrike"],"picked":"blademaster:AirSlash","floor":13.0},{"not_picked":["blademaster:CullingStrike","blademaster:BrainBloom","blademaster:Flurry"],"picked":"SKIP","floor":14.0},{"not_picked":["blademaster:StanceMastery","blademaster:Empower"],"picked":"blademaster:Flash","floor":16.0},{"not_picked":["blademaster:DragonStrike+1","blademaster:SharpBlades","blademaster:Thrust"],"picked":"SKIP","floor":18.0},{"not_picked":["blademaster:EyeOfTheTornado+1","blademaster:BloodyBlow"],"picked":"blademaster:Havoc","floor":19.0},{"not_picked":["blademaster:Sunder","blademaster:DaggerAndCloak","blademaster:Stormstrike"],"picked":"SKIP","floor":21.0},{"not_picked":["blademaster:LightningDraw","blademaster:BloodyBlow","blademaster:Sunder+1"],"picked":"SKIP","floor":25.0},{"not_picked":["blademaster:Stormstrike+1","blademaster:ColdBlood","blademaster:ChargingUp"],"picked":"Singing Bowl","floor":29.0},{"not_picked":["blademaster:Meditate","blademaster:Quickstep","blademaster:ThunderSlash+1"],"picked":"Singing Bowl","floor":31.0},{"not_picked":["blademaster:RagingBlow","blademaster:ThreePointStrike","blademaster:CloudOfSteel"],"picked":"Singing Bowl","floor":33.0},{"not_picked":["blademaster:Flurry+1","blademaster:Frenzy+1"],"picked":"blademaster:Havoc","floor":35},{"not_picked":["blademaster:DeadlyDance","blademaster:Slice","blademaster:Safeguard+1"],"picked":"Singing Bowl","floor":36},{"not_picked":["blademaster:Hailwind+1","blademaster:Stormstrike","blademaster:CombatPrep"],"picked":"Singing Bowl","floor":37}],"player_experience":101902,"relics_obtained":[{"floor":7.0,"key":"theSenshi:SailorFukuRelic"},{"floor":7.0,"key":"blademaster:WindChargePerk"},{"floor":9.0,"key":"Smiling Mask"},{"floor":26.0,"key":"Mummified Hand"},{"floor":29.0,"key":"Singing Bowl"},{"floor":29.0,"key":"blademaster:ComboEveryTurnPerk"},{"floor":37,"key":"CaptainsWheel"},{"floor":37,"key":"blademaster:StanceHealPerk"}],"event_choices":[{"damage_healed":0.0,"max_hp_gain":0.0,"max_hp_loss":0.0,"gold_gain":0.0,"event_name":"Scrap Ooze","player_choice":"Success","floor":8.0,"gold_loss":0.0,"damage_taken":3.0,"relics_obtained":["Vajra"]},{"cards_removed":["blademaster:Defend"],"damage_healed":0.0,"max_hp_gain":0.0,"max_hp_loss":0.0,"gold_gain":0.0,"event_name":"Purifier","player_choice":"Purged","floor":12.0,"gold_loss":0.0,"damage_taken":0.0},{"damage_healed":0.0,"max_hp_gain":0.0,"max_hp_loss":0.0,"gold_gain":0.0,"event_name":"Vampires","player_choice":"Ignored","floor":20.0,"gold_loss":0.0,"damage_taken":0.0},{"cards_removed":["Greed_TH"],"damage_healed":0.0,"max_hp_gain":0.0,"max_hp_loss":0.0,"gold_gain":0.0,"event_name":"Back to Basics","player_choice":"Elegance","floor":27.0,"gold_loss":0.0,"damage_taken":0.0},{"damage_healed":0.0,"max_hp_gain":0.0,"max_hp_loss":0.0,"gold_gain":200.0,"event_name":"Wheel of Change","player_choice":"Gold","floor":28.0,"gold_loss":0.0,"damage_taken":0.0},{"damage_healed":0,"gold_gain":0,"player_choice":"Fight","damage_taken":0,"max_hp_gain":0,"max_hp_loss":0,"event_name":"MindBloom","floor":37,"gold_loss":0}],"is_beta":false,"boss_relics":[{"not_picked":["ChewingGum","Ectoplasm"],"picked":"AT_MortalBlade"},{"not_picked":["Velvet Choker","Kintsugi","WarlordEmblem:SaveLoadDisk"]}],"items_purged_floors":[],"is_endless":false,"potions_floor_spawned":[2,5,16,18,19,29,31,35],"killed_by":"Mind Bloom Boss Battle","ascension_level":0}}