{"host":"qg654vxoo1kzp6cj","time":1613711532,"event":{"mods":["100% Spire Juice","2.2 Compatiblity","Act Like it!","Aspiration","BaseMod","Better Altar","Better Skull","Better Third Choice","Better Vampires","Bossed Relics","Displayed Cursed Tome","Downfall","Elementarium","Gensokyo","GifTheSpireLib","Hallownest","HololiveMod","Hubris","Ironclad Rager","Menagerie","Minty Spire (QoL Compilation)","MostiFishMod","Pale of the Ancients","Reliquary","Replay The Spire","Ruina","Shapeshifter Mod","Spicy Shops","StSLib","Stuff the Spire","The Animator","The Bug Knight","The Runesmith","The Senshi","The Servant 0.9.4","TheHero","Wandering Minibosses","WarShipGirlsR/????R mod"],"gold_per_floor":[109,109,121,121,139,139,139],"floor_reached":6,"language":"ENG","playtime":244,"items_purged":[],"score":38,"play_id":"6b32e948-d2f0-4217-8c6d-88b3137318f0","local_time":"20210219001212","is_ascension_mode":true,"campfire_choices":[],"circlet_count":0,"master_deck":["Moonworks:Strike","Moonworks:Strike","Moonworks:Strike","Moonworks:Strike","Moonworks:Defend","Moonworks:Defend","Moonworks:Defend","Moonworks:Defend","Moonworks:Ambush","Moonworks:LongDistanceShot","Moonworks:x16BigRocket","Pain","Moonworks:CookingTime","Looming Evil","Moonworks:SakisCookie"],"relics":["Moonworks:BrokenBomb","Moonworks:Homemark","DaveBox","Civilization","NeowsBlessing","SynthV:TestCard","Gensokyo:LunaticRedEyes","Ring of Peace","ReplayTheSpireMod:Ring of Exchange"],"acts_visited":["Exordium"],"potions_floor_usage":[6],"damage_taken":[{"damage":0,"enemies":"Gensokyo:3_Fairies","floor":1,"turns":1},{"damage":0,"enemies":"Gensokyo:Python","floor":3,"turns":1},{"damage":0,"enemies":"Gensokyo:2_Kodama","floor":5,"turns":1},{"damage":73,"enemies":"Gensokyo:Cirno","floor":6,"turns":11}],"seed_played":"5084238041083201274","potions_obtained":[{"floor":5,"key":"DuplicationPotion"}],"is_trial":false,"path_per_floor":["M","?","M","?","M","E"],"character_chosen":"THE_STARBREAKER","items_purchased":[],"campfire_rested":0,"item_purchase_floors":[],"current_hp_per_floor":[60,60,61,61,64,0,0],"gold":139,"neow_bonus":"THREE_ENEMY_KILL","is_daily":false,"chose_seed":false,"campfire_upgraded":0,"win_rate":0.0,"timestamp":1613711532,"path_taken":["M","?","M","?","M","E"],"items_purchased_type":[],"build_version":"2020-12-22","purchased_purges":0,"victory":false,"max_hp_per_floor":[60,60,61,61,64,64,64],"card_choices":[{"not_picked":["Moonworks:IndiscriminateFireSupport","Moonworks:DeployBits"],"picked":"Moonworks:x16BigRocket","floor":1},{"not_picked":["Moonworks:AwakeningOfTalent","Moonworks:UnpaidWork","Moonworks:Assault","Moonworks:IndiscriminateFireSupport"],"picked":"Moonworks:CookingTime","floor":3},{"not_picked":["Moonworks:NicePresent","Moonworks:TacticalRetreat","Moonworks:BigMagnum","Moonworks:DeployBits"],"picked":"Moonworks:SakisCookie","floor":5}],"player_experience":856764,"relics_obtained":[{"floor":1,"key":"SynthV:TestCard"},{"floor":4,"key":"Ring of Peace"},{"floor":4,"key":"ReplayTheSpireMod:Ring of Exchange"}],"event_choices":[],"is_beta":false,"boss_relics":[],"items_purged_floors":[],"is_endless":false,"potions_floor_spawned":[5],"killed_by":"Gensokyo:Cirno","ascension_level":1}}