{"host":"0fupymmp6wdjyqoi","time":1613732384,"event":{"mods":["BaseMod","Bestiary","Clockwork Mod","Conspire","Downfall","GifTheSpireLib","Hubris","Infinite Spire","Minty Spire (QoL Compilation)","Replay The Spire","StSLib","The Construct","The Senshi"],"gold_per_floor":[216,232,232,232,41,59,59,87,87,87,87,102,102,52,52,150,150,166,166,84,84,84,84,109,4,50,69,69,79,79,94,94,196,246,257,257,257],"floor_reached":36,"language":"ENG","playtime":2344,"items_purged":["Strike_B"],"score":378,"play_id":"ff2bca39-6f9e-411b-a6f3-08fe45074bb9","local_time":"20210219115944","is_ascension_mode":false,"campfire_choices":[{"floor":7,"key":"REST"},{"data":"Zap","floor":10,"key":"SMITH"},{"data":"Storm","floor":13,"key":"SMITH"},{"floor":15,"key":"REST"},{"floor":23,"key":"REST"},{"floor":28,"key":"REST"},{"floor":32,"key":"REST"}],"circlet_count":0,"master_deck":["Defend_B","Defend_B","Defend_B+1","Zap+1","Dualcast","FIFO Queue","Leap","hubris:Ukulele","Conserve Battery","FIFO Queue","Static Discharge","Auto Shields","Storm+1","Mirror Shield","Ball Lightning+1","Reinforced Body","Capacitor","Hello World","Coolheaded","Hologram","Hologram","Crystallizer","Conserve Battery","Buffer+1","Amplify","Melter","Redo"],"relics":["Cracked Core","BargainBundle","Torii","ReplayTheSpireMod:Ninjato","Runic Pyramid","hubris:RGBLights","ReplayTheSpireMod:TigerMarble","hubris:PeanutButter","Tiny House"],"acts_visited":["Exordium","TheCity","TheBeyond"],"potions_floor_usage":[8,16,27,31],"damage_taken":[{"damage":8,"enemies":"2 Louse","floor":1,"turns":3},{"damage":6,"enemies":"Jaw Worm","floor":2,"turns":4},{"damage":0,"enemies":"Small Slimes","floor":6,"turns":6},{"damage":20,"enemies":"Gremlin Nob","floor":8,"turns":4},{"damage":3,"enemies":"3 Louse","floor":12,"turns":5},{"damage":20,"enemies":"Hexaghost","floor":16,"turns":8},{"damage":0,"enemies":"Chosen","floor":18,"turns":5},{"damage":6,"enemies":"Replay:Snechameleon","floor":24,"turns":6},{"damage":15,"enemies":"2 Thieves","floor":27,"turns":4},{"damage":0,"enemies":"Snecko","floor":29,"turns":5},{"damage":7,"enemies":"Shelled Parasite and Fungi","floor":31,"turns":4},{"damage":4,"enemies":"conspire:MysteriousRune","floor":33,"turns":7},{"damage":18,"enemies":"3 Darklings","floor":35,"turns":6}],"seed_played":"-5636206291645464988","potions_obtained":[{"floor":1,"key":"FocusPotion"},{"floor":16,"key":"Elixir"},{"floor":29,"key":"Regen Potion"},{"floor":31,"key":"Elixir"},{"floor":33,"key":"PotionOfCapacity"},{"floor":34,"key":"Block Potion"}],"is_trial":false,"path_per_floor":["M","M","?","?","$","M","R","E","T","R","?","M","R","?","R","B",null,"M","?","$","?","?","R","E","$","T","M","R","M","T","M","R","B",null,"M","M"],"character_chosen":"DEFECT","items_purchased":["BargainBundle","hubris:Ukulele","Conserve Battery","FIFO Queue","EssenceOfSteel","DistilledChaos","Reinforced Body","Hologram","Crystallizer"],"campfire_rested":5,"item_purchase_floors":[5,5,5,5,5,5,20,25,25],"current_hp_per_floor":[67,61,46,46,46,46,68,48,48,48,48,45,45,45,67,47,75,75,19,19,19,19,41,35,35,35,20,42,42,42,40,62,58,80,62,0,0],"gold":257,"neow_bonus":"HUNDRED_GOLD","is_daily":false,"chose_seed":false,"campfire_upgraded":2,"win_rate":0.0,"timestamp":1613732384,"path_taken":["M","M","?","?","$","M","R","E","T","R","?","M","R","?","R","BOSS","M","?","$","?","?","R","E","?","T","M","R","?","?","?","R","BOSS","M","M"],"items_purchased_type":["Relic","Card","Card","Card","Potion","Potion","Card","Card","Card"],"build_version":"2020-12-22","purchased_purges":1,"victory":false,"max_hp_per_floor":[75,75,75,75,75,75,75,75,75,75,75,75,75,75,75,75,75,75,75,75,75,75,75,75,75,75,75,75,75,75,75,75,75,80,80,80,80],"card_choices":[{"not_picked":["Ball Lightning","Gash"],"picked":"FIFO Queue","floor":1},{"not_picked":["Gash","ReplayTheSpireMod:Calculation Training"],"picked":"Leap","floor":2},{"not_picked":["ReplayTheSpireMod:Repulse","Defragment"],"picked":"Static Discharge","floor":6},{"not_picked":["Stack","Darkness"],"picked":"Auto Shields","floor":8},{"not_picked":["ReplayRNGCard","Capacitor"],"picked":"Storm","floor":12},{"not_picked":["hubris:SpecializedCircuitry","Rainbow"],"picked":"Mirror Shield","floor":16},{"not_picked":["Barrage","Gash"],"picked":"Ball Lightning+1","floor":18},{"not_picked":["ReplayGash","ReplayTheSpireMod:Reroute Power"],"picked":"Coolheaded","floor":24},{"not_picked":["Compile Driver","Coolheaded"],"picked":"Conserve Battery","floor":27},{"not_picked":["Auto Shields+1","Ball Lightning"],"picked":"Buffer","floor":29},{"not_picked":["Hologram","Stack","Ball Lightning"],"picked":"SKIP","floor":31},{"not_picked":["Biased Cognition","hubris:Prefetch"],"picked":"Amplify","floor":33},{"not_picked":["Cold Snap","Gash"],"picked":"Melter","floor":34},{"not_picked":["Steam+1","Chill+1"],"picked":"Redo","floor":35}],"player_experience":45988,"relics_obtained":[{"floor":8,"key":"Torii"},{"floor":9,"key":"ReplayTheSpireMod:Ninjato"},{"floor":24,"key":"hubris:RGBLights"},{"floor":26,"key":"ReplayTheSpireMod:TigerMarble"},{"floor":30,"key":"hubris:PeanutButter"}],"event_choices":[{"damage_healed":0,"gold_gain":0,"player_choice":"Entered Light","damage_taken":15,"max_hp_gain":0,"max_hp_loss":0,"event_name":"Shining Light","floor":3,"gold_loss":0,"cards_upgraded":["Strike_B","Defend_B"]},{"damage_healed":0,"gold_gain":0,"player_choice":"Ignored","damage_taken":0,"max_hp_gain":0,"max_hp_loss":0,"event_name":"Golden Wing","floor":4,"gold_loss":0},{"cards_removed":["Strike_B"],"damage_healed":0,"gold_gain":0,"player_choice":"Card Removal","damage_taken":0,"max_hp_gain":0,"max_hp_loss":0,"event_name":"The Cleric","floor":14,"gold_loss":50},{"damage_healed":0,"gold_gain":0,"player_choice":"Ignored","damage_taken":0,"max_hp_gain":0,"max_hp_loss":0,"event_name":"Ghosts","floor":21,"gold_loss":0},{"damage_healed":0,"gold_gain":0,"cards_transformed":["Strike_B","Defend_B"],"player_choice":"Became Test Subject","damage_taken":0,"max_hp_gain":0,"max_hp_loss":0,"event_name":"Drug Dealer","floor":22,"gold_loss":0,"cards_obtained":["Capacitor","Hello World"]}],"is_beta":false,"boss_relics":[{"not_picked":["Replay:Drink Me","Kintsugi"],"picked":"Runic Pyramid"},{"not_picked":["SacredBark","hubris:RunicObelisk"],"picked":"Tiny House"}],"items_purged_floors":[5],"is_endless":false,"potions_floor_spawned":[1,6,16,29,31,33],"killed_by":"3 Shapes","ascension_level":0}}