{"host":"1lcvmslm5dvu1wk7","time":1613733093,"event":{"mods":["Act Like it!","BaseMod","CapriCore","Colored Powertips","Gensokyo","Koishi","Minty Spire (QoL Compilation)","Relic Stats","Shop Mod","StSLib","The Immortal"],"gold_per_floor":[112,56,88,106,106,406,406],"floor_reached":6,"language":"ZHS","playtime":428,"items_purged":[],"score":69,"play_id":"b49c478b-6364-4d48-8e1a-4cb5afa8e04a","local_time":"20210219191133","is_ascension_mode":false,"campfire_choices":[],"circlet_count":0,"master_deck":["Koishi:BasicStrike","Koishi:BasicStrike","Koishi:BasicStrike","Koishi:BasicStrike","Koishi:BasicDefend","Koishi:BasicDefend","Koishi:BasicDefend","Koishi:BasicDefend","Koishi:Provoke","Koishi:HauntingSlash","Koishi:MassHysteria","Gensokyo:ScrapIron","Koishi:Whimsy"],"relics":["Koishi:ImaginaryFriend","NeowsBlessing","Nunchaku"],"acts_visited":["Exordium"],"potions_floor_usage":[6,6],"damage_taken":[{"damage":0,"enemies":"Gensokyo:Python","floor":1,"turns":1},{"damage":0,"enemies":"Gensokyo:Aya","floor":3,"turns":2},{"damage":0,"enemies":"Gensokyo:2_Kodama","floor":4,"turns":2},{"damage":67,"enemies":"Gensokyo:Aya","floor":6,"turns":7}],"seed_played":"-2937666067037869129","potions_obtained":[{"floor":3,"key":"Strength Potion"},{"floor":4,"key":"SpeedPotion"}],"is_trial":false,"path_per_floor":["M","COS","?","M","?","E"],"character_chosen":"KOISHI","items_purchased":[],"campfire_rested":0,"item_purchase_floors":[],"current_hp_per_floor":[60,60,60,60,60,0,0],"gold":406,"neow_bonus":"THREE_ENEMY_KILL","is_daily":false,"chose_seed":false,"campfire_upgraded":0,"win_rate":0.0,"timestamp":1613733093,"path_taken":["M","COS","?","M","?","E"],"items_purchased_type":[],"build_version":"2020-12-22","purchased_purges":0,"victory":false,"max_hp_per_floor":[60,60,60,60,60,60,60],"relic_stats":{"Nunchaku":[0],"counters":[4,12],"obtain_stats":[{"Nunchaku":3,"NeowsBlessing":0,"Koishi:ImaginaryFriend":0},{"Nunchaku":2,"NeowsBlessing":0,"Koishi:ImaginaryFriend":0},{"Nunchaku":3,"NeowsBlessing":0,"Koishi:ImaginaryFriend":0}]},"card_choices":[{"not_picked":["Koishi:Jaunt","Koishi:SpiritedAway"],"picked":"Koishi:MassHysteria","floor":1},{"not_picked":["Koishi:PhantomBarrier","Koishi:TremblingHands"],"picked":"Koishi:Whimsy","floor":3},{"not_picked":["Koishi:StingingMind","Koishi:PhantomBarrier","Koishi:UnansweredLove"],"picked":"SKIP","floor":4}],"player_experience":157282,"relics_obtained":[{"floor":3,"key":"Nunchaku"}],"event_choices":[],"is_beta":false,"boss_relics":[],"items_purged_floors":[],"is_endless":false,"potions_floor_spawned":[3,4],"killed_by":"Gensokyo:Aya","ascension_level":0}}