{"host":"y76clbnovzmw9ubx","time":1613693978,"event":{"mods":["AchievementEnabler","BaseMod","Minty Spire (QoL Compilation)","Permanent Neow","Relic Stats"],"gold_per_floor":[111,111,130,148,168,168,202,217,217,2,2,2,32,52,52,123,123,123,123,23,23,23,23,23,23,23,23,23,23,23,23,23,23,23,23,23,23],"floor_reached":36,"language":"ENG","playtime":2251,"items_purged":["Strike_G","Strike_G"],"score":953,"play_id":"135d6919-4776-431a-89f9-2e22cbc67f8a","local_time":"20210218191938","is_ascension_mode":true,"campfire_choices":[{"data":"Poisoned Stab","floor":6,"key":"SMITH"},{"data":"Cloak And Dagger","floor":11,"key":"SMITH"},{"data":"Footwork","floor":15,"key":"SMITH"},{"data":"Footwork","floor":24,"key":"SMITH"},{"data":"Footwork","floor":29,"key":"SMITH"},{"floor":32,"key":"RECALL"}],"circlet_count":0,"master_deck":["AscendersBane","Defend_G+1","Defend_G+1","Defend_G+1","Defend_G+1","Defend_G+1","Survivor","Neutralize","After Image","Blade Dance+1","Blur","Poisoned Stab+1","Infinite Blades","Leg Sweep","Cloak And Dagger+1","Footwork+1","Adrenaline","Footwork+1","After Image","Finisher+1","Deflect","Writhe","Bite","Bite","Bite","Bite","Bite","Footwork+1","Dodge and Roll","Burst","CurseOfTheBell","Dodge and Roll"],"relics":["Ring of the Snake","Du-Vu Doll","Sundial","Ginger","Ectoplasm","Blue Candle","Boot","Strawberry","Shuriken","Calling Bell","Centennial Puzzle","Gambling Chip","Singing Bowl"],"acts_visited":["Exordium","TheCity","TheBeyond"],"potions_floor_usage":[14,19,30,36],"damage_taken":[{"damage":0,"enemies":"Cultist","floor":1,"turns":5},{"damage":0,"enemies":"Jaw Worm","floor":3,"turns":4},{"damage":0,"enemies":"2 Louse","floor":4,"turns":3},{"damage":0,"enemies":"Looter","floor":5,"turns":3},{"damage":26,"enemies":"Gremlin Nob","floor":7,"turns":4},{"damage":1,"enemies":"Exordium Wildlife","floor":8,"turns":3},{"damage":6,"enemies":"Lagavulin","floor":13,"turns":9},{"damage":3,"enemies":"Large Slime","floor":14,"turns":11},{"damage":0,"enemies":"The Guardian","floor":16,"turns":13},{"damage":12,"enemies":"Spheric Guardian","floor":18,"turns":5},{"damage":0,"enemies":"3 Byrds","floor":19,"turns":3},{"damage":4,"enemies":"Book of Stabbing","floor":23,"turns":6},{"damage":3,"enemies":"Snecko","floor":25,"turns":6},{"damage":1,"enemies":"Centurion and Healer","floor":28,"turns":9},{"damage":26,"enemies":"Gremlin Leader","floor":30,"turns":13},{"damage":5,"enemies":"Shelled Parasite and Fungi","floor":31,"turns":5},{"damage":3,"enemies":"Champ","floor":33,"turns":10},{"damage":1,"enemies":"Orb Walker","floor":35,"turns":4},{"damage":57,"enemies":"2 Orb Walkers","floor":36,"turns":3}],"seed_played":"6525609317314933676","potions_obtained":[{"floor":1,"key":"LiquidBronze"},{"floor":8,"key":"DistilledChaos"},{"floor":13,"key":"ColorlessPotion"},{"floor":14,"key":"Poison Potion"},{"floor":23,"key":"Weak Potion"},{"floor":31,"key":"BlessingOfTheForge"}],"is_trial":false,"path_per_floor":["M","?","M","M","M","R","E","M","T","$","R","$","E","M","R","B",null,"M","M","$","?","?","E","R","M","T","?","M","R","E","M","R","B",null,"M","?"],"character_chosen":"THE_SILENT","items_purchased":["Cloak And Dagger","Footwork"],"campfire_rested":0,"item_purchase_floors":[10,10],"current_hp_per_floor":[59,59,59,59,59,59,33,32,32,32,32,32,26,23,23,23,55,43,43,43,43,43,46,46,46,53,53,53,53,51,53,53,53,53,53,0,0],"gold":23,"neow_bonus":"ONE_RANDOM_RARE_CARD","is_daily":false,"chose_seed":false,"campfire_upgraded":5,"win_rate":0.0,"timestamp":1613693978,"path_taken":["M","?","?","M","M","R","E","M","T","$","R","$","E","M","R","BOSS","M","M","$","?","?","E","R","M","T","?","M","R","E","M","R","BOSS","M","?"],"items_purchased_type":["Card","Card"],"build_version":"2020-12-22","purchased_purges":2,"victory":false,"max_hp_per_floor":[66,66,66,66,66,66,66,66,66,66,66,66,66,66,66,66,66,66,66,66,66,46,46,46,46,53,53,53,53,53,53,53,53,53,53,53,53],"relic_stats":{"Centennial Puzzle":[6],"Singing Bowl":0,"counters":[19,119],"Sundial":[12],"Shuriken":[14],"Blue Candle":[10],"Gambling Chip":[2],"Ectoplasm":232,"Ginger":[8],"Boot":[6],"obtain_stats":[{"Singing Bowl":34,"Blue Candle":21,"Ginger":13,"Boot":23,"Du-Vu Doll":7,"Calling Bell":34,"Centennial Puzzle":34,"Sundial":9,"Shuriken":30,"Strawberry":26,"Gambling Chip":34,"Ectoplasm":17,"Ring of the Snake":0},{"Singing Bowl":17,"Blue Candle":11,"Ginger":7,"Boot":12,"Du-Vu Doll":5,"Calling Bell":17,"Centennial Puzzle":17,"Sundial":6,"Shuriken":15,"Strawberry":13,"Gambling Chip":17,"Ectoplasm":9,"Ring of the Snake":0},{"Singing Bowl":112,"Blue Candle":63,"Ginger":31,"Boot":69,"Du-Vu Doll":19,"Calling Bell":112,"Centennial Puzzle":112,"Sundial":22,"Shuriken":97,"Strawberry":75,"Gambling Chip":112,"Ectoplasm":55,"Ring of the Snake":0}],"Ring of the Snake":[38]},"card_choices":[{"not_picked":["Quick Slash","Sucker Punch"],"picked":"Blade Dance","floor":1},{"not_picked":["Dagger Throw","Deadly Poison"],"picked":"Blur","floor":3},{"not_picked":["Accuracy","Concentrate"],"picked":"Poisoned Stab","floor":4},{"not_picked":["Flying Knee","Well Laid Plans"],"picked":"Infinite Blades","floor":5},{"not_picked":["Dagger Throw","Slice"],"picked":"Leg Sweep","floor":7},{"not_picked":["Dagger Throw","Choke","Eviscerate"],"picked":"SKIP","floor":8},{"not_picked":["Accuracy","Endless Agony"],"picked":"Adrenaline","floor":13},{"not_picked":["Blade Dance","Skewer"],"picked":"Footwork","floor":14},{"not_picked":["Venomology","A Thousand Cuts"],"picked":"After Image","floor":16},{"not_picked":["Bane","Flying Knee"],"picked":"Finisher+1","floor":18},{"not_picked":["Slice","Flying Knee"],"picked":"Deflect","floor":19},{"not_picked":["Storm of Steel","Glass Knife","Slice"],"picked":"SKIP","floor":23},{"not_picked":["Bane","Deadly Poison","Deflect"],"picked":"SKIP","floor":25},{"not_picked":["Backflip","Outmaneuver"],"picked":"Footwork","floor":28},{"not_picked":["Bane","Underhanded Strike"],"picked":"Dodge and Roll","floor":30},{"not_picked":["Slice","Unload","Distraction"],"picked":"SKIP","floor":31},{"not_picked":["Adrenaline","Doppelganger"],"picked":"Burst","floor":33},{"not_picked":["Finisher","Eviscerate+1"],"picked":"Dodge and Roll","floor":35}],"player_experience":3259455,"relics_obtained":[{"floor":7,"key":"Du-Vu Doll"},{"floor":9,"key":"Sundial"},{"floor":13,"key":"Ginger"},{"floor":23,"key":"Boot"},{"floor":26,"key":"Strawberry"},{"floor":30,"key":"Shuriken"},{"floor":34,"key":"Centennial Puzzle"},{"floor":34,"key":"Gambling Chip"},{"floor":34,"key":"Singing Bowl"}],"event_choices":[{"damage_healed":0,"gold_gain":0,"player_choice":"Forge","damage_taken":0,"max_hp_gain":0,"max_hp_loss":0,"event_name":"Accursed Blacksmith","floor":2,"gold_loss":0,"cards_upgraded":["Blade Dance"]},{"damage_healed":0,"gold_gain":0,"player_choice":"Opened","damage_taken":0,"relics_obtained":["Blue Candle"],"max_hp_gain":0,"max_hp_loss":0,"event_name":"The Mausoleum","floor":21,"gold_loss":0,"cards_obtained":["Writhe"]},{"damage_healed":0,"gold_gain":0,"player_choice":"Became a vampire","damage_taken":0,"max_hp_gain":0,"max_hp_loss":20,"event_name":"Vampires","floor":22,"gold_loss":0,"cards_obtained":["Bite","Bite","Bite","Bite","Bite"]},{"damage_healed":0,"gold_gain":0,"player_choice":"Simplicity","damage_taken":0,"max_hp_gain":0,"max_hp_loss":0,"event_name":"Back to Basics","floor":27,"gold_loss":0,"cards_upgraded":["Defend_G","Defend_G","Defend_G","Defend_G","Defend_G"]},{"damage_healed":0,"gold_gain":0,"player_choice":"Fight","damage_taken":0,"max_hp_gain":0,"max_hp_loss":0,"event_name":"Mysterious Sphere","floor":36,"gold_loss":0}],"is_beta":false,"boss_relics":[{"not_picked":["Runic Pyramid","SlaversCollar"],"picked":"Ectoplasm"},{"not_picked":["Snecko Eye","SacredBark"],"picked":"Calling Bell"}],"items_purged_floors":[10,20],"is_endless":false,"potions_floor_spawned":[1,8,13,14,23,28,31],"killed_by":"2 Orb Walkers","ascension_level":20}}