{"host":"tod","time":1613736458,"event":{"mods":["ATMod(∞¢Ë™Mod)","AchievementEnabler","Act Like it!","BaseMod","CapriCore","Energized Spire","Highlight Path","Lobotomy","Marisa£®ÏF”Í°°ƒß¿Ì…≥£©","Minty Spire (QoL Compilation)","Quick Restart","Reimu£®≤©¿ˆ¡È√Œ£©","Relic Filter Mod","Relic Stats","Remilia£®¿Ÿ√◊¿Ú—«£©","Replay The Spire","Shop Mod","StSLib","The Cursed","The Immortal","Yakumo Yukari mod","Youmu£®ªÍ∆«—˝√Œ£©"],"gold_per_floor":[109,109,129,129,148,108,108,180,180,180,193,193,203,203,203,282,282,294,294,294,59,75,75,95,111,135,135,264,264,292,308,308,601,601,628,628,657,673,673],"floor_reached":38,"language":"ZHS","playtime":1821,"items_purged":["Strike_R"],"score":1072,"play_id":"b8c5b63e-6d7d-4f1d-8683-48dd71d66c1e","local_time":"20210219200738","is_ascension_mode":true,"campfire_choices":[{"floor":7,"key":"DIG"},{"floor":10,"key":"DIG"},{"floor":12,"key":"DIG"},{"floor":15,"key":"DIG"},{"floor":23,"key":"DIG"},{"floor":27,"key":"RECALL"},{"floor":29,"key":"DIG"},{"floor":32,"key":"DIG"}],"circlet_count":0,"master_deck":["AscendersBane","Strike_R","Strike_R","Defend_R","Defend_R","Defend_R","Defend_R","Bash","AT_FamilyPortrait+1","Pommel Strike","AT_CaressingTears","Iron Wave","Pommel Strike","Immolate","ReplayTheSpireMod:Strike From Hell","Cloak And Dagger+1","Power Through","DevaForm","HumanGodSword"],"relics":["Burning Blood","AT_ATBox","Shovel","AT_TheCollector","Iron Hammer","King of Hearts","Replay:WaspNest","Meat on the Bone","PreservedInsect","energizedSpire:RedRose","PrismaticShard","Replay:Bottled Flurry","Potion Belt","Replay:Bandana","AT_EbonyIvory","The Courier","energizedSpire:MagnifyingGlass"],"acts_visited":["Exordium","TheCity","TheBeyond"],"potions_floor_usage":[16,16,16,16,16,16,16,16,16,16,28,33,33,37,38],"damage_taken":[{"damage":9,"enemies":"Jaw Worm","floor":1,"turns":4},{"damage":0,"enemies":"2 Louse","floor":3,"turns":2},{"damage":6,"enemies":"Cultist","floor":5,"turns":4},{"damage":6,"enemies":"Looter","floor":6,"turns":4},{"damage":11,"enemies":"Exordium Thugs","floor":11,"turns":2},{"damage":6,"enemies":"2 Fungi Beasts","floor":13,"turns":3},{"damage":63,"enemies":"Fading Forest","floor":16,"turns":14},{"damage":11,"enemies":"2 Thieves","floor":18,"turns":2},{"damage":27,"enemies":"Shell Parasite","floor":22,"turns":5},{"damage":19,"enemies":"Snake Plant","floor":24,"turns":3},{"damage":4,"enemies":"Chosen and Byrds","floor":25,"turns":3},{"damage":8,"enemies":"Slavers","floor":28,"turns":1},{"damage":20,"enemies":"Snecko","floor":30,"turns":5},{"damage":1,"enemies":"Snake Plant","floor":31,"turns":1},{"damage":17,"enemies":"Pondfish","floor":33,"turns":8},{"damage":52,"enemies":"Orb Walker","floor":35,"turns":4},{"damage":53,"enemies":"3 Darklings","floor":37,"turns":4},{"damage":24,"enemies":"Writhing Mass","floor":38,"turns":5}],"seed_played":"5212407246512996517","potions_obtained":[{"floor":3,"key":"Fire Potion"},{"floor":5,"key":"LiquidMemories"},{"floor":16,"key":"Elixir"},{"floor":20,"key":"Doom Potion"},{"floor":30,"key":"GamblersBrew"},{"floor":31,"key":"Dexterity Potion"},{"floor":33,"key":"BlessingOfTheForge"}],"is_trial":false,"path_per_floor":["M","?","M","?","M","M","R","T","T","R","M","R","M","?","R","B",null,"M","?","?","$","M","R","M","M","T","R","E","R","M","M","R","B",null,"M","?","M","M"],"character_chosen":"IRONCLAD","items_purchased":["PrismaticShard"],"campfire_rested":0,"item_purchase_floors":[21],"current_hp_per_floor":[47,47,53,58,58,58,58,58,58,58,53,53,53,48,48,51,73,68,68,68,68,49,49,48,55,55,55,53,53,57,62,62,73,78,54,54,21,0,0],"gold":673,"neow_bonus":"ONE_RARE_RELIC","is_daily":false,"chose_seed":false,"campfire_upgraded":0,"win_rate":0.0,"timestamp":1613736458,"path_taken":["M","?","M","?","?","M","R","?","T","R","M","R","M","?","R","BOSS","M","?","?","$","M","R","M","?","T","R","E","R","M","M","R","BOSS","M","?","?","M"],"items_purchased_type":["Relic"],"build_version":"2020-12-18","purchased_purges":1,"victory":false,"max_hp_per_floor":[75,75,75,80,80,80,80,80,80,80,80,80,80,80,80,80,80,80,80,80,80,80,80,80,80,80,80,80,80,80,80,80,80,80,80,80,80,80,80],"relic_stats":{"Shovel":7,"counters":[18,74],"PreservedInsect":42,"obtain_stats":[{"energizedSpire:RedRose":17,"Potion Belt":26,"AT_ATBox":0,"King of Hearts":10,"Replay:WaspNest":12,"PreservedInsect":15,"AT_EbonyIvory":29,"The Courier":32,"PrismaticShard":21,"Burning Blood":0,"Replay:Bandana":28,"Shovel":0,"AT_TheCollector":7,"Iron Hammer":9,"Replay:Bottled Flurry":23,"energizedSpire:MagnifyingGlass":34,"Meat on the Bone":14},{"energizedSpire:RedRose":7,"Potion Belt":11,"AT_ATBox":0,"King of Hearts":4,"Replay:WaspNest":5,"PreservedInsect":6,"AT_EbonyIvory":12,"The Courier":14,"PrismaticShard":8,"Burning Blood":0,"Replay:Bandana":12,"Shovel":0,"AT_TheCollector":4,"Iron Hammer":4,"Replay:Bottled Flurry":9,"energizedSpire:MagnifyingGlass":15,"Meat on the Bone":6},{"energizedSpire:RedRose":33,"Potion Belt":46,"AT_ATBox":0,"King of Hearts":14,"Replay:WaspNest":16,"PreservedInsect":19,"AT_EbonyIvory":47,"The Courier":53,"PrismaticShard":35,"Burning Blood":0,"Replay:Bandana":47,"Shovel":0,"AT_TheCollector":14,"Iron Hammer":14,"Replay:Bottled Flurry":40,"energizedSpire:MagnifyingGlass":61,"Meat on the Bone":19}],"Burning Blood":102,"Meat on the Bone":60},"card_choices":[{"not_picked":["Rupture","Run Through"],"picked":"Pommel Strike","floor":1},{"not_picked":["Cleave","Warcry","Body Slam"],"picked":"SKIP","floor":3},{"not_picked":["True Grit","Cleave"],"picked":"Iron Wave","floor":5},{"not_picked":["Body Slam","AT_BodySlamDance","True Grit"],"picked":"SKIP","floor":6},{"not_picked":["Seeing Red","Cleave"],"picked":"Pommel Strike","floor":11},{"not_picked":["Clash","Abandon"],"picked":"Immolate","floor":13},{"not_picked":["Flex","Wild Strike"],"picked":"ReplayTheSpireMod:Strike From Hell","floor":18},{"not_picked":["Heavy Blade","BloodAndWine","TheCursedMod:RavingStaff"],"picked":"SKIP","floor":22},{"not_picked":["PayForSelf:ReiMu","MokouMod:FujiyamaVolcano","CrescentMoonSlash"],"picked":"SKIP","floor":24},{"not_picked":["TheCursedMod:VitalStrike","YinYangSign:ReiMu"],"picked":"Cloak And Dagger+1","floor":25},{"not_picked":["TheCursedMod:ReleasedKnowledge","BarrageBoundary_PipeDream_purple"],"picked":"Power Through","floor":28},{"not_picked":["TheCursedMod:Torture+1","Masterful Stab","GrinderMk4"],"picked":"SKIP","floor":30},{"not_picked":["VampireFantasy","Dropkick","MokouMod:ScorchingColumn"],"picked":"SKIP","floor":31},{"not_picked":["TheCursedMod:OutForBlood","CeremonyResonance:ReiMu"],"picked":"DevaForm","floor":33},{"not_picked":["BlasphemousPunishment+1","Defy Death"],"picked":"HumanGodSword","floor":35},{"not_picked":["CherryBlossomFlashing+1","PiercingWail","Stigmanizer+1"],"picked":"SKIP","floor":37}],"player_experience":403579,"relics_obtained":[{"floor":7,"key":"AT_TheCollector"},{"floor":9,"key":"Iron Hammer"},{"floor":10,"key":"King of Hearts"},{"floor":12,"key":"Replay:WaspNest"},{"floor":15,"key":"PreservedInsect"},{"floor":23,"key":"Replay:Bottled Flurry"},{"floor":26,"key":"Potion Belt"},{"floor":28,"key":"Replay:Bandana"},{"floor":29,"key":"AT_EbonyIvory"},{"floor":32,"key":"The Courier"}],"event_choices":[{"damage_healed":0,"gold_gain":0,"cards_transformed":["Strike_R"],"player_choice":"Change","damage_taken":0,"max_hp_gain":0,"max_hp_loss":0,"event_name":"Living Wall","floor":2,"gold_loss":0,"cards_obtained":["AT_CaressingTears"]},{"damage_healed":0,"gold_gain":0,"player_choice":"Donut","damage_taken":0,"max_hp_gain":5,"max_hp_loss":0,"event_name":"Big Fish","floor":4,"gold_loss":0},{"damage_healed":0,"gold_gain":0,"player_choice":"Success","damage_taken":5,"relics_obtained":["Meat on the Bone"],"max_hp_gain":0,"max_hp_loss":0,"event_name":"Scrap Ooze","floor":14,"gold_loss":0},{"cards_removed":["Strike_R"],"damage_healed":0,"gold_gain":0,"player_choice":"Elegance","damage_taken":0,"max_hp_gain":0,"max_hp_loss":0,"event_name":"Back to Basics","floor":19,"gold_loss":0},{"damage_healed":0,"gold_gain":0,"player_choice":"Got Potions","damage_taken":0,"max_hp_gain":0,"max_hp_loss":0,"event_name":"Lab","floor":20,"gold_loss":0},{"damage_healed":0,"gold_gain":0,"player_choice":"Forge","damage_taken":0,"max_hp_gain":0,"max_hp_loss":0,"event_name":"Accursed Blacksmith","floor":36,"gold_loss":0,"cards_upgraded":["AT_FamilyPortrait"]}],"is_beta":true,"boss_relics":[{"not_picked":["RedLine:ReiMu","Replay:Wanted Poster"],"picked":"energizedSpire:RedRose"},{"not_picked":["Runic Cube","energizedSpire:DecayingSkull"],"picked":"energizedSpire:MagnifyingGlass"}],"items_purged_floors":[21],"is_endless":false,"potions_floor_spawned":[3,5,16,24,30,31,33],"killed_by":"Writhing Mass","ascension_level":20}}