{"host":"qxlnb1uz9drfcwnc","time":1613693798,"event":{"mods":["100% Spire Juice","BaseMod","Bestiary","Curses Come First","Minty Spire (QoL Compilation)","StSLib","The Servant 0.9.4"],"gold_per_floor":[116,116,135,85,45,73,73,104,104,104,116,133,58,86,86,187,187,201,217,217,230,249,249,29,64,88,121,134,62,97,97,97,200,200,218,233,31,31,80,80,106,106,182,182,232,232,259,0,0,0,0],"floor_reached":50,"language":"ENG","playtime":2803,"items_purged":["Strike_G","Skewer"],"score":771,"play_id":"36c8e547-cefd-4847-8524-05363f494fa4","local_time":"20210218161638","is_ascension_mode":true,"campfire_choices":[{"data":"Neutralize","floor":7.0,"key":"SMITH"},{"floor":10.0,"key":"REST"},{"data":"Glass Knife","floor":15.0,"key":"SMITH"},{"data":"Adrenaline","floor":23,"key":"SMITH"},{"floor":32,"key":"REST"},{"data":"Adrenaline","floor":40,"key":"SMITH"},{"data":"Noxious Fumes","floor":42,"key":"SMITH"},{"floor":44,"key":"RECALL"},{"floor":49,"key":"REST"}],"circlet_count":0,"master_deck":["Survivor","Neutralize+1","All Out Attack","Corpse Explosion+1","Glass Knife+1","Envenom","After Image","Crippling Poison","Cloak And Dagger+1","Malaise","Deadly Poison","Riddle With Holes","Adrenaline+1","Catalyst+1","Night Terror","Noxious Fumes+1","Unload","Adrenaline+1","Noxious Fumes+1","Unload","Phantasmal Killer"],"relics":["SacredBark","Singing Bowl","Torii","PreservedInsect","Boot","Pandora\u0027s Box","Membership Card","Snake Skull","War Paint","Vajra","Omamori","MealTicket","Dream Catcher","SlaversCollar","StoneCalendar","TungstenRod","Question Card","Ginger","Juzu Bracelet","Red Mask"],"acts_visited":["Exordium","TheCity","TheBeyond"],"potions_floor_usage":[22,25,30,33,50,50,50],"damage_taken":[{"damage":0.0,"enemies":"Jaw Worm","floor":1.0,"turns":6.0},{"damage":11.0,"enemies":"Cultist","floor":3.0,"turns":4.0},{"damage":20.0,"enemies":"3 Sentries","floor":6.0,"turns":7.0},{"damage":15.0,"enemies":"Lagavulin","floor":8.0,"turns":5.0},{"damage":1.0,"enemies":"Small Slimes","floor":11.0,"turns":3.0},{"damage":2.0,"enemies":"Exordium Thugs","floor":12.0,"turns":3.0},{"damage":1.0,"enemies":"Gremlin Nob","floor":14.0,"turns":3.0},{"damage":9.0,"enemies":"Hexaghost","floor":16.0,"turns":7.0},{"damage":3.0,"enemies":"3 Byrds","floor":18.0,"turns":3.0},{"damage":1.0,"enemies":"Spheric Guardian","floor":19.0,"turns":3.0},{"damage":4.0,"enemies":"Snake Plant","floor":21.0,"turns":4.0},{"damage":19,"enemies":"Sentry and Sphere","floor":22,"turns":5},{"damage":9,"enemies":"Book of Stabbing","floor":25,"turns":6},{"damage":0,"enemies":"Gremlin Leader","floor":27,"turns":3},{"damage":16,"enemies":"Snecko","floor":28,"turns":4},{"damage":0,"enemies":"Slavers","floor":30,"turns":1},{"damage":17,"enemies":"Collector","floor":33,"turns":6},{"damage":1,"enemies":"3 Darklings","floor":35,"turns":2},{"damage":0,"enemies":"3 Shapes","floor":36,"turns":1},{"damage":9,"enemies":"2 Orb Walkers","floor":39,"turns":2},{"damage":6,"enemies":"Nemesis","floor":41,"turns":3},{"damage":0,"enemies":"Mind Bloom Boss Battle","floor":45,"turns":4},{"damage":14,"enemies":"Reptomancer","floor":47,"turns":4},{"damage":92,"enemies":"Awakened One","floor":50,"turns":6}],"seed_played":"5365871625450621517","potions_obtained":[{"floor":3.0,"key":"SpeedPotion"},{"floor":5.0,"key":"EntropicBrew"},{"floor":5.0,"key":"GhostInAJar"},{"floor":5.0,"key":"SteroidPotion"},{"floor":6.0,"key":"PowerPotion"},{"floor":12.0,"key":"Strength Potion"},{"floor":14.0,"key":"PowerPotion"},{"floor":19.0,"key":"Weak Potion"},{"floor":21.0,"key":"Explosive Potion"},{"floor":22,"key":"Block Potion"},{"floor":27,"key":"LiquidBronze"},{"floor":39,"key":"Weak Potion"},{"floor":47,"key":"SkillPotion"}],"is_trial":false,"path_per_floor":["M","?","M","?","?","E","R","E","T","R","M","M","$","E","R","B",null,"M","M","?","M","M","R","$","E","T","E","M","$","E","?","R","B",null,"M","M","$","?","?","R","E","R","T","R","?","?","E","?","R","B"],"character_chosen":"THE_SILENT","items_purchased":["Membership Card","Snake Skull","MealTicket","StoneCalendar"],"campfire_rested":3,"item_purchase_floors":[24,24,29,37],"current_hp_per_floor":[70,63,52,52,52,34,34,21,21,43,42,42,42,41,41,32,76,75,74,74,72,53,53,53,44,44,46,32,32,34,26,53,36,88,87,89,90,85,78,78,72,72,72,72,74,74,62,62,89,0,0],"gold":0,"neow_bonus":"BOSS_RELIC","is_daily":false,"chose_seed":false,"campfire_upgraded":5,"win_rate":0.0,"timestamp":1613693798,"path_taken":["M","?","?","?","?","E","R","E","T","R","M","M","$","E","R","BOSS","M","M","?","M","?","R","?","E","T","E","M","$","E","?","R","BOSS","M","M","?","?","?","R","E","R","T","R","?","?","E","?","R","BOSS"],"items_purchased_type":["Relic","Relic","Relic","Relic"],"build_version":"2020-12-22","purchased_purges":2,"victory":false,"max_hp_per_floor":[70,70,70,70,70,72,72,74,74,74,74,76,76,76,76,76,76,78,78,78,80,80,80,80,80,80,82,84,84,86,86,88,88,88,88,90,90,85,87,87,87,87,87,87,89,89,91,91,91,91,91],"card_choices":[{"not_picked":["Outmaneuver","Bane"],"picked":"All Out Attack","floor":1.0},{"not_picked":["Quick Slash","Underhanded Strike"],"picked":"Skewer","floor":3.0},{"not_picked":["Bouncing Flask","Sucker Punch","Underhanded Strike"],"picked":"Singing Bowl","floor":6.0},{"not_picked":["Eviscerate","Masterful Stab","Calculated Gamble"],"picked":"Singing Bowl","floor":8.0},{"not_picked":["Quick Slash","Backflip"],"picked":"Corpse Explosion","floor":11.0},{"not_picked":["Dodge and Roll","Accuracy","Well Laid Plans"],"picked":"Singing Bowl","floor":12.0},{"not_picked":["Expertise","Deflect"],"picked":"Glass Knife","floor":14.0},{"not_picked":["Corpse Explosion","Wraith Form v2"],"picked":"Envenom","floor":16.0},{"not_picked":["Dagger Throw","Predator","Cloak And Dagger"],"picked":"Singing Bowl","floor":18.0},{"not_picked":["Predator+1","Endless Agony"],"picked":"Catalyst+1","floor":19.0},{"not_picked":["Dash+1","Infinite Blades+1","Expertise"],"picked":"Singing Bowl","floor":21.0},{"not_picked":["Dodge and Roll","Acrobatics"],"picked":"Noxious Fumes","floor":22},{"not_picked":["Predator","Reflex"],"picked":"Unload","floor":25},{"not_picked":["Bane","Dagger Spray","Quick Slash"],"picked":"Singing Bowl","floor":27},{"not_picked":["Deflect","Underhanded Strike","Outmaneuver+1"],"picked":"Singing Bowl","floor":28},{"not_picked":["Masterful Stab","Bouncing Flask","Wraith Form v2"],"picked":"Singing Bowl","floor":30},{"not_picked":["Deflect","Tactician","Masterful Stab"],"picked":"Singing Bowl","floor":32},{"not_picked":["A Thousand Cuts","Burst"],"picked":"Adrenaline","floor":33},{"not_picked":["Dodge and Roll","Dagger Throw+1"],"picked":"Noxious Fumes+1","floor":35},{"not_picked":["Blade Dance+1","Heel Hook","Eviscerate"],"picked":"Singing Bowl","floor":36},{"not_picked":["Dagger Spray+1","Dagger Throw","Poisoned Stab+1"],"picked":"Singing Bowl","floor":39},{"not_picked":["Eviscerate","Sucker Punch"],"picked":"Unload","floor":41},{"not_picked":["Poisoned Stab","Tactician+1","Accuracy+1","Masterful Stab+1"],"picked":"Singing Bowl","floor":45},{"not_picked":["Deflect","Deadly Poison+1","Bouncing Flask","Dodge and Roll+1"],"picked":"Singing Bowl","floor":47},{"not_picked":["Tactician+1","Deflect+1","Underhanded Strike+1"],"picked":"Phantasmal Killer","floor":49}],"player_experience":135047,"relics_obtained":[{"floor":6.0,"key":"Singing Bowl"},{"floor":8.0,"key":"Torii"},{"floor":9.0,"key":"PreservedInsect"},{"floor":14.0,"key":"Boot"},{"floor":25,"key":"War Paint"},{"floor":26,"key":"Vajra"},{"floor":27,"key":"Omamori"},{"floor":30,"key":"Dream Catcher"},{"floor":39,"key":"TungstenRod"},{"floor":41,"key":"Question Card"},{"floor":45,"key":"Ginger"},{"floor":47,"key":"Juzu Bracelet"}],"event_choices":[{"damage_healed":0.0,"max_hp_gain":0.0,"max_hp_loss":0.0,"gold_gain":0.0,"event_name":"Wheel of Change","player_choice":"Damaged","floor":2.0,"gold_loss":0.0,"damage_taken":7.0},{"cards_removed":["Strike_G"],"damage_healed":0.0,"max_hp_gain":0.0,"max_hp_loss":0.0,"gold_gain":0.0,"event_name":"The Cleric","player_choice":"Card Removal","floor":4.0,"gold_loss":50.0,"damage_taken":0.0},{"damage_healed":0.0,"max_hp_gain":0.0,"max_hp_loss":0.0,"gold_gain":0.0,"event_name":"The Woman in Blue","player_choice":"Bought 3 Potions","floor":5.0,"gold_loss":0.0,"damage_taken":0.0},{"damage_healed":0.0,"max_hp_gain":0.0,"max_hp_loss":0.0,"gold_gain":0.0,"event_name":"Match and Keep!","player_choice":"1 cards matched","floor":20.0,"gold_loss":0.0,"damage_taken":0.0,"cards_obtained":["Night Terror"]},{"damage_healed":0,"gold_gain":0,"player_choice":"Damaged","damage_taken":8,"max_hp_gain":0,"max_hp_loss":0,"event_name":"Wheel of Change","floor":31,"gold_loss":0},{"damage_healed":0,"gold_gain":0,"player_choice":"Max HP","damage_taken":0,"max_hp_gain":0,"max_hp_loss":5,"event_name":"Winding Halls","floor":38,"gold_loss":0},{"damage_healed":0,"gold_gain":0,"player_choice":"Fight","damage_taken":0,"max_hp_gain":0,"max_hp_loss":0,"event_name":"Mysterious Sphere","floor":39,"gold_loss":0},{"damage_healed":0,"gold_gain":0,"player_choice":"Fight","damage_taken":0,"max_hp_gain":0,"max_hp_loss":0,"event_name":"MindBloom","floor":45,"gold_loss":0},{"cards_removed":["Corpse Explosion"],"damage_healed":0,"gold_gain":0,"player_choice":"Removed Skill","damage_taken":0,"max_hp_gain":0,"max_hp_loss":0,"event_name":"Falling","floor":46,"gold_loss":0},{"damage_healed":0,"gold_gain":0,"player_choice":"Paid","damage_taken":0,"relics_obtained":["Red Mask"],"max_hp_gain":0,"max_hp_loss":0,"event_name":"Tomb of Lord Red Mask","floor":48,"gold_loss":259}],"is_beta":false,"boss_relics":[{"not_picked":["Calling Bell","Snecko Eye"],"picked":"Pandora\u0027s Box"},{"not_picked":["Runic Pyramid","Philosopher\u0027s Stone"],"picked":"SlaversCollar"}],"items_purged_floors":[13,37],"is_endless":false,"potions_floor_spawned":[3,6,12,14,19,21,22,27,39,47],"killed_by":"Awakened One","ascension_level":4}}