{"host":"3862tm9rs55uv678","time":1613770885,"event":{"mods":["Act Like it!","BaseMod","Gensokyo","Marisa£®ÏF”Í°°ƒß¿Ì…≥£©","Minty Spire (QoL Compilation)","Remilia£®¿Ÿ√◊¿Ú—«£©","StSLib","Td1madao Mod","The Bug Knight","The Servant 0.9.4","Youmu£®ªÍ∆«—˝√Œ£©"],"gold_per_floor":[111,111,121,135,85,119,119,44,92,122,122,122,137,155,155,257,257,274,274,301,314,153,187,221,221,272,307,87,104,64,81,81,185,185,198,217,77,77,92,124,135,149,149,162,162,193,193,227,227,329,329,348,223,234,254,273,303,314,314,362,135,135,161,161,171,171,273,273,291,291,127,146,162,162,0,0,88,88,88,88,17,122,122,122,122],"floor_reached":84,"language":"ZHS","playtime":3960,"items_purged":["Defend_MRS","Doubt","Defend_MRS","Normality","Strike_MRS+1"],"score":1530,"play_id":"03a1b777-fa9e-45ba-83ff-0b583a6e9962","local_time":"20210220054125","daily_mods":["Heirloom","Time Dilation","Flight"],"is_ascension_mode":false,"campfire_choices":[{"data":"1","floor":7,"key":"LIFT"},{"data":"2","floor":11,"key":"LIFT"},{"floor":15,"key":"REST"},{"data":"3","floor":25,"key":"LIFT"},{"floor":32,"key":"REST"},{"floor":45,"key":"REST"},{"data":"MillisecondPulsars","floor":49,"key":"SMITH"},{"data":"UltimateShortwave","floor":62,"key":"SMITH"},{"data":"Occultation","floor":64,"key":"SMITH"},{"data":"EarthLightRay","floor":66,"key":"SMITH"},{"data":"StarDustReverie","floor":74,"key":"SMITH"},{"data":"BlazeAway","floor":78,"key":"SMITH"},{"data":"UnstableBomb","floor":79,"key":"SMITH"},{"data":"UnstableBomb","floor":80,"key":"SMITH"},{"data":"CasketOfStar","floor":83,"key":"SMITH"}],"circlet_count":0,"master_deck":["Strike_MRS+1","Strike_MRS+1","Defend_MRS+1","Defend_MRS","MasterSpark+1","UpSweep","OrrerysSun","PowerUp","NonDirectionalLaser","EnergyRecoil+1","EnergyFlow","LuminesStrike","DoubleSpark+1","6A","MillisecondPulsars+1","MilkyWay","StarBarrage","AsteroidBelt","JA+1","Parasite","Parasite","GrandCross+1","DarkMatter","UnstableBomb+1","SporeBomb","UltimateShortwave+1","ManaConvection","EarthLightRay+1","UnstableBomb+1","EnergyFlow","StarDustReverie+1","UnstableBomb","PropBag+1","LuminesStrike+1","AsteroidBelt","ManaRampage","Robbery","Occultation+1","PulseMagic","Regret","Gensokyo:AllTheWorldsEvil","Singularity","CasketOfStar+1","MagicAbsorber","SprinkleStarSeal+1","BlazeAway+1","Gensokyo:TarnishedGold","Gensokyo:ScrapIron","MachineGunSpark"],"relics":["MiniHakkero","Girya","Whetstone","Regal Pillow","Omamori","SproutingBranch","Cursed Key","MutagenicStrength","Toy Ornithopter","Kunai","Bronze Scales","Bag of Marbles","ShroomBag","Bag of Preparation","Black Star","Vajra","Dream Catcher","AntiCross","Blue Candle","AmplifyWand","Pantograph","Unceasing Top","Runic Pyramid","Blood Vial","Oddly Smooth Stone","Membership Card","ExperimentalFamiliar","Gensokyo:ChorusOfJoy","Anchor","Meat on the Bone"],"acts_visited":["Exordium","TheCity","TheBeyond","Exordium","Gensokyo:Gensokyoer"],"potions_floor_usage":[6,6,10,16,16,23,24,33,33,33,39,50,50],"damage_taken":[{"damage":0,"enemies":"Small Slimes","floor":1,"turns":2},{"damage":2,"enemies":"2 Louse","floor":3,"turns":2},{"damage":1,"enemies":"Cultist","floor":4,"turns":3},{"damage":10,"enemies":"Lagavulin","floor":6,"turns":5},{"damage":0,"enemies":"3 Sentries","floor":10,"turns":3},{"damage":0,"enemies":"Exordium Thugs","floor":13,"turns":3},{"damage":5,"enemies":"Looter","floor":14,"turns":2},{"damage":14,"enemies":"Hexaghost","floor":16,"turns":7},{"damage":9,"enemies":"3 Byrds","floor":18,"turns":5},{"damage":0,"enemies":"Shell Parasite","floor":21,"turns":2},{"damage":36,"enemies":"Slavers","floor":23,"turns":5},{"damage":26,"enemies":"Gremlin Leader","floor":24,"turns":4},{"damage":0,"enemies":"HollowMod:Nosk","floor":27,"turns":1},{"damage":1,"enemies":"Centurion and Healer","floor":29,"turns":3},{"damage":0,"enemies":"Snake Plant","floor":31,"turns":1},{"damage":74,"enemies":"Champ","floor":33,"turns":10},{"damage":0,"enemies":"Orb Walker","floor":35,"turns":1},{"damage":9,"enemies":"3 Shapes","floor":36,"turns":3},{"damage":0,"enemies":"Transient","floor":39,"turns":5},{"damage":41,"enemies":"Giant Head","floor":40,"turns":8},{"damage":0,"enemies":"Writhing Mass","floor":41,"turns":1},{"damage":0,"enemies":"Maw","floor":42,"turns":4},{"damage":0,"enemies":"Spire Growth","floor":44,"turns":1},{"damage":0,"enemies":"Nemesis","floor":46,"turns":1},{"damage":10,"enemies":"Giant Head","floor":48,"turns":5},{"damage":37,"enemies":"Awakened One","floor":50,"turns":4},{"damage":0,"enemies":"Cultist","floor":52,"turns":1},{"damage":2,"enemies":"Jaw Worm","floor":54,"turns":1},{"damage":2,"enemies":"Small Slimes","floor":55,"turns":1},{"damage":2,"enemies":"Blue Slaver","floor":56,"turns":1},{"damage":1,"enemies":"Lagavulin","floor":57,"turns":1},{"damage":1,"enemies":"Exordium Wildlife","floor":58,"turns":1},{"damage":0,"enemies":"Gremlin Nob","floor":63,"turns":1},{"damage":3,"enemies":"3 Louse","floor":65,"turns":1},{"damage":2,"enemies":"Slime Boss","floor":67,"turns":1},{"damage":0,"enemies":"Gensokyo:Chomper","floor":69,"turns":1},{"damage":0,"enemies":"Gensokyo:AngelMirror","floor":72,"turns":1},{"damage":0,"enemies":"Gensokyo:Swordslinger","floor":73,"turns":1},{"damage":0,"enemies":"Gensokyo:Koishi","floor":77,"turns":1},{"damage":0,"enemies":"Gensokyo:Slime_Group","floor":82,"turns":1},{"damage":87,"enemies":"Gensokyo:Eternal_Rivals","floor":84,"turns":2}],"seed_played":"-5670622965332678213","potions_obtained":[{"floor":3,"key":"Strength Potion"},{"floor":4,"key":"EntropicBrew"},{"floor":13,"key":"Explosive Potion"},{"floor":14,"key":"Dexterity Potion"},{"floor":16,"key":"ShroomBrew"},{"floor":21,"key":"Strength Potion"},{"floor":29,"key":"Swift Potion"},{"floor":31,"key":"SpeedPotion"},{"floor":35,"key":"Swift Potion"},{"floor":42,"key":"LiquidMemories"},{"floor":44,"key":"Ancient Potion"},{"floor":50,"key":"Strength Potion"},{"floor":54,"key":"BlessingOfTheForge"},{"floor":57,"key":"Dexterity Potion"}],"is_trial":true,"path_per_floor":["M","?","M","M","?","E","R","$","T","E","R","?","M","M","R","B",null,"M","?","T","M","$","E","E","R","T","E","$","M","?","M","R","B",null,"M","M","$","?","M","E","M","M","T","M","R","E","?","E","R","B",null,"M","$","M","M","M","E","M","?","T","$","R","E","R","M","R","B",null,"M","?","$","M","M","R","?","?","E","R","R","R","COS","M","R","B"],"character_chosen":"MARISA","items_purchased":["EnergyFlow","StarBarrage","AsteroidBelt","Bag of Preparation","DarkMatter","EarthLightRay","Membership Card","Anchor"],"campfire_rested":3,"item_purchase_floors":[8,22,22,28,28,37,61,71],"current_hp_per_floor":[75,60,58,57,57,47,47,47,47,47,47,47,56,56,75,67,75,75,75,75,75,75,53,44,44,44,44,44,59,59,59,75,11,75,75,72,72,72,75,36,36,50,50,56,75,75,68,71,71,63,75,75,75,73,71,71,70,69,69,69,69,69,71,71,72,72,75,75,75,75,75,75,75,75,75,75,75,75,75,75,75,75,75,0,0],"gold":122,"neow_bonus":"","is_daily":false,"chose_seed":false,"campfire_upgraded":9,"win_rate":0.0,"timestamp":1613770885,"path_taken":["M","?","?","M","?","E","R","$","T","E","R","?","M","M","R","BOSS","M","?","?","M","$","E","E","R","T","E","$","?","?","M","R","BOSS","M","M","$","?","M","E","?","M","T","M","R","E","?","E","R","BOSS","M","?","M","M","M","E","M","?","T","$","R","E","R","M","R","BOSS","M","?","$","M","M","R","?","?","E","R","R","R","COS","M","R","BOSS"],"items_purchased_type":["Card","Card","Card","Relic","Card","Card","Relic","Relic"],"build_version":"2020-12-22","purchased_purges":5,"victory":false,"max_hp_per_floor":[75,75,75,75,75,75,75,75,75,75,75,75,75,75,75,75,75,75,75,75,75,75,75,75,75,75,75,75,75,75,75,75,75,75,75,75,75,75,75,75,75,75,75,75,75,75,75,75,75,75,75,75,75,75,75,75,75,75,75,75,75,75,75,75,75,75,75,75,75,75,75,75,75,75,75,75,75,75,75,75,75,75,75,75,75],"card_choices":[{"not_picked":["6A","GalacticHalo"],"picked":"OrrerysSun","floor":1},{"not_picked":["DragonMeteor","WitchOfGreed"],"picked":"PowerUp","floor":3},{"not_picked":["OrrerysSun","ShootingEcho"],"picked":"NonDirectionalLaser","floor":4},{"not_picked":["SatelliteIllusion","AbsoluteMagnitude"],"picked":"EnergyRecoil","floor":6},{"not_picked":["SporeBomb","ShootTheMoon"],"picked":"LuminesStrike","floor":10},{"not_picked":["IllusionStar","GrandCross"],"picked":"DoubleSpark","floor":13},{"not_picked":["MilkyWay","IllusionStar"],"picked":"6A","floor":14},{"not_picked":["BigCrunch","SatelliteIllusion"],"picked":"MillisecondPulsars","floor":16},{"not_picked":["SporeBomb","6A"],"picked":"MilkyWay","floor":18},{"not_picked":["ShootingEcho","BigCrunch","IllusionStar"],"picked":"SKIP","floor":21},{"not_picked":["MysteriousBeam","GasGiant+1","DC"],"picked":"SKIP","floor":23},{"not_picked":["PropBag","Acceleration"],"picked":"JA","floor":24},{"not_picked":["ShootingEcho","ShootTheMoon"],"picked":"GrandCross+1","floor":27},{"not_picked":["IllusionStar","DoubleSpark+1"],"picked":"UnstableBomb","floor":29},{"not_picked":["MilkyWay","PowerUp"],"picked":"SporeBomb","floor":31},{"not_picked":["ManaRampage","AbsoluteMagnitude"],"picked":"UltimateShortwave","floor":33},{"not_picked":["OpenUniverse","LuminesStrike+1","ShootingEcho+1"],"picked":"SKIP","floor":35},{"not_picked":["GalacticHalo+1","MilkyWay+1"],"picked":"ManaConvection","floor":36},{"not_picked":["NonDirectionalLaser+1","SporeBomb"],"picked":"EnergyFlow","floor":39},{"not_picked":["ShootingEcho+1","DC+1"],"picked":"StarDustReverie","floor":40},{"not_picked":["SporeBomb","OortCloud"],"picked":"UnstableBomb","floor":41},{"not_picked":["OneTimeOff+1","GasGiant+1","DragonMeteor"],"picked":"SKIP","floor":42},{"not_picked":["DC","SporeBomb+1"],"picked":"PropBag+1","floor":44},{"not_picked":["MagicAbsorber","DarkSpark"],"picked":"LuminesStrike+1","floor":46},{"not_picked":["IllusionStar+1","DC+1"],"picked":"AsteroidBelt","floor":48},{"not_picked":["BlazingStar","EscapeVelocity"],"picked":"ManaRampage","floor":50},{"not_picked":["ChargingUp","IllusionStar","PropBag"],"picked":"SKIP","floor":52},{"not_picked":["GrandCross","EnergyFlow"],"picked":"Robbery","floor":54},{"not_picked":["GravityBeat","DC"],"picked":"Occultation","floor":55},{"not_picked":["IllusionStar","Robbery","NonDirectionalLaser"],"picked":"SKIP","floor":56},{"not_picked":["MillisecondPulsars","MysteriousBeam","LuminesStrike"],"picked":"SKIP","floor":57},{"not_picked":["FairyDestructionRay","RefractionSpark"],"picked":"PulseMagic","floor":58},{"not_picked":["AlicesGift","WitchLeyline"],"picked":"Singularity","floor":63},{"not_picked":["WitchLeyline","MilkyWay","Orbital"],"picked":"SKIP","floor":65},{"not_picked":["MillisecondPulsars","BlazingStar"],"picked":"CasketOfStar","floor":67},{"not_picked":["LuminesStrike","NonDirectionalLaser","OortCloud"],"picked":"SKIP","floor":69},{"not_picked":["OrrerysSun","DoubleSpark"],"picked":"MagicAbsorber","floor":72},{"not_picked":["Acceleration+1","GalacticHalo+1"],"picked":"SprinkleStarSeal+1","floor":73},{"not_picked":["GalacticHalo","DragonMeteor"],"picked":"BlazeAway","floor":77},{"not_picked":["ChargeUpSpray","LuminesStrike"],"picked":"MachineGunSpark","floor":82}],"player_experience":111535,"relics_obtained":[{"floor":6,"key":"Whetstone"},{"floor":9,"key":"Regal Pillow"},{"floor":10,"key":"Omamori"},{"floor":20,"key":"Toy Ornithopter"},{"floor":23,"key":"Kunai"},{"floor":24,"key":"Bronze Scales"},{"floor":26,"key":"Bag of Marbles"},{"floor":27,"key":"ShroomBag"},{"floor":40,"key":"Vajra"},{"floor":40,"key":"Dream Catcher"},{"floor":43,"key":"AntiCross"},{"floor":46,"key":"Blue Candle"},{"floor":46,"key":"AmplifyWand"},{"floor":48,"key":"Pantograph"},{"floor":48,"key":"Unceasing Top"},{"floor":60,"key":"Oddly Smooth Stone"}],"event_choices":[{"damage_healed":0,"gold_gain":0,"player_choice":"Entered Light","damage_taken":15,"max_hp_gain":0,"max_hp_loss":0,"event_name":"Shining Light","floor":2,"gold_loss":0,"cards_upgraded":["MasterSpark","Strike_MRS"]},{"cards_removed":["Strike_MRS"],"damage_healed":0,"gold_gain":0,"player_choice":"Card Removal","damage_taken":0,"max_hp_gain":0,"max_hp_loss":0,"event_name":"The Cleric","floor":5,"gold_loss":50},{"damage_healed":0,"gold_gain":0,"player_choice":"Box","damage_taken":0,"relics_obtained":["SproutingBranch"],"max_hp_gain":0,"max_hp_loss":0,"event_name":"Big Fish","floor":12,"gold_loss":0,"cards_obtained":["Regret"]},{"damage_healed":0,"gold_gain":0,"player_choice":"Inject Mutagens","damage_taken":0,"relics_obtained":["MutagenicStrength"],"max_hp_gain":0,"max_hp_loss":0,"event_name":"Drug Dealer","floor":19,"gold_loss":0},{"damage_healed":0,"gold_gain":0,"player_choice":"Upgraded Two","damage_taken":0,"max_hp_gain":0,"max_hp_loss":0,"event_name":"Designer","floor":30,"gold_loss":40,"cards_upgraded":["EnergyRecoil","JA"]},{"damage_healed":0,"gold_gain":0,"player_choice":"Copied","damage_taken":0,"max_hp_gain":0,"max_hp_loss":0,"event_name":"Duplicator","floor":38,"gold_loss":0,"cards_obtained":["UnstableBomb"]},{"damage_healed":0,"gold_gain":0,"player_choice":"Damaged","damage_taken":7,"max_hp_gain":0,"max_hp_loss":0,"event_name":"Wheel of Change","floor":47,"gold_loss":0},{"damage_healed":0,"gold_gain":0,"player_choice":"Box","damage_taken":0,"relics_obtained":["Blood Vial"],"max_hp_gain":0,"max_hp_loss":0,"event_name":"Big Fish","floor":59,"gold_loss":0,"cards_obtained":["Regret"]}],"is_beta":false,"boss_relics":[{"not_picked":["Busted Crown","Velvet Choker"],"picked":"Cursed Key"},{"not_picked":["Fusion Hammer","BewitchedHakkero"],"picked":"Black Star"},{"not_picked":["SacredBark","Runic Dome"],"picked":"Runic Pyramid"},{"not_picked":["RampagingMagicTools","Tiny House"],"picked":"ExperimentalFamiliar"}],"items_purged_floors":[22,37,53,61,71],"is_endless":true,"potions_floor_spawned":[3,4,13,14,16,21,29,31,35,42,44,50,54,57,58,67,72,73,82],"killed_by":"Gensokyo:Eternal_Rivals","ascension_level":0}}