{"host":"mwb0clku6crgv6yl","time":1613711120,"event":{"mods":["AchievementEnabler","BaseMod","Highlight Path","Minty Spire (QoL Compilation)","StSLib","The Cursed"],"gold_per_floor":[114,126,201,215,140,140,53,82,128,128,143,43,43,54,54,154,154,166,166,41,41,41,41,52,71,121,151,1,1,1,32,44,151,163,191,203,265,102,120,151,151,151,175,188,198,54,78,90,90,90],"floor_reached":51,"language":"ZHS","playtime":2354,"items_purged":["Strike_B","Strike_B","Storm","Dualcast","Undo"],"score":743,"play_id":"b4321e03-5056-413c-8273-32c4807cc344","local_time":"20210219130520","is_ascension_mode":false,"campfire_choices":[{"data":"Zap","floor":6,"key":"SMITH"},{"floor":10,"key":"REST"},{"data":"Impatience","floor":13,"key":"SMITH"},{"floor":15,"key":"REST"},{"data":"Buffer","floor":23,"key":"SMITH"},{"data":"Reinforced Body","floor":32,"key":"SMITH"},{"data":"Gash","floor":41,"key":"SMITH"},{"data":"Gash","floor":49,"key":"SMITH"}],"circlet_count":0,"master_deck":["Zap+1","Reinforced Body+1","Gash+1","Gash+1","Impatience+1","Conserve Battery","Buffer+1","Seek","Rebound"],"relics":["Cracked Core","NeowsBlessing","Strawberry","Ancient Tea Set","Pandora\u0027s Box","Bag of Preparation","Blue Candle","Art of War","MawBank","Runic Pyramid","Gremlin Horn","Pocketwatch","Shuriken","PreservedInsect","Membership Card","Regal Pillow"],"acts_visited":["Exordium","TheCity","TheBeyond"],"potions_floor_usage":[8,16,27,50],"damage_taken":[{"damage":0,"enemies":"Jaw Worm","floor":1,"turns":1},{"damage":0,"enemies":"2 Louse","floor":2,"turns":1},{"damage":0,"enemies":"Small Slimes","floor":4,"turns":1},{"damage":57,"enemies":"Gremlin Nob","floor":8,"turns":6},{"damage":11,"enemies":"Exordium Wildlife","floor":11,"turns":3},{"damage":0,"enemies":"Red Slaver","floor":14,"turns":3},{"damage":36,"enemies":"The Guardian","floor":16,"turns":11},{"damage":10,"enemies":"Chosen","floor":18,"turns":4},{"damage":0,"enemies":"Shell Parasite","floor":24,"turns":4},{"damage":0,"enemies":"Snecko","floor":25,"turns":7},{"damage":12,"enemies":"Gremlin Leader","floor":27,"turns":6},{"damage":0,"enemies":"Cultist and Chosen","floor":31,"turns":3},{"damage":0,"enemies":"Champ","floor":33,"turns":8},{"damage":0,"enemies":"3 Shapes","floor":35,"turns":4},{"damage":0,"enemies":"Mind Bloom Boss Battle","floor":37,"turns":4},{"damage":8,"enemies":"Orb Walker","floor":39,"turns":2},{"damage":6,"enemies":"Giant Head","floor":40,"turns":5},{"damage":0,"enemies":"Maw","floor":44,"turns":5},{"damage":0,"enemies":"Jaw Worm Horde","floor":45,"turns":2},{"damage":7,"enemies":"Spire Growth","floor":48,"turns":3},{"damage":11,"enemies":"Donu and Deca","floor":50,"turns":7}],"seed_played":"4924696286057421456","potions_obtained":[{"floor":1,"key":"SmokeBomb"},{"floor":4,"key":"DistilledChaos"},{"floor":14,"key":"Weak Potion"},{"floor":16,"key":"LiquidMemories"},{"floor":25,"key":"BlessingOfTheForge"},{"floor":27,"key":"Strength Potion"},{"floor":37,"key":"Weak Potion"}],"is_trial":false,"path_per_floor":["M","M","?","M","$","R","$","E","T","R","M","$","R","M","R","B",null,"M","?","$","?","$","R","M","M","T","E","$","T","?","M","R","B",null,"M","T","?","$","M","E","R","$","T","M","M","$","T","M","R","B",null],"character_chosen":"DEFECT","items_purchased":["Impatience","Membership Card"],"campfire_rested":2,"item_purchase_floors":[7,46],"current_hp_per_floor":[75,75,64,64,64,64,64,14,14,38,27,27,27,27,51,15,82,72,72,72,72,72,72,72,72,72,60,60,60,60,60,60,60,82,82,82,82,82,74,68,68,68,68,68,68,68,68,61,61,50],"gold":90,"neow_bonus":"THREE_ENEMY_KILL","is_daily":false,"chose_seed":false,"campfire_upgraded":6,"win_rate":0.0,"timestamp":1613711120,"path_taken":["M","M","?","M","$","R","$","E","T","R","M","$","R","M","R","BOSS","M","?","$","?","$","R","?","M","T","E","$","?","?","?","R","BOSS","M","?","?","$","M","E","R","?","T","M","M","$","?","?","R","BOSS"],"items_purchased_type":["Card","Relic"],"build_version":"2020-12-22","purchased_purges":5,"victory":true,"max_hp_per_floor":[75,75,75,75,75,75,75,82,82,82,82,82,82,82,82,82,82,82,82,82,82,82,82,82,82,82,82,82,82,82,82,82,82,82,82,82,82,82,82,82,82,82,82,82,82,82,82,82,82,82],"card_choices":[{"not_picked":["Self Repair","Conserve Battery"],"picked":"Reinforced Body","floor":1},{"not_picked":["Stack","FTL"],"picked":"Gash","floor":2},{"not_picked":["Turbo","Multi-Cast"],"picked":"Gash","floor":4},{"not_picked":["Go for the Eyes","Conserve Battery","Chill"],"picked":"SKIP","floor":8},{"not_picked":["Auto Shields","White Noise","Blizzard"],"picked":"SKIP","floor":11},{"not_picked":["Steam","Barrage","Stack"],"picked":"SKIP","floor":14},{"not_picked":["Beam Cell","Streamline+1","Sweeping Beam"],"picked":"SKIP","floor":18},{"not_picked":["Rebound","Chill","Streamline"],"picked":"SKIP","floor":24},{"not_picked":["Cold Snap","Chaos","Stack"],"picked":"SKIP","floor":25},{"not_picked":["Stack+1","Gash","Fusion"],"picked":"SKIP","floor":27},{"not_picked":["Stack","Blizzard+1","Steam Power"],"picked":"SKIP","floor":31},{"not_picked":["Compile Driver+1","Turbo+1","Beam Cell+1"],"picked":"SKIP","floor":35},{"not_picked":["Turbo+1","Rebound+1","Compile Driver"],"picked":"SKIP","floor":39},{"not_picked":["Compile Driver","Stack","Ball Lightning+1"],"picked":"SKIP","floor":40},{"not_picked":["Stack+1","Static Discharge","Chill"],"picked":"SKIP","floor":44},{"not_picked":["BootSequence+1","Conserve Battery","Leap+1"],"picked":"SKIP","floor":45},{"not_picked":["Loop","Genetic Algorithm","Amplify"],"picked":"SKIP","floor":48}],"player_experience":344607,"relics_obtained":[{"floor":8,"key":"Strawberry"},{"floor":9,"key":"Ancient Tea Set"},{"floor":26,"key":"Bag of Preparation"},{"floor":27,"key":"Blue Candle"},{"floor":29,"key":"Art of War"},{"floor":36,"key":"Gremlin Horn"},{"floor":37,"key":"Pocketwatch"},{"floor":40,"key":"Shuriken"},{"floor":43,"key":"PreservedInsect"},{"floor":47,"key":"Regal Pillow"}],"event_choices":[{"damage_healed":0,"gold_gain":75,"player_choice":"Gather Gold","damage_taken":11,"max_hp_gain":0,"max_hp_loss":0,"event_name":"World of Goop","floor":3,"gold_loss":0},{"damage_healed":0,"gold_gain":0,"player_choice":"Ignored","damage_taken":0,"max_hp_gain":0,"max_hp_loss":0,"event_name":"Ghosts","floor":19,"gold_loss":0},{"damage_healed":0,"gold_gain":0,"cards_transformed":["Chaos","Doom and Gloom"],"player_choice":"Became Test Subject","damage_taken":0,"max_hp_gain":0,"max_hp_loss":0,"event_name":"Drug Dealer","floor":21,"gold_loss":0,"cards_obtained":["Rebound","Undo"]},{"damage_healed":0,"gold_gain":0,"player_choice":"Gave Potion","damage_taken":0,"relics_obtained":["MawBank"],"max_hp_gain":0,"max_hp_loss":0,"event_name":"WeMeetAgain","floor":30,"gold_loss":0},{"damage_healed":0,"gold_gain":0,"player_choice":"Fight","damage_taken":0,"max_hp_gain":0,"max_hp_loss":0,"event_name":"MindBloom","floor":37,"gold_loss":0}],"is_beta":false,"boss_relics":[{"not_picked":["Fusion Hammer","Cursed Key"],"picked":"Pandora\u0027s Box"},{"not_picked":["SlaversCollar","Inserter"],"picked":"Runic Pyramid"}],"items_purged_floors":[5,12,20,28,38],"is_endless":false,"potions_floor_spawned":[1,4,14,16,25,27,37,40],"ascension_level":0}}