{"host":"iv5atf0fne3n7zmv","time":1613761401,"event":{"mods":["BaseMod","Minty Spire (QoL Compilation)","StSLib"],"gold_per_floor":[115,130,201,201,40,67,87,114,114,154,186,298,328,340,352,465,527,554,579,591,619,642,654,654],"floor_reached":23,"language":"ENG","playtime":2351,"items_purged":["Strike_R"],"score":224,"play_id":"addc13eb-9983-4a7a-ba47-d044cfea6a3f","local_time":"20210219110321","is_ascension_mode":true,"campfire_choices":[{"data":"Fire Breathing","floor":15,"key":"SMITH"}],"circlet_count":0,"master_deck":["Strike_R","Strike_R","Strike_R","Strike_R","Defend_R","Defend_R","Bash","Searing Blow","Reckless Charge","Rampage","Iron Wave","Fire Breathing+1","Anger","Carnage","Whirlwind","Juggernaut","Pommel Strike+1","Clash","Pommel Strike","Bludgeon","Flex","Wild Strike+1","Blood for Blood+1","Anger","Twin Strike"],"relics":["Burning Blood","Anchor","Bottled Tornado","Centennial Puzzle","MawBank","Omamori","Tiny House","MutagenicStrength"],"acts_visited":["Exordium","TheCity"],"potions_floor_usage":[6,16,16,21,23],"damage_taken":[{"damage":8,"enemies":"Jaw Worm","floor":1,"turns":3},{"damage":15,"enemies":"Small Slimes","floor":2,"turns":3},{"damage":23,"enemies":"Lagavulin","floor":6,"turns":5},{"damage":0,"enemies":"2 Louse","floor":7,"turns":2},{"damage":12,"enemies":"3 Sentries","floor":8,"turns":4},{"damage":21,"enemies":"Lagavulin","floor":10,"turns":5},{"damage":3,"enemies":"Exordium Thugs","floor":11,"turns":3},{"damage":0,"enemies":"Looter","floor":13,"turns":2},{"damage":34,"enemies":"Hexaghost","floor":16,"turns":8},{"damage":5,"enemies":"Spheric Guardian","floor":18,"turns":3},{"damage":0,"enemies":"3 Byrds","floor":19,"turns":3},{"damage":34,"enemies":"Sentry and Sphere","floor":21,"turns":5},{"damage":11,"enemies":"Snake Plant","floor":22,"turns":3},{"damage":52,"enemies":"Book of Stabbing","floor":23,"turns":4}],"seed_played":"7924181363436927893","potions_obtained":[{"floor":1,"key":"Weak Potion"},{"floor":11,"key":"GamblersBrew"},{"floor":13,"key":"LiquidBronze"},{"floor":16,"key":"Dexterity Potion"},{"floor":17,"key":"SteroidPotion"},{"floor":19,"key":"Ancient Potion"},{"floor":21,"key":"SkillPotion"}],"is_trial":false,"path_per_floor":["M","M","?","?","$","E","M","E","T","E","M","?","M","?","R","B",null,"M","M","?","M","M","E"],"character_chosen":"IRONCLAD","items_purchased":["Fire Breathing","Anger"],"campfire_rested":0,"item_purchase_floors":[5,5],"current_hp_per_floor":[78,69,69,66,66,49,55,49,49,34,37,37,43,43,43,15,85,85,85,85,57,52,0,0],"gold":654,"neow_bonus":"TRANSFORM_TWO_CARDS","is_daily":false,"chose_seed":false,"campfire_upgraded":1,"win_rate":0.0,"timestamp":1613761401,"path_taken":["M","M","?","?","$","E","M","E","T","E","M","?","?","?","R","BOSS","M","?","?","M","M","E"],"items_purchased_type":["Card","Card"],"build_version":"2020-12-22","purchased_purges":1,"victory":false,"max_hp_per_floor":[80,80,80,80,80,80,80,80,80,80,80,80,80,80,80,80,85,85,85,85,85,85,85,85],"card_choices":[{"not_picked":["Carnage","Power Through"],"picked":"Rampage","floor":1},{"not_picked":["Pommel Strike","Heavy Blade"],"picked":"Iron Wave","floor":2},{"not_picked":["Perfected Strike","True Grit"],"picked":"Carnage","floor":6},{"not_picked":["Burning Pact","Seeing Red"],"picked":"Whirlwind","floor":7},{"not_picked":["Feel No Pain","Shrug It Off"],"picked":"Juggernaut","floor":8},{"not_picked":["Havoc","Infernal Blade"],"picked":"Pommel Strike","floor":10},{"not_picked":["Entrench","Perfected Strike"],"picked":"Clash","floor":11},{"not_picked":["Juggernaut","Havoc"],"picked":"Pommel Strike","floor":13},{"not_picked":["Juggernaut","Corruption"],"picked":"Bludgeon","floor":16},{"not_picked":["Iron Wave","Clothesline"],"picked":"Flex","floor":17},{"not_picked":["Dual Wield","Burning Pact"],"picked":"Wild Strike+1","floor":18},{"not_picked":["Clothesline","Sever Soul"],"picked":"Blood for Blood+1","floor":19},{"not_picked":["Battle Trance","Disarm"],"picked":"Anger","floor":21},{"not_picked":["Shockwave","Pommel Strike"],"picked":"Twin Strike","floor":22}],"player_experience":369125,"relics_obtained":[{"floor":6,"key":"Bottled Tornado"},{"floor":8,"key":"Centennial Puzzle"},{"floor":9,"key":"MawBank"},{"floor":10,"key":"Omamori"}],"event_choices":[{"damage_healed":0,"gold_gain":71,"player_choice":"Gained Gold","damage_taken":0,"max_hp_gain":0,"max_hp_loss":0,"event_name":"Golden Wing","floor":3,"gold_loss":0},{"damage_healed":0,"gold_gain":0,"player_choice":"Success","damage_taken":3,"relics_obtained":["Anchor"],"max_hp_gain":0,"max_hp_loss":0,"event_name":"Scrap Ooze","floor":4,"gold_loss":0},{"damage_healed":0,"gold_gain":100,"player_choice":"Pray","damage_taken":0,"max_hp_gain":0,"max_hp_loss":0,"event_name":"Golden Shrine","floor":12,"gold_loss":0},{"cards_removed":["Shame"],"damage_healed":0,"gold_gain":0,"player_choice":"Purged","damage_taken":0,"max_hp_gain":0,"max_hp_loss":0,"event_name":"Purifier","floor":14,"gold_loss":0},{"damage_healed":0,"gold_gain":0,"player_choice":"Inject Mutagens","damage_taken":0,"relics_obtained":["MutagenicStrength"],"max_hp_gain":0,"max_hp_loss":0,"event_name":"Drug Dealer","floor":20,"gold_loss":0}],"is_beta":false,"boss_relics":[{"not_picked":["Fusion Hammer","Philosopher\u0027s Stone"],"picked":"Tiny House"}],"items_purged_floors":[5],"is_endless":false,"potions_floor_spawned":[1,11,13,16,19,21],"killed_by":"Book of Stabbing","ascension_level":1}}