{"host":"sr8h12zimc8zi8zs","time":1613743112,"event":{"mods":["100% Spire Juice","2.2 Compatiblity","AchievementEnabler","BaseMod","CapriCore","GifTheSpireLib","Minty Spire (QoL Compilation)","Permanent Neow","StSLib"],"gold_per_floor":[111,61,161,181,35,35,51,61,107,118,118,193,193,193,193,297,297,311,328,344,354,206,206,206],"floor_reached":23,"language":"KOR","playtime":1172,"items_purged":[],"score":183,"play_id":"5cedcbc8-b575-4d75-a887-636ac5ac8bdc","local_time":"20210219225832","is_ascension_mode":false,"campfire_choices":[{"data":"Neutralize","floor":6,"key":"SMITH"},{"data":"Malaise","floor":11,"key":"SMITH"},{"data":"Blade Dance","floor":15,"key":"SMITH"},{"data":"Night Terror","floor":23,"key":"SMITH"}],"circlet_count":0,"master_deck":["Strike_G","Strike_G","Strike_G","Strike_G","Strike_G","Defend_G","Defend_G","Defend_G","Defend_G","Survivor","Neutralize+1","Dagger Spray","Blade Dance+1","Malaise+1","Night Terror+1","Sucker Punch+1","Noxious Fumes","Cloak And Dagger"],"relics":["Ring of the Snake","Vajra","HandDrill","Cursed Key","TwistedFunnel"],"acts_visited":["Exordium","TheCity"],"potions_floor_usage":[16],"damage_taken":[{"damage":0,"enemies":"2 Louse","floor":1,"turns":2},{"damage":0,"enemies":"Jaw Worm","floor":4,"turns":3},{"damage":4,"enemies":"Cultist","floor":7,"turns":3},{"damage":8,"enemies":"Exordium Wildlife","floor":8,"turns":3},{"damage":0,"enemies":"Large Slime","floor":10,"turns":4},{"damage":30,"enemies":"Hexaghost","floor":16,"turns":14},{"damage":0,"enemies":"Shell Parasite","floor":18,"turns":4},{"damage":14,"enemies":"Spheric Guardian","floor":19,"turns":4},{"damage":20,"enemies":"Snecko","floor":20,"turns":8},{"damage":12,"enemies":"Shelled Parasite and Fungi","floor":21,"turns":3}],"seed_played":"1031130961041088114","potions_obtained":[{"floor":4,"key":"Poison Potion"},{"floor":7,"key":"SmokeBomb"},{"floor":10,"key":"GamblersBrew"},{"floor":16,"key":"Fruit Juice"},{"floor":19,"key":"Fire Potion"},{"floor":21,"key":"Dexterity Potion"}],"is_trial":false,"path_per_floor":["M","?","?","M","$","R","M","M","T","M","R","?","?","?","R","B",null,"M","M","M","M","$","R"],"character_chosen":"THE_SILENT","items_purchased":["HandDrill","TwistedFunnel"],"campfire_rested":0,"item_purchase_floors":[5,22],"current_hp_per_floor":[70,70,70,70,70,70,66,58,58,58,58,47,52,52,52,27,80,80,66,46,34,34,34,34],"gold":206,"neow_bonus":"RANDOM_COMMON_RELIC","is_daily":false,"chose_seed":false,"campfire_upgraded":4,"win_rate":0.0,"timestamp":1613743112,"path_taken":["M","?","?","M","$","R","M","M","T","?","R","?","?","?","R","BOSS","M","M","?","M","$","R"],"items_purchased_type":["Relic","Relic"],"build_version":"2020-12-22","purchased_purges":0,"victory":false,"max_hp_per_floor":[70,70,70,70,70,70,70,70,70,70,70,70,75,75,75,80,80,80,80,80,80,80,80,80],"card_choices":[{"not_picked":["Flying Knee","Underhanded Strike"],"picked":"Dagger Spray","floor":1},{"not_picked":["Quick Slash","Expertise"],"picked":"Blade Dance","floor":4},{"not_picked":["Bane","Dagger Throw","Dash"],"picked":"SKIP","floor":7},{"not_picked":["Dagger Throw","Poisoned Stab"],"picked":"Malaise","floor":8},{"not_picked":["Underhanded Strike","Dodge and Roll","Slice"],"picked":"SKIP","floor":10},{"not_picked":["Unload","Corpse Explosion"],"picked":"Night Terror","floor":16},{"not_picked":["Flechettes","Tactician"],"picked":"Sucker Punch+1","floor":18},{"not_picked":["Prepared","Reflex"],"picked":"Noxious Fumes","floor":19},{"not_picked":["Backflip","Outmaneuver+1","Eviscerate"],"picked":"SKIP","floor":20},{"not_picked":["Masterful Stab","Bane"],"picked":"Cloak And Dagger","floor":21}],"player_experience":149702,"relics_obtained":[],"event_choices":[{"cards_removed":["Defend_G"],"damage_healed":0,"gold_gain":0,"player_choice":"Card Removal","damage_taken":0,"max_hp_gain":0,"max_hp_loss":0,"event_name":"The Cleric","floor":2,"gold_loss":50},{"damage_healed":0,"gold_gain":100,"player_choice":"Pray","damage_taken":0,"max_hp_gain":0,"max_hp_loss":0,"event_name":"Golden Shrine","floor":3,"gold_loss":0},{"damage_healed":0,"gold_gain":75,"player_choice":"Gather Gold","damage_taken":11,"max_hp_gain":0,"max_hp_loss":0,"event_name":"World of Goop","floor":12,"gold_loss":0},{"damage_healed":0,"gold_gain":0,"player_choice":"Donut","damage_taken":0,"max_hp_gain":5,"max_hp_loss":0,"event_name":"Big Fish","floor":13,"gold_loss":0},{"damage_healed":0,"gold_gain":0,"player_choice":"Ignored","damage_taken":0,"max_hp_gain":0,"max_hp_loss":0,"event_name":"NoteForYourself","floor":14,"gold_loss":0}],"is_beta":false,"boss_relics":[{"not_picked":["Ring of the Serpent","SacredBark"],"picked":"Cursed Key"}],"items_purged_floors":[],"is_endless":false,"potions_floor_spawned":[4,7,10,16,19,21],"ascension_level":0}}