{"host":"6affnl2vk6en9o4b","time":1613741426,"event":{"mods":["AchievementEnabler","Aspiration","BaseMod","BetterRewards","Colored Powertips","Conspire","Downfall","Friendly Minions","Googly Eyes","Highlight Path","Hubris","Infinite Spire","Minty Spire (QoL Compilation)","Quick Restart","Replay The Spire","StSLib","Unceasing Turn Reminder"],"gold_per_floor":[99,49,95,95,117,40,66,104,4,51,68,243,143,180,204,216,216,216],"floor_reached":16,"language":"ENG","playtime":636,"items_purged":[],"score":108,"play_id":"b392d63e-d27b-40a4-8263-c7b9dabab219","local_time":"20210219133026","is_ascension_mode":false,"campfire_choices":[{"floor":1.0,"key":"RECALL"},{"data":"champ:EndlessRage","floor":9,"key":"SMITH"},{"floor":13,"key":"REST"}],"circlet_count":0,"master_deck":["champ:Strike","champ:Strike","champ:Strike","champ:Strike","champ:Defend","champ:Defend","champ:Defend","champ:Defend","champ:Execute","champ:Taunt","conspire:SpireCoStock","champ:EndlessRage+1","champ:HeartStrike","champ:Backstep","champ:CrookedStrike","champ:Shatter","champ:EnchantCrown","champ:Encircle","Doubt","champ:SwordSigil","champ:Haymaker"],"relics":["champ:ChampionCrown","Happy Flower","Letter Opener","downfall:HeartBlessingRed","Boot","downfall:HeartBlessingBlue","Anchor"],"acts_visited":["Exordium"],"potions_floor_usage":[6,14,14],"damage_taken":[{"damage":55.0,"enemies":"conspire:MimicChest","floor":3.0,"turns":6.0},{"damage":10.0,"enemies":"Small Slimes","floor":5.0,"turns":4.0},{"damage":25,"enemies":"downfall:FleeingMerchant","floor":6,"turns":4},{"damage":1,"enemies":"conspire:RoseBush","floor":8,"turns":6},{"damage":46,"enemies":"Lagavulin","floor":10,"turns":9},{"damage":10,"enemies":"2 Louse","floor":11,"turns":2},{"damage":47,"enemies":"3 Sentries","floor":14,"turns":7},{"damage":22,"enemies":"2 Fungi Beasts","floor":15,"turns":4},{"damage":37,"enemies":"IC_STATUS_ARCHETYPE","floor":16,"turns":6}],"seed_played":"-1844519167874294120","potions_obtained":[{"floor":3.0,"key":"FearPotion"},{"floor":5.0,"key":"Dexterity Potion"},{"floor":10,"key":"LiquidMemories"}],"is_trial":false,"path_per_floor":["R","?","?","?","M","$","T","M","R","E","M","?","R","E","M","B"],"character_chosen":"THE_CHAMP","items_purchased":["champ:CrookedStrike"],"campfire_rested":1,"item_purchase_floors":[6],"current_hp_per_floor":[90,90,65,65,65,60,60,59,59,33,33,33,73,46,34,0,0,0],"gold":216,"neow_bonus":"RANDOM_COMMON_RELIC","is_daily":false,"chose_seed":false,"campfire_upgraded":1,"win_rate":0.0,"timestamp":1613741426,"path_taken":["R","?","?","?","M","?","T","M","R","E","?","?","R","E","M","BOSS"],"items_purchased_type":["Card"],"build_version":"2020-12-22","purchased_purges":0,"victory":false,"max_hp_per_floor":[90,90,90,90,90,90,90,90,90,90,90,90,100,100,100,100,100,100],"card_choices":[{"not_picked":["champ:StanceDance","champ:CrownThrow"],"picked":"champ:EndlessRage","floor":3.0},{"not_picked":["champ:BladeFlurry","champ:FlashCut"],"picked":"champ:HeartStrike","floor":5.0},{"not_picked":["champ:TripleStrike","champ:Parry"],"picked":"champ:Backstep","floor":6},{"not_picked":["champ:BringItOn","champ:FocusedDefense"],"picked":"champ:Shatter","floor":8},{"not_picked":["champ:DefensiveShout","champ:Shatter"],"picked":"champ:EnchantCrown","floor":10},{"not_picked":["champ:EnGarde","champ:BringItOn"],"picked":"champ:Encircle","floor":11},{"not_picked":["champ:Parry","champ:ArenaPreparation"],"picked":"champ:SwordSigil","floor":14},{"not_picked":["champ:AdrenalArmor","champ:BerserkersShout"],"picked":"champ:Haymaker","floor":15}],"player_experience":274832,"relics_obtained":[{"floor":3.0,"key":"Letter Opener"},{"floor":10,"key":"Boot"},{"floor":14,"key":"Anchor"}],"event_choices":[{"damage_healed":0.0,"max_hp_gain":0.0,"max_hp_loss":0.0,"gold_gain":0.0,"event_name":"conspire:Investor","player_choice":"Invest 1","floor":2.0,"gold_loss":0.0,"damage_taken":0.0},{"damage_healed":0.0,"max_hp_gain":0.0,"max_hp_loss":0.0,"gold_gain":0.0,"event_name":"conspire:LoneGhost","player_choice":"Disagree","floor":4.0,"gold_loss":0.0,"damage_taken":0.0}],"is_beta":false,"boss_relics":[],"items_purged_floors":[],"is_endless":false,"potions_floor_spawned":[3,5,10],"killed_by":"IC_STATUS_ARCHETYPE","ascension_level":0}}