{"host":"kh6fvhxn285ncg0o","time":1613768721,"event":{"mods":["Act Like it!","BaseMod","Colored Map","Friendly Minions","Keyboard Shortcuts","Minty Spire (QoL Compilation)","Quick Restart","Relic Stats","StSLib","SuperFastMode","UnlockEverythingMod"],"gold_per_floor":[16,16,16,35,50,50,75,85,112,112,37,55,88,103,103,174,174,192,242,242,85,85,119,119,138,163,179,214,226,226,253,265,353,365,394,406,429,224,237,237,271,271,271,289,289,309,309,341,341,341,341,341,341,43,75,75,75],"floor_reached":56,"language":"KOR","playtime":1695,"items_purged":["Strike_R","Strike_R","Strike_R"],"score":2100,"play_id":"fe18858d-9ec2-4b14-ad5c-1046eca95d78","local_time":"20210220060521","is_ascension_mode":true,"campfire_choices":[{"data":"Body Slam","floor":6.0,"key":"SMITH"},{"data":"Armaments","floor":10.0,"key":"SMITH"},{"data":"Offering","floor":15,"key":"SMITH"},{"floor":24,"key":"REST"},{"floor":32,"key":"RECALL"},{"data":"Feel No Pain","floor":40,"key":"SMITH"},{"data":"Battle Trance","floor":42,"key":"SMITH"},{"floor":45,"key":"REST"},{"floor":47,"key":"REST"},{"data":"Disarm","floor":49,"key":"SMITH"},{"data":"Second Wind","floor":53,"key":"SMITH"}],"circlet_count":0,"master_deck":["AscendersBane","Defend_R","Defend_R","Defend_R","Defend_R","Bash","Offering+1","Fire Breathing","Flame Barrier","Body Slam+1","Armaments+1","Shrug It Off","Immolate","Disarm+1","Entrench","Feel No Pain+1","Impervious","Second Wind+1","Battle Trance+1","Pommel Strike+1","Shockwave"],"relics":["Burning Blood","Orichalcum","Oddly Smooth Stone","Lantern","Runic Dome","ClockworkSouvenir","Nilry\u0027s Codex","Darkstone Periapt","Omamori","Mummified Hand","MawBank","SlaversCollar","Membership Card","Anchor","Meat on the Bone","Lee\u0027s Waffle","InkBottle","Pen Nib"],"acts_visited":["Exordium","TheCity","TheBeyond","TheEnding"],"potions_floor_usage":[13,16,23,35,37,55,56],"damage_taken":[{"damage":9.0,"enemies":"Jaw Worm","floor":1.0,"turns":4.0},{"damage":6.0,"enemies":"2 Louse","floor":4.0,"turns":3.0},{"damage":0.0,"enemies":"Small Slimes","floor":5.0,"turns":4.0},{"damage":25.0,"enemies":"Lagavulin","floor":7.0,"turns":8.0},{"damage":6.0,"enemies":"2 Fungi Beasts","floor":8.0,"turns":5.0},{"damage":0.0,"enemies":"3 Louse","floor":12.0,"turns":4.0},{"damage":42,"enemies":"Gremlin Nob","floor":13,"turns":6},{"damage":2,"enemies":"Looter","floor":14,"turns":4},{"damage":8,"enemies":"Hexaghost","floor":16,"turns":8},{"damage":6,"enemies":"2 Thieves","floor":18,"turns":2},{"damage":8,"enemies":"Book of Stabbing","floor":23,"turns":4},{"damage":6,"enemies":"Shell Parasite","floor":25,"turns":3},{"damage":6,"enemies":"Cultist and Chosen","floor":27,"turns":5},{"damage":12,"enemies":"Gremlin Leader","floor":28,"turns":8},{"damage":10,"enemies":"Snecko","floor":29,"turns":4},{"damage":6,"enemies":"Book of Stabbing","floor":31,"turns":4},{"damage":21,"enemies":"Automaton","floor":33,"turns":8},{"damage":0,"enemies":"3 Shapes","floor":35,"turns":3},{"damage":6,"enemies":"Orb Walker","floor":37,"turns":3},{"damage":22,"enemies":"Sphere and 2 Shapes","floor":39,"turns":7},{"damage":6,"enemies":"Giant Head","floor":41,"turns":7},{"damage":54,"enemies":"Writhing Mass","floor":44,"turns":5},{"damage":6,"enemies":"Jaw Worm Horde","floor":46,"turns":4},{"damage":6,"enemies":"Reptomancer","floor":48,"turns":4},{"damage":39,"enemies":"Time Eater","floor":50,"turns":11},{"damage":24,"enemies":"Donu and Deca","floor":51,"turns":9},{"damage":28,"enemies":"Shield and Spear","floor":55,"turns":8},{"damage":65,"enemies":"The Heart","floor":56,"turns":9}],"seed_played":"-7929070607852055757","potions_obtained":[{"floor":1.0,"key":"SteroidPotion"},{"floor":4.0,"key":"PowerPotion"},{"floor":14,"key":"PowerPotion"},{"floor":16,"key":"Fire Potion"},{"floor":23,"key":"EssenceOfSteel"},{"floor":25,"key":"FearPotion"},{"floor":29,"key":"BloodPotion"},{"floor":35,"key":"Swift Potion"},{"floor":46,"key":"HeartOfIron"},{"floor":48,"key":"DuplicationPotion"}],"is_trial":false,"path_per_floor":["M","?","?","M","M","R","E","M","T","R","$","M","E","M","R","B",null,"M","?","?","$","?","E","R","M","T","M","E","M","?","E","R","B",null,"M","?","M","$","M","R","E","R","T","M","R","M","R","E","R","B","B",null,"R","$","E","B"],"character_chosen":"IRONCLAD","items_purchased":["ClockworkSouvenir","Membership Card","Lee\u0027s Waffle","InkBottle","Shockwave"],"campfire_rested":3,"item_purchase_floors":[21,38,54,54,54],"current_hp_per_floor":[65,65,58,58,64,64,45,45,45,45,45,51,15,19,19,17,61,61,61,61,61,40,38,60,60,60,60,54,50,50,50,50,35,65,75,75,75,75,59,59,59,59,59,11,33,33,55,55,55,34,28,63,63,82,60,0,0],"gold":75,"neow_bonus":"THREE_RARE_CARDS","is_daily":false,"chose_seed":false,"campfire_upgraded":7,"win_rate":0.0,"timestamp":1613768721,"path_taken":["M","?","?","M","M","R","E","M","T","R","?","M","E","M","R","BOSS","M","?","?","$","?","E","R","M","T","M","E","M","?","E","R","BOSS","M","?","M","$","M","R","E","R","T","M","R","M","R","E","R","BOSS","BOSS","R","$","E","BOSS"],"items_purchased_type":["Relic","Relic","Relic","Relic","Card"],"build_version":"2020-12-22","purchased_purges":3,"victory":false,"max_hp_per_floor":[75,75,75,75,75,75,75,75,75,75,75,75,75,75,75,75,75,75,75,75,75,75,75,75,75,75,75,75,75,75,75,75,75,75,75,75,75,75,75,75,75,75,75,75,75,75,75,75,75,75,75,75,75,82,82,82,82],"relic_stats":{"Darkstone Periapt":0,"Lee\u0027s Waffle":19,"counters":[28,154],"Mummified Hand":[53],"Pen Nib":[1],"Orichalcum":[54],"MawBank":84,"obtain_stats":[{"Darkstone Periapt":23,"Lantern":13,"Lee\u0027s Waffle":54,"Nilry\u0027s Codex":22,"Oddly Smooth Stone":9,"Pen Nib":55,"Omamori":26,"Orichalcum":7,"MawBank":31,"Burning Blood":0,"ClockworkSouvenir":21,"Runic Dome":17,"SlaversCollar":34,"Anchor":41,"Mummified Hand":28,"Membership Card":38,"InkBottle":54,"Meat on the Bone":48},{"Darkstone Periapt":11,"Lantern":7,"Lee\u0027s Waffle":26,"Nilry\u0027s Codex":10,"Oddly Smooth Stone":5,"Pen Nib":27,"Omamori":12,"Orichalcum":4,"MawBank":16,"Burning Blood":0,"ClockworkSouvenir":10,"Runic Dome":9,"SlaversCollar":17,"Anchor":21,"Mummified Hand":14,"Membership Card":19,"InkBottle":26,"Meat on the Bone":24},{"Darkstone Periapt":52,"Lantern":34,"Lee\u0027s Waffle":137,"Nilry\u0027s Codex":48,"Oddly Smooth Stone":24,"Pen Nib":145,"Omamori":55,"Orichalcum":19,"MawBank":76,"Burning Blood":0,"ClockworkSouvenir":48,"Runic Dome":46,"SlaversCollar":84,"Anchor":104,"Mummified Hand":68,"Membership Card":90,"InkBottle":137,"Meat on the Bone":117}],"Burning Blood":162,"InkBottle":[7],"Meat on the Bone":24},"card_choices":[{"not_picked":["Double Tap","Barricade"],"picked":"Offering","floor":0.0},{"not_picked":["Bloodletting","Body Slam"],"picked":"Fire Breathing","floor":1.0},{"not_picked":["Armaments","Anger"],"picked":"Flame Barrier","floor":4.0},{"not_picked":["Anger","Bloodletting"],"picked":"Body Slam","floor":5.0},{"not_picked":["Perfected Strike","Heavy Blade","Warcry"],"picked":"SKIP","floor":7.0},{"not_picked":["Berserk","Clothesline"],"picked":"Armaments","floor":8.0},{"not_picked":["Seeing Red","Twin Strike"],"picked":"Shrug It Off","floor":12.0},{"not_picked":["Clash","Heavy Blade","Twin Strike"],"picked":"SKIP","floor":13},{"not_picked":["Wild Strike","Clash","Flex"],"picked":"SKIP","floor":14},{"not_picked":["Limit Break","Juggernaut"],"picked":"Immolate","floor":16},{"not_picked":["Sentinel+1","Juggernaut","Cleave"],"picked":"SKIP","floor":23},{"not_picked":["Thunderclap+1","Cleave"],"picked":"Disarm","floor":25},{"not_picked":["Body Slam","Wild Strike"],"picked":"Entrench","floor":27},{"not_picked":["Blood for Blood+1","Havoc"],"picked":"Feel No Pain","floor":28},{"not_picked":["Anger","Perfected Strike","Intimidate"],"picked":"SKIP","floor":29},{"not_picked":["Sword Boomerang","Iron Wave","Feel No Pain"],"picked":"SKIP","floor":31},{"not_picked":["Reaper","Feed"],"picked":"Impervious","floor":33},{"not_picked":["Shrug It Off","Iron Wave","Heavy Blade"],"picked":"SKIP","floor":35},{"not_picked":["Flex","Thunderclap","Cleave"],"picked":"SKIP","floor":37},{"not_picked":["Thunderclap","Offering"],"picked":"Second Wind","floor":39},{"not_picked":["Burning Pact","Body Slam+1"],"picked":"Battle Trance","floor":41},{"not_picked":["Clothesline","Hemokinesis"],"picked":"Pommel Strike+1","floor":44},{"not_picked":["Heavy Blade","Second Wind+1","Wild Strike+1"],"picked":"SKIP","floor":48},{"not_picked":["Iron Wave","Spot Weakness","Rupture+1"],"picked":"SKIP","floor":55}],"player_experience":1476380,"relics_obtained":[{"floor":7.0,"key":"Orichalcum"},{"floor":9.0,"key":"Oddly Smooth Stone"},{"floor":13,"key":"Lantern"},{"floor":22,"key":"Nilry\u0027s Codex"},{"floor":23,"key":"Darkstone Periapt"},{"floor":26,"key":"Omamori"},{"floor":28,"key":"Mummified Hand"},{"floor":31,"key":"MawBank"},{"floor":41,"key":"Anchor"},{"floor":48,"key":"Meat on the Bone"},{"floor":55,"key":"Pen Nib"}],"event_choices":[{"cards_removed":["Strike_R"],"damage_healed":0.0,"max_hp_gain":0.0,"max_hp_loss":0.0,"gold_gain":0.0,"event_name":"Living Wall","player_choice":"Forget","floor":2.0,"gold_loss":0.0,"damage_taken":0.0},{"cards_removed":["Strike_R"],"damage_healed":0.0,"max_hp_gain":0.0,"max_hp_loss":0.0,"gold_gain":0.0,"event_name":"Golden Wing","player_choice":"Card Removal","floor":3.0,"gold_loss":0.0,"damage_taken":7.0},{"damage_healed":0,"gold_gain":50,"player_choice":"Stole From Cult","damage_taken":0,"max_hp_gain":0,"max_hp_loss":0,"event_name":"Nest","floor":19,"gold_loss":0},{"damage_healed":0,"gold_gain":0,"player_choice":"Ignored","damage_taken":0,"max_hp_gain":0,"max_hp_loss":0,"event_name":"Ghosts","floor":20,"gold_loss":0},{"damage_healed":0,"gold_gain":0,"player_choice":"Obtained Book","damage_taken":21,"max_hp_gain":0,"max_hp_loss":0,"event_name":"Cursed Tome","floor":22,"gold_loss":0},{"damage_healed":0,"gold_gain":0,"player_choice":"Smashed Altar","damage_taken":0,"max_hp_gain":0,"max_hp_loss":0,"event_name":"Forgotten Altar","floor":30,"gold_loss":0,"cards_obtained":["Decay"]},{"damage_healed":0,"gold_gain":0,"player_choice":"Ignored","damage_taken":0,"max_hp_gain":0,"max_hp_loss":0,"event_name":"Tomb of Lord Red Mask","floor":36,"gold_loss":0}],"is_beta":false,"boss_relics":[{"not_picked":["Black Blood","Busted Crown"],"picked":"Runic Dome"},{"not_picked":["Snecko Eye","Velvet Choker"],"picked":"SlaversCollar"}],"items_purged_floors":[11,38,54],"is_endless":false,"potions_floor_spawned":[1,4,14,16,23,25,29,35,46,48],"killed_by":"The Heart","ascension_level":20}}