{"host":"qg654vxoo1kzp6cj","time":1613713019,"event":{"mods":["100% Spire Juice","2.2 Compatiblity","Act Like it!","Aspiration","BaseMod","Better Altar","Better Skull","Better Third Choice","Better Vampires","Bossed Relics","Displayed Cursed Tome","Downfall","Elementarium","Gensokyo","GifTheSpireLib","Hallownest","HololiveMod","Hubris","Ironclad Rager","Menagerie","Minty Spire (QoL Compilation)","MostiFishMod","Pale of the Ancients","Reliquary","Replay The Spire","Ruina","Shapeshifter Mod","Spicy Shops","StSLib","Stuff the Spire","The Animator","The Bug Knight","The Runesmith","The Senshi","The Servant 0.9.4","TheHero","Wandering Minibosses","WarShipGirlsR/????R mod"],"gold_per_floor":[114,133,149,163,178,205,205,205,281,281,305,324,85,127,127,239,239,258,267,267,294,294,294,336,336,336,371,371,399,420,420,420],"floor_reached":31,"language":"ENG","playtime":1357,"items_purged":[],"score":297,"play_id":"8a70fbe8-22c6-42ed-9379-3bd6553ab584","local_time":"20210219003659","is_ascension_mode":true,"campfire_choices":[{"floor":8,"key":"REST"},{"data":"MostiFishMod:Impulse","floor":10,"key":"SMITH"},{"data":"MostiFishMod:IceShield","floor":15,"key":"SMITH"},{"floor":23,"key":"REST"},{"floor":25,"key":"REST"}],"circlet_count":0,"master_deck":["Strike_B","Strike_B","Strike_B","Strike_B","Defend_B","Defend_B","Defend_B","Defend_B","Zap","Dualcast","Darkness","MostiFishMod:PushDownKick","Chill","MostiFishMod:Impulse+1","Beam Cell","Creative AI","Ball Lightning","Capacitor","MostiFishMod:IceShield+1","Cold Snap","MostiFishMod:Prepare","StuffTheSpire:Plugnplay","Pain","Leap+1","Defragment","White Noise+1","MostiFishMod:LinkProtocol+1","Redo"],"relics":["Cracked Core","DaveBox","PreservedInsect","Membership Card","SynthV:TestCard","Lantern","Pear","CeramicFish","BargainBundle","SynthV","Hololive_LightStick","aspiration:FetidBarrel","JellyFishMachine","BionicSphere","ruina:Prescript","Darkstone Periapt","StuffTheSpire:RubySignet","Runesmith:AutoHammer"],"acts_visited":["Exordium","Exordium"],"potions_floor_usage":[6,16,16,16,16,24,24],"damage_taken":[{"damage":0,"enemies":"Cultist","floor":1,"turns":4},{"damage":8,"enemies":"Jaw Worm","floor":2,"turns":3},{"damage":2,"enemies":"2 Louse","floor":3,"turns":2},{"damage":0,"enemies":"Looter","floor":4,"turns":2},{"damage":10,"enemies":"Blue Slaver","floor":5,"turns":4},{"damage":7,"enemies":"3 Sentries","floor":6,"turns":5},{"damage":2,"enemies":"Exordium Wildlife","floor":12,"turns":5},{"damage":13,"enemies":"Lagavulin","floor":14,"turns":5},{"damage":35,"enemies":"Hexaghost","floor":16,"turns":7},{"damage":24,"enemies":"ruina:3_Bats","floor":18,"turns":5},{"damage":3,"enemies":"ruina:Nosferatu","floor":21,"turns":4},{"damage":76,"enemies":"ruina:Mountain","floor":24,"turns":10},{"damage":18,"enemies":"ruina:ServantOfWrath","floor":27,"turns":5},{"damage":6,"enemies":"ruina:QueenOfHate","floor":29,"turns":4},{"damage":7,"enemies":"ruina:KingOfGreed","floor":30,"turns":4},{"damage":18,"enemies":"ruina:RoadHome","floor":31,"turns":3}],"seed_played":"3686634568296217902","potions_obtained":[{"floor":2,"key":"Elixir"},{"floor":6,"key":"SpeedPotion"},{"floor":14,"key":"SkillPotion"},{"floor":16,"key":"Languid Potion"},{"floor":18,"key":"Swift Potion"},{"floor":30,"key":"Explosive Potion"}],"is_trial":false,"path_per_floor":["M","M","M","M","M","E","T","R","T","R","T","M","$","E","R","B",null,"M","?","?","M","?","R","E","R","T","E","?","M","M","E"],"character_chosen":"DEFECT","items_purchased":["BargainBundle","Capacitor","MostiFishMod:IceShield","SynthV","Hololive_LightStick","PowerPotion","Explosive Potion"],"campfire_rested":3,"item_purchase_floors":[13,13,13,13,13,13,13],"current_hp_per_floor":[75,67,65,65,55,48,48,70,80,80,80,78,78,65,65,30,85,61,61,61,58,58,83,7,32,32,14,23,19,14,0,0],"gold":420,"neow_bonus":"RANDOM_COMMON_RELIC","is_daily":false,"chose_seed":false,"campfire_upgraded":2,"win_rate":0.0,"timestamp":1613713019,"path_taken":["M","M","M","M","M","E","?","R","T","R","?","M","$","E","R","BOSS","M","?","?","M","?","R","E","R","T","E","?","?","M","E"],"items_purchased_type":["Relic","Card","Card","Relic","Relic","Potion","Potion"],"build_version":"2020-12-22","purchased_purges":0,"victory":false,"max_hp_per_floor":[75,75,75,75,75,75,75,75,85,85,85,85,85,85,85,85,85,85,85,85,85,85,85,85,85,85,85,85,85,85,85,85],"card_choices":[{"not_picked":["Stack","Rebound"],"picked":"Darkness","floor":1},{"not_picked":["Hello World","Beam Cell","StuffTheSpire:Plugnplay","Go for the Eyes"],"picked":"MostiFishMod:PushDownKick","floor":2},{"not_picked":["MostiFishMod:PushDownKick","Barrage","Gash","Conserve Battery"],"picked":"Chill","floor":3},{"not_picked":["Reinforced Body","Rebound","Sunder","Hologram"],"picked":"MostiFishMod:Impulse","floor":4},{"not_picked":["Compile Driver","Turbo","Consume","MostiFishMod:Impulse"],"picked":"Beam Cell","floor":5},{"not_picked":["Redo","Turbo","Storm","MostiFishMod:ActiveDefenseSystem"],"picked":"Creative AI","floor":6},{"not_picked":["Conserve Battery","MostiFishMod:PushDownKick","Compile Driver","Beam Cell"],"picked":"Ball Lightning","floor":12},{"not_picked":["Fusion","StuffTheSpire:Plugnplay","Reprogram","Buffer"],"picked":"Cold Snap","floor":14},{"not_picked":["MostiFishMod:InterfaceCompatibility","MostiFishMod:Overload","Fission","Biased Cognition"],"picked":"MostiFishMod:Prepare","floor":16},{"not_picked":["Gash+1","Rebound","Streamline","Compile Driver"],"picked":"StuffTheSpire:Plugnplay","floor":18},{"not_picked":["Compile Driver","StuffTheSpire:NuclearReactor","Steam+1","MostiFishMod:GatherIntelligence"],"picked":"Leap+1","floor":21},{"not_picked":["Reinforced Body+1","StuffTheSpire:LoadUp","Beam Cell","Stack"],"picked":"Defragment","floor":24},{"not_picked":["StuffTheSpire:SnapShoot","Conserve Battery","Steam","Storm"],"picked":"White Noise+1","floor":27},{"not_picked":["Cold Snap","Coolheaded","Beam Cell","MostiFishMod:ReprogramOld"],"picked":"MostiFishMod:LinkProtocol+1","floor":29},{"not_picked":["Recycle","Steam","White Noise","Gash+1"],"picked":"Redo","floor":30}],"player_experience":857008,"relics_obtained":[{"floor":1,"key":"SynthV:TestCard"},{"floor":6,"key":"Lantern"},{"floor":9,"key":"Pear"},{"floor":11,"key":"CeramicFish"},{"floor":14,"key":"aspiration:FetidBarrel"},{"floor":24,"key":"Darkstone Periapt"},{"floor":26,"key":"StuffTheSpire:RubySignet"},{"floor":27,"key":"Runesmith:AutoHammer"}],"event_choices":[],"is_beta":false,"boss_relics":[{"not_picked":["Runesmith:UraniumAnvil","Coffee Dripper"],"picked":"JellyFishMachine"}],"items_purged_floors":[],"is_endless":false,"potions_floor_spawned":[2,6,14,16,18,30],"killed_by":"ruina:RoadHome","ascension_level":1}}