{"host":"xe7vird6mhwsic73","time":1613769979,"event":{"mods":["BaseMod","Highlight Path","Minty Spire (QoL Compilation)","Relic Stats","StSLib"],"gold_per_floor":[116,133,146,159,159,191,205,232,310,310,325,354,370,388,388,483,483,503,515,525,525,625,625,625,625],"floor_reached":24,"language":"ENG","playtime":1608,"items_purged":[],"score":311,"play_id":"f0d6e7a3-5689-4596-9c90-dcc6c202aaaf","local_time":"20210219162619","is_ascension_mode":true,"campfire_choices":[{"floor":10,"key":"REST"},{"data":"Zap","floor":15,"key":"SMITH"},{"floor":23,"key":"REST"}],"circlet_count":0,"master_deck":["Strike_B","Strike_B","Strike_B","Strike_B","Defend_B","Defend_B","Defend_B","Defend_B","Zap+1","Dualcast","Glacier","Gash","Leap","Electrodynamics","Redo","Capacitor","Capacitor","Gash","Coolheaded","All For One","Ball Lightning"],"relics":["Cracked Core","Bag of Preparation","Cables","Shuriken","Ice Cream","Cursed Key"],"acts_visited":["Exordium","TheCity"],"potions_floor_usage":[6,6,6,12,12,21,21],"damage_taken":[{"damage":5,"enemies":"2 Louse","floor":1,"turns":3},{"damage":0,"enemies":"Jaw Worm","floor":2,"turns":5},{"damage":0,"enemies":"Cultist","floor":3,"turns":4},{"damage":7,"enemies":"Looter","floor":4,"turns":4},{"damage":2,"enemies":"Gremlin Nob","floor":6,"turns":4},{"damage":4,"enemies":"Red Slaver","floor":7,"turns":3},{"damage":18,"enemies":"Lagavulin","floor":8,"turns":8},{"damage":0,"enemies":"3 Louse","floor":11,"turns":1},{"damage":0,"enemies":"3 Sentries","floor":12,"turns":2},{"damage":12,"enemies":"Exordium Wildlife","floor":13,"turns":7},{"damage":18,"enemies":"Large Slime","floor":14,"turns":4},{"damage":22,"enemies":"Slime Boss","floor":16,"turns":7},{"damage":13,"enemies":"Spheric Guardian","floor":18,"turns":6},{"damage":24,"enemies":"2 Thieves","floor":19,"turns":3},{"damage":13,"enemies":"Centurion and Healer","floor":20,"turns":5},{"damage":8,"enemies":"Snecko","floor":21,"turns":4},{"damage":31,"enemies":"Slavers","floor":24,"turns":2}],"seed_played":"-1322412339009248887","potions_obtained":[{"floor":0,"key":"SneckoOil"},{"floor":0,"key":"BlessingOfTheForge"},{"floor":0,"key":"Block Potion"},{"floor":2,"key":"Weak Potion"},{"floor":6,"key":"DuplicationPotion"},{"floor":7,"key":"EssenceOfSteel"},{"floor":16,"key":"Strength Potion"},{"floor":20,"key":"SmokeBomb"}],"is_trial":false,"path_per_floor":["M","M","M","M","?","E","M","E","T","R","M","E","M","M","R","B",null,"M","M","M","M","?","R","E"],"character_chosen":"DEFECT","items_purchased":[],"campfire_rested":2,"item_purchase_floors":[],"current_hp_per_floor":[70,70,70,63,68,66,62,44,44,68,68,68,56,38,38,16,64,51,27,14,6,6,30,0,0],"gold":625,"neow_bonus":"THREE_SMALL_POTIONS","is_daily":false,"chose_seed":false,"campfire_upgraded":1,"win_rate":0.0,"timestamp":1613769979,"path_taken":["M","M","M","M","?","E","M","E","T","R","M","E","M","M","R","BOSS","M","M","M","M","?","R","E"],"items_purchased_type":[],"build_version":"2020-12-22","purchased_purges":0,"victory":false,"max_hp_per_floor":[75,75,75,75,80,80,80,80,80,80,80,80,80,80,80,80,80,80,80,80,80,80,80,80,80],"relic_stats":{"counters":[17,72],"Shuriken":[5],"Bag of Preparation":[24],"Cursed Key":0,"obtain_stats":[{"Ice Cream":12,"Shuriken":9,"Bag of Preparation":6,"Cracked Core":0,"Cursed Key":17,"Cables":8},{"Ice Cream":9,"Shuriken":7,"Bag of Preparation":5,"Cracked Core":0,"Cursed Key":12,"Cables":7},{"Ice Cream":34,"Shuriken":31,"Bag of Preparation":20,"Cracked Core":0,"Cursed Key":52,"Cables":31}],"Cables":[35,22,13,0,0]},"card_choices":[{"not_picked":["Stack","Turbo"],"picked":"Glacier","floor":1},{"not_picked":["Cold Snap","Rebound"],"picked":"Gash","floor":2},{"not_picked":["Hologram","Melter","Chill"],"picked":"SKIP","floor":3},{"not_picked":["Hologram","Melter","Chill"],"picked":"SKIP","floor":3},{"not_picked":["Barrage","Beam Cell"],"picked":"Leap","floor":4},{"not_picked":["Heatsinks","Hologram"],"picked":"Electrodynamics","floor":6},{"not_picked":["Chill","Rebound"],"picked":"Redo","floor":7},{"not_picked":["Scrape","BootSequence","Steam Power"],"picked":"SKIP","floor":8},{"not_picked":["Reprogram","Go for the Eyes"],"picked":"Capacitor","floor":11},{"not_picked":["Hologram","Lockon"],"picked":"Capacitor","floor":12},{"not_picked":["Hologram","Rebound"],"picked":"Gash","floor":13},{"not_picked":["Heatsinks","Rebound"],"picked":"Coolheaded","floor":14},{"not_picked":["Seek","Meteor Strike"],"picked":"All For One","floor":16},{"not_picked":["Compile Driver","Streamline"],"picked":"Ball Lightning","floor":18},{"not_picked":["Barrage","Doom and Gloom","Cold Snap"],"picked":"SKIP","floor":19},{"not_picked":["Go for the Eyes","Redo","Recycle"],"picked":"SKIP","floor":20}],"player_experience":199074,"relics_obtained":[{"floor":6,"key":"Bag of Preparation"},{"floor":8,"key":"Cables"},{"floor":9,"key":"Shuriken"},{"floor":12,"key":"Ice Cream"}],"event_choices":[{"damage_healed":0,"gold_gain":0,"player_choice":"Donut","damage_taken":0,"max_hp_gain":5,"max_hp_loss":0,"event_name":"Big Fish","floor":5,"gold_loss":0},{"damage_healed":0,"gold_gain":100,"player_choice":"Pray","damage_taken":0,"max_hp_gain":0,"max_hp_loss":0,"event_name":"Golden Shrine","floor":22,"gold_loss":0}],"is_beta":false,"boss_relics":[{"not_picked":["Black Star","Calling Bell"],"picked":"Cursed Key"}],"items_purged_floors":[],"is_endless":false,"potions_floor_spawned":[2,3,6,7,16,20,21],"killed_by":"Slavers","ascension_level":5}}