{"host":"xi8yg1ddhptuxb9d","time":1613706454,"event":{"mods":["AchievementEnabler","BaseMod","Block Reminder","Minty Spire (QoL Compilation)","Relic Sorter","StSLib"],"gold_per_floor":[16,16,32,32,48,82,93,93,93,110,68,79,79,95,95,95,95],"floor_reached":16,"language":"ENG","playtime":562,"items_purged":[],"score":217,"play_id":"40a06017-5bc1-45ac-b8af-c3dbe2a8dccd","local_time":"20210218224734","is_ascension_mode":true,"campfire_choices":[{"data":"Pommel Strike","floor":8.0,"key":"SMITH"},{"data":"Clothesline","floor":13.0,"key":"SMITH"},{"data":"Double Tap","floor":15,"key":"SMITH"}],"circlet_count":0,"master_deck":["AscendersBane","Strike_R","Strike_R","Strike_R","Strike_R","Strike_R","Defend_R","Defend_R","Defend_R","Defend_R","Bash","Feed+1","Iron Wave","Ghostly Armor","Shrug It Off","Cleave","Pommel Strike+1","Shrug It Off","Combust","Clothesline+1","Double Tap+1"],"relics":["Burning Blood","Smiling Mask","Toy Ornithopter"],"acts_visited":["Exordium"],"potions_floor_usage":[16,16],"damage_taken":[{"damage":7.0,"enemies":"Small Slimes","floor":1.0,"turns":3.0},{"damage":11.0,"enemies":"2 Louse","floor":3.0,"turns":3.0},{"damage":2.0,"enemies":"Cultist","floor":5.0,"turns":4.0},{"damage":48.0,"enemies":"Gremlin Nob","floor":6.0,"turns":6.0},{"damage":3.0,"enemies":"Lots of Slimes","floor":7.0,"turns":5.0},{"damage":15.0,"enemies":"Large Slime","floor":10.0,"turns":6.0},{"damage":2.0,"enemies":"Looter","floor":12.0,"turns":4.0},{"damage":0.0,"enemies":"2 Fungi Beasts","floor":14.0,"turns":4.0},{"damage":70,"enemies":"Slime Boss","floor":16,"turns":9}],"seed_played":"-2573429972140886609","potions_obtained":[{"floor":4.0,"key":"Fruit Juice"},{"floor":4.0,"key":"Swift Potion"},{"floor":6.0,"key":"BlessingOfTheForge"},{"floor":7.0,"key":"Fire Potion"},{"floor":10.0,"key":"SteroidPotion"}],"is_trial":false,"path_per_floor":["M","?","M","?","M","E","M","R","T","M","$","M","R","M","R","B"],"character_chosen":"IRONCLAD","items_purchased":["Combust"],"campfire_rested":0,"item_purchase_floors":[11],"current_hp_per_floor":[70,70,69,69,77,35,47,47,47,42,42,46,46,56,56,0,0],"gold":95,"neow_bonus":"THREE_RARE_CARDS","is_daily":false,"chose_seed":false,"campfire_upgraded":3,"win_rate":0.0,"timestamp":1613706454,"path_taken":["M","?","M","?","M","E","?","R","T","M","$","M","R","M","R","BOSS"],"items_purchased_type":["Card"],"build_version":"2020-12-22","purchased_purges":0,"victory":false,"max_hp_per_floor":[78,78,82,82,86,86,95,95,95,99,99,99,99,103,103,103,103],"card_choices":[{"not_picked":["Offering","Bludgeon"],"picked":"Feed","floor":0.0},{"not_picked":["Anger","Body Slam"],"picked":"Iron Wave","floor":1.0},{"not_picked":["Dropkick","Pommel Strike"],"picked":"Ghostly Armor","floor":3.0},{"not_picked":["Searing Blow","Flex"],"picked":"Shrug It Off","floor":5.0},{"not_picked":["Wild Strike","Pummel"],"picked":"Cleave","floor":6.0},{"not_picked":["Uppercut","Burning Pact"],"picked":"Pommel Strike","floor":7.0},{"not_picked":["Havoc","Iron Wave"],"picked":"Shrug It Off","floor":10.0},{"not_picked":["Wild Strike","Sentinel"],"picked":"Clothesline","floor":12.0},{"not_picked":["Body Slam","Havoc"],"picked":"Double Tap","floor":14}],"player_experience":721696,"relics_obtained":[{"floor":6.0,"key":"Smiling Mask"},{"floor":9.0,"key":"Toy Ornithopter"}],"event_choices":[{"damage_healed":0.0,"max_hp_gain":0.0,"max_hp_loss":0.0,"gold_gain":0.0,"event_name":"Living Wall","player_choice":"Grow","floor":2.0,"gold_loss":0.0,"damage_taken":0.0,"cards_upgraded":["Feed"]},{"damage_healed":0.0,"max_hp_gain":0.0,"max_hp_loss":0.0,"gold_gain":0.0,"event_name":"Lab","player_choice":"Got Potions","floor":4.0,"gold_loss":0.0,"damage_taken":0.0}],"is_beta":false,"boss_relics":[],"items_purged_floors":[],"is_endless":false,"potions_floor_spawned":[6,7,10],"killed_by":"Slime Boss","ascension_level":17}}