{"host":"6xsbn6ynqlzwllfm","time":1613752363,"event":{"mods":["2.2 Compatiblity","BaseMod","Bestiary","Colored Map","Colored Powertips","Curses Come First","Highlight Path","Keyboard Shortcuts","Minty Spire (QoL Compilation)","Quick Restart","Relic Stats","Slay the Relics Exporter","StSLib","SuperFastMode"],"gold_per_floor":[114,164,2,12,27,27,46,46,46,46,18,37,37,37,37,126,126,149,167,92,116,41,41,72,86,112,147,147,18,18,51,51,141,141,161,1160,1160,1160,513,548,548,548,548,589,610,610,629,262,262,262,262],"floor_reached":50,"language":"ENG","playtime":3509,"items_purged":["Strike_R","Normality","Strike_R"],"score":1159,"play_id":"85f90c20-c177-4df8-9c5e-b4c313f145de","local_time":"20210219113243","is_ascension_mode":true,"campfire_choices":[{"data":"Bash","floor":6,"key":"SMITH"},{"data":"Whirlwind","floor":8,"key":"SMITH"},{"data":"Dual Wield","floor":13,"key":"SMITH"},{"floor":15,"key":"REST"},{"floor":23,"key":"REST"},{"floor":28,"key":"REST"},{"data":"Uppercut","floor":30,"key":"SMITH"},{"data":"Metallicize","floor":32,"key":"SMITH"},{"data":"Demon Form","floor":41,"key":"SMITH"},{"floor":46,"key":"RECALL"},{"data":"Dual Wield","floor":49,"key":"SMITH"}],"circlet_count":0,"master_deck":["AscendersBane","Defend_R","Defend_R","Defend_R+1","Defend_R","Bash+1","Dual Wield+1","Havoc","Whirlwind+1","Metallicize+1","Carnage","Twin Strike","Metallicize","Immolate","Clothesline+1","Power Through+1","Heavy Blade","Uppercut+1","Reaper","Demon Form+1","Apotheosis","Sword Boomerang","True Grit","True Grit","Dual Wield+1"],"relics":["Burning Blood","Red Skull","Juzu Bracelet","Golden Idol","Snecko Eye","Oddly Smooth Stone","Kunai","Potion Belt","MealTicket","War Paint","Busted Crown","Lantern","Art of War","PreservedInsect","HandDrill"],"acts_visited":["Exordium","TheCity","TheBeyond"],"potions_floor_usage":[16,24,24,25,33,33,50,50],"damage_taken":[{"damage":6,"enemies":"Small Slimes","floor":1,"turns":4},{"damage":7,"enemies":"Cultist","floor":4,"turns":4},{"damage":22,"enemies":"Jaw Worm","floor":5,"turns":7},{"damage":25,"enemies":"Exordium Thugs","floor":7,"turns":6},{"damage":9,"enemies":"Exordium Wildlife","floor":12,"turns":3},{"damage":26,"enemies":"The Guardian","floor":16,"turns":13},{"damage":27,"enemies":"Chosen","floor":18,"turns":6},{"damage":21,"enemies":"Shell Parasite","floor":19,"turns":2},{"damage":25,"enemies":"Book of Stabbing","floor":24,"turns":3},{"damage":0,"enemies":"Centurion and Healer","floor":25,"turns":3},{"damage":3,"enemies":"Slavers","floor":27,"turns":4},{"damage":8,"enemies":"Book of Stabbing","floor":31,"turns":3},{"damage":20,"enemies":"Automaton","floor":33,"turns":11},{"damage":11,"enemies":"3 Darklings","floor":35,"turns":2},{"damage":15,"enemies":"Giant Head","floor":40,"turns":6},{"damage":6,"enemies":"Nemesis","floor":44,"turns":3},{"damage":58,"enemies":"3 Shapes","floor":45,"turns":8},{"damage":11,"enemies":"Spire Growth","floor":47,"turns":4},{"damage":62,"enemies":"Time Eater","floor":50,"turns":6}],"seed_played":"1272453705328525839","potions_obtained":[{"floor":4,"key":"GamblersBrew"},{"floor":5,"key":"FearPotion"},{"floor":16,"key":"Strength Potion"},{"floor":24,"key":"SkillPotion"},{"floor":31,"key":"SkillPotion"},{"floor":33,"key":"SkillPotion"},{"floor":44,"key":"AttackPotion"},{"floor":47,"key":"SkillPotion"}],"is_trial":false,"path_per_floor":["M","?","$","M","M","R","M","R","T","?","$","M","R","?","R","B",null,"M","M","?","T","$","R","E","M","T","E","R","$","R","E","R","B",null,"M","?","?","?","$","E","R","?","T","E","M","R","M","$","R","B"],"character_chosen":"IRONCLAD","items_purchased":["Red Skull","Twin Strike","Uppercut","DistilledChaos","Apotheosis","LiquidBronze","Lantern","Sword Boomerang","True Grit","Dual Wield","HandDrill"],"campfire_rested":3,"item_purchase_floors":[3,11,29,29,39,39,39,39,39,48,48],"current_hp_per_floor":[68,62,62,61,45,45,26,26,26,16,16,13,13,13,31,11,49,28,13,13,13,13,31,12,18,18,21,39,54,54,52,52,38,56,51,51,51,51,62,62,62,62,62,62,62,62,57,62,62,0,0],"gold":262,"neow_bonus":"TRANSFORM_TWO_CARDS","is_daily":false,"chose_seed":false,"campfire_upgraded":7,"win_rate":0.0,"timestamp":1613752363,"path_taken":["M","?","$","M","M","R","M","R","T","?","?","M","R","?","R","BOSS","M","M","?","?","$","R","E","M","T","E","R","?","R","E","R","BOSS","M","?","?","?","$","E","R","?","T","E","M","R","M","$","R","BOSS"],"items_purchased_type":["Relic","Card","Card","Potion","Card","Potion","Relic","Card","Card","Card","Relic"],"build_version":"2020-12-22","purchased_purges":3,"victory":false,"max_hp_per_floor":[68,68,68,68,68,68,68,68,68,68,68,68,68,62,62,62,62,62,62,62,62,62,62,62,62,62,62,62,62,62,62,62,62,62,62,62,62,62,62,62,62,62,62,62,62,62,62,62,62,62,62],"relic_stats":{"counters":[19,98],"Golden Idol":95,"PreservedInsect":0,"Juzu Bracelet":2,"War Paint":["Defend_R","Power Through"],"Burning Blood":102,"Busted Crown":10,"Snecko Eye":[98,104,84,100],"MealTicket":31,"Art of War":[7],"HandDrill":[0],"Kunai":[16],"obtain_stats":[{"Potion Belt":26,"Lantern":39,"Golden Idol":14,"Oddly Smooth Stone":21,"PreservedInsect":44,"Juzu Bracelet":9,"War Paint":31,"Burning Blood":0,"Busted Crown":34,"Snecko Eye":17,"MealTicket":27,"Art of War":40,"HandDrill":48,"Kunai":24,"Red Skull":3},{"Potion Belt":10,"Lantern":14,"Golden Idol":5,"Oddly Smooth Stone":8,"PreservedInsect":16,"Juzu Bracelet":4,"War Paint":12,"Burning Blood":0,"Busted Crown":13,"Snecko Eye":6,"MealTicket":11,"Art of War":15,"HandDrill":18,"Kunai":9,"Red Skull":1},{"Potion Belt":51,"Lantern":71,"Golden Idol":24,"Oddly Smooth Stone":45,"PreservedInsect":80,"Juzu Bracelet":21,"War Paint":58,"Burning Blood":0,"Busted Crown":69,"Snecko Eye":37,"MealTicket":55,"Art of War":77,"HandDrill":92,"Kunai":48,"Red Skull":4}]},"card_choices":[{"not_picked":["Warcry","Bloodletting"],"picked":"Whirlwind","floor":1},{"not_picked":["Rampage","Clash"],"picked":"Metallicize","floor":4},{"not_picked":["Clash","Perfected Strike"],"picked":"Carnage","floor":5},{"not_picked":["Blood for Blood","Havoc"],"picked":"Battle Trance","floor":7},{"not_picked":["Pommel Strike","Warcry"],"picked":"Metallicize","floor":12},{"not_picked":["Bludgeon","Juggernaut"],"picked":"Immolate","floor":16},{"not_picked":["Flex","Fire Breathing","Perfected Strike"],"picked":"SKIP","floor":18},{"not_picked":["Fire Breathing","Shrug It Off"],"picked":"Clothesline+1","floor":19},{"not_picked":["Headbutt","Wild Strike"],"picked":"Power Through","floor":24},{"not_picked":["Flex","Clash","Thunderclap"],"picked":"SKIP","floor":25},{"not_picked":["Rupture","Fire Breathing"],"picked":"Heavy Blade","floor":27},{"not_picked":["Dark Embrace","Double Tap"],"picked":"Reaper","floor":31},{"not_picked":["Juggernaut","Impervious"],"picked":"Demon Form","floor":33},{"not_picked":["Searing Blow"],"picked":"SKIP","floor":35},{"not_picked":[],"picked":"True Grit","floor":40},{"not_picked":["Entrench"],"picked":"SKIP","floor":44},{"not_picked":["Anger"],"picked":"SKIP","floor":45},{"not_picked":["Perfected Strike+1"],"picked":"SKIP","floor":47}],"player_experience":1472617,"relics_obtained":[{"floor":9,"key":"Juzu Bracelet"},{"floor":21,"key":"Oddly Smooth Stone"},{"floor":24,"key":"Kunai"},{"floor":26,"key":"Potion Belt"},{"floor":27,"key":"MealTicket"},{"floor":31,"key":"War Paint"},{"floor":40,"key":"Art of War"},{"floor":44,"key":"PreservedInsect"}],"event_choices":[{"damage_healed":0,"gold_gain":50,"player_choice":"Touch","damage_taken":6,"max_hp_gain":0,"max_hp_loss":0,"event_name":"FaceTrader","floor":2,"gold_loss":0},{"damage_healed":0,"gold_gain":0,"player_choice":"Damaged","damage_taken":10,"max_hp_gain":0,"max_hp_loss":0,"event_name":"Wheel of Change","floor":10,"gold_loss":0},{"damage_healed":0,"gold_gain":0,"player_choice":"Lose Max HP","damage_taken":0,"relics_obtained":["Golden Idol"],"max_hp_gain":0,"max_hp_loss":6,"event_name":"Golden Idol","floor":14,"gold_loss":0},{"cards_removed":["Strike_R"],"damage_healed":0,"gold_gain":0,"player_choice":"Gave Gold","damage_taken":0,"max_hp_gain":0,"max_hp_loss":0,"event_name":"Beggar","floor":20,"gold_loss":75},{"damage_healed":0,"gold_gain":999,"player_choice":"Gold","damage_taken":0,"max_hp_gain":0,"max_hp_loss":0,"event_name":"MindBloom","floor":36,"gold_loss":0,"cards_obtained":["Normality","Normality"]},{"damage_healed":0,"gold_gain":0,"player_choice":"Ignored","damage_taken":0,"max_hp_gain":0,"max_hp_loss":0,"event_name":"Tomb of Lord Red Mask","floor":37,"gold_loss":0},{"cards_removed":["Battle Trance"],"damage_healed":0,"gold_gain":0,"player_choice":"Removed Skill","damage_taken":0,"max_hp_gain":0,"max_hp_loss":0,"event_name":"Falling","floor":38,"gold_loss":0},{"cards_removed":["Normality"],"damage_healed":0,"gold_gain":0,"player_choice":"Removed Curses","damage_taken":0,"max_hp_gain":0,"max_hp_loss":0,"event_name":"Fountain of Cleansing","floor":42,"gold_loss":0}],"is_beta":false,"boss_relics":[{"not_picked":["Fusion Hammer","Runic Dome"],"picked":"Snecko Eye"},{"not_picked":["Astrolabe","Philosopher\u0027s Stone"],"picked":"Busted Crown"}],"items_purged_floors":[22,39,48],"is_endless":false,"potions_floor_spawned":[4,5,16,24,31,33,44,47],"killed_by":"Time Eater","ascension_level":20}}