{"host":"etdvqcaukayomjhd","time":1613698035,"event":{"mods":["AchievementEnabler","Act Like it!","BaseMod","BetterRewards","Colored Powertips","Hermit","Infinite Spire","Minty Spire (QoL Compilation)","Quick Restart","Replay The Spire","Spicy Shops","StSLib","The Animator","Waifu the Spire"],"gold_per_floor":[217,236,411,411,427,427,446,446,473,123,123,156,166,179,179,276,276,287,322,322,59,59,59,86,86,86,105,5,17,17,48,48,152,152,168,168,168],"floor_reached":36,"language":"ENG","playtime":1914,"items_purged":["Doubt","Shame"],"score":540,"play_id":"dd796e14-ae56-4118-a025-867a604a38cf","local_time":"20210219022715","is_ascension_mode":true,"campfire_choices":[{"data":"Blood for Blood","floor":6.0,"key":"SMITH"},{"data":"Apotheosis","floor":11.0,"key":"SMITH"},{"floor":23.0,"key":"REST"},{"floor":25.0,"key":"REST"},{"data":"Shockwave","floor":30.0,"key":"SMITH"},{"floor":32.0,"key":"REST"}],"circlet_count":0,"master_deck":["Strike_R+1","Strike_R","Strike_R","Strike_R","Strike_R","Defend_R","Defend_R","Defend_R","Defend_R","Bash","Blood for Blood+1","Armaments+1","Headbutt","Apotheosis+1","Secret Weapon","Trip","Uppercut","Double Tap","Armaments","Double Tap","Spot Weakness+1","Uppercut","Iron Wave","Pot Of Greed","Pot Of Greed","Pot Of Greed+1","Dual Wield+1","Heavy Blade+1","Shockwave+1","Inflame+1","Warcry+1"],"relics":["Black Blood","Nunchaku","ReplayTheSpireMod:ShopPack","Lee\u0027s Waffle","Regal Pillow","Red Mask","Nilry\u0027s Codex","Replay:Wax Seal","Red Skull","Grinning Jar","Gremlin Food","Lizard Tail","Replay:Bronze Core"],"acts_visited":["Exordium","TheCity","TheBeyond"],"potions_floor_usage":[36],"damage_taken":[{"damage":14.0,"enemies":"Jaw Worm","floor":1.0,"turns":3.0},{"damage":4.0,"enemies":"Small Slimes","floor":2.0,"turns":4.0},{"damage":6.0,"enemies":"Cultist","floor":5.0,"turns":3.0},{"damage":10.0,"enemies":"2 Fungi Beasts","floor":7.0,"turns":3.0},{"damage":28.0,"enemies":"Gremlin Nob","floor":12.0,"turns":4.0},{"damage":17.0,"enemies":"Blue Slaver","floor":13.0,"turns":4.0},{"damage":8.0,"enemies":"Looter","floor":14.0,"turns":3.0},{"damage":71.0,"enemies":"Fading Forest","floor":16.0,"turns":11.0},{"damage":26.0,"enemies":"Shell Parasite","floor":18.0,"turns":5.0},{"damage":34.0,"enemies":"Masked Bandits","floor":19.0,"turns":5.0},{"damage":28.0,"enemies":"Book of Stabbing","floor":24.0,"turns":3.0},{"damage":22.0,"enemies":"3 Byrds","floor":27.0,"turns":5.0},{"damage":12.0,"enemies":"Snecko","floor":29.0,"turns":6.0},{"damage":54.0,"enemies":"Gremlin Leader","floor":31.0,"turns":3.0},{"damage":82.0,"enemies":"Collector","floor":33.0,"turns":8.0},{"damage":8,"enemies":"Orb Walker","floor":35,"turns":2},{"damage":28,"enemies":"infinitespire:Three Voidlings","floor":36,"turns":5},{"damage":70,"enemies":"Nightmare_Alpha","floor":36,"turns":10}],"seed_played":"2175723677765681810","potions_obtained":[{"floor":7.0,"key":"AttackPotion"},{"floor":14.0,"key":"Adrenaline Potion"},{"floor":16.0,"key":"LiquidMemories"},{"floor":29.0,"key":"SkillPotion"},{"floor":33.0,"key":"Swift Potion"}],"is_trial":false,"path_per_floor":["M","M","?","?","M","R","M","?","T","$","R","E","M","M","R","B",null,"M","?","?","$","?","R","E","R","T","M","$","M","R","E","R","B",null,"M","?"],"character_chosen":"IRONCLAD","items_purchased":["ReplayTheSpireMod:ShopPack","Uppercut","Lee\u0027s Waffle","Replay:Wax Seal","Red Skull","Iron Wave"],"campfire_rested":3,"item_purchase_floors":[10,10,10,21,21,21],"current_hp_per_floor":[64,66,66,66,66,66,62,62,62,87,87,65,54,52,87,30,73,59,37,21,21,21,62,46,87,87,77,77,77,77,35,76,49,78,82,0,0],"gold":168,"neow_bonus":"HUNDRED_GOLD","is_daily":false,"chose_seed":false,"campfire_upgraded":3,"win_rate":0.0,"timestamp":1613698035,"path_taken":["M","M","?","?","M","R","M","?","T","?","R","E","?","M","R","BOSS","M","?","?","$","?","R","E","R","T","M","$","M","R","E","R","BOSS","M","?"],"items_purchased_type":["Relic","Card","Relic","Relic","Relic","Card"],"build_version":"2020-12-22","purchased_purges":2,"victory":false,"max_hp_per_floor":[80,80,80,80,80,80,80,80,80,87,87,87,87,87,87,87,87,87,87,87,87,87,87,87,87,87,87,87,87,87,87,87,87,87,87,87,87],"card_choices":[{"not_picked":["Twin Strike","Sword Boomerang"],"picked":"Blood for Blood","floor":1.0},{"not_picked":["Hemokinesis","Cleave"],"picked":"Armaments","floor":2.0},{"not_picked":["ReplayTheSpireMod:Muscle Training","Rage"],"picked":"Headbutt","floor":5.0},{"not_picked":["Anger","Run Through","Flame Barrier"],"picked":"SKIP","floor":7.0},{"not_picked":["ReplayTheSpireMod:Brewmster","Secret Technique"],"picked":"Apotheosis","floor":10.0},{"not_picked":["ReplayTheSpireMod:Trickstab","Replay:Sssssssssstrike"],"picked":"Secret Weapon","floor":10.0},{"not_picked":["Blind","Apotheosis"],"picked":"Trip","floor":10.0},{"not_picked":["Shrug It Off","Rupture"],"picked":"Double Tap","floor":12.0},{"not_picked":["ReplayTheSpireMod:Strike From Hell","Clash"],"picked":"Armaments","floor":13.0},{"not_picked":["Sentinel","Armaments","Replay:Undeath\u0027s Touch"],"picked":"SKIP","floor":14.0},{"not_picked":["Eclipse","Juggernaut"],"picked":"Double Tap","floor":16.0},{"not_picked":["Twin Strike","Intimidate"],"picked":"Spot Weakness+1","floor":18.0},{"not_picked":["Body Slam","Searing Blow"],"picked":"Uppercut","floor":19.0},{"not_picked":["Fire Breathing","Perfected Strike+1"],"picked":"Dual Wield","floor":24.0},{"not_picked":["Cleave","Flex"],"picked":"Heavy Blade+1","floor":27.0},{"not_picked":["True Grit","Body Slam"],"picked":"Shockwave","floor":29.0},{"not_picked":["ReplayTheSpireMod:Corrosion Curse","Body Slam"],"picked":"Inflame+1","floor":31.0},{"not_picked":["Disarm+1","Sword Boomerang+1"],"picked":"Warcry+1","floor":35}],"player_experience":385537,"relics_obtained":[{"floor":9.0,"key":"Nunchaku"},{"floor":12.0,"key":"Regal Pillow"},{"floor":19.0,"key":"Red Mask"},{"floor":20.0,"key":"Nilry\u0027s Codex"},{"floor":24.0,"key":"Gremlin Food"},{"floor":31.0,"key":"Lizard Tail"}],"event_choices":[{"damage_healed":0.0,"max_hp_gain":0.0,"max_hp_loss":0.0,"gold_gain":175.0,"event_name":"Liars Game","player_choice":"AGREE","floor":3.0,"gold_loss":0.0,"damage_taken":0.0,"cards_obtained":["Doubt"]},{"damage_healed":0.0,"max_hp_gain":0.0,"max_hp_loss":0.0,"gold_gain":0.0,"event_name":"The Cleric","player_choice":"Leave","floor":8.0,"gold_loss":0.0,"damage_taken":0.0},{"damage_healed":0.0,"max_hp_gain":0.0,"max_hp_loss":0.0,"gold_gain":0.0,"event_name":"Masked Bandits","player_choice":"Fought Bandits","floor":19.0,"gold_loss":0.0,"damage_taken":0.0},{"damage_healed":0.0,"max_hp_gain":0.0,"max_hp_loss":0.0,"gold_gain":0.0,"event_name":"Cursed Tome","player_choice":"Obtained Book","floor":20.0,"gold_loss":0.0,"damage_taken":16.0},{"damage_healed":0.0,"max_hp_gain":0.0,"max_hp_loss":0.0,"gold_gain":0.0,"event_name":"Addict","player_choice":"Stole Relic","floor":22.0,"gold_loss":0.0,"damage_taken":0.0,"relics_obtained":["Grinning Jar"],"cards_obtained":["Shame"]}],"is_beta":false,"boss_relics":[{"not_picked":["Velvet Choker","ReplayTheSpireMod:SealedPack"],"picked":"Black Blood"},{"not_picked":["infinitespire:Cupcake","Replay:Drink Me"],"picked":"Replay:Bronze Core"}],"items_purged_floors":[21,28],"is_endless":false,"potions_floor_spawned":[7,14,16,29,33,36],"killed_by":"Nightmare_Alpha","ascension_level":7}}