{"host":"ipcfr4ajj2jkxvg7","time":1613747706,"event":{"mods":["BaseMod","Colored Powertips","GifTheSpireLib","Marisa（F雨　魔理沙）","Minty Spire (QoL Compilation)","Quick Restart","Remilia（蕾米莉亚）","Replay The Spire","RumiaBox-露米娅的神秘盒子","StSLib"],"gold_per_floor":[113,113,113,125,139,170,6,6,56,67,98,98,130,141,141,220,220,235,106,117,117,135,167,167,195,243,255,305,316,351,364,364,442,442,460,460,360,378,73,73,98,117,163,163,176,176,211,246,246,246,246],"floor_reached":52,"language":"ZHS","playtime":1784,"items_purged":["Defend_RM","Strike_RM","Strike_RM"],"score":1934,"play_id":"ca5262da-b4f2-42d4-8b86-c66e69db8d6e","local_time":"20210219231506","is_ascension_mode":true,"campfire_choices":[{"floor":12.0,"key":"REST"},{"data":"CurseOfVladTepes","floor":15.0,"key":"SMITH"},{"floor":24.0,"key":"REST"},{"data":"EternalNight","floor":32.0,"key":"SMITH"},{"data":"TwelveNightmare","floor":40,"key":"SMITH"},{"data":"HeartBreak","floor":44,"key":"SMITH"},{"data":"TransientEternity","floor":49,"key":"SMITH"}],"circlet_count":0,"master_deck":["AscendersBane","Strike_RM","Defend_RM","RedMoon","ScarletShoot","VampireSweep","VampireKiss","CurseOfVladTepes+1","BloodRain","TwelveNightmare+1","UnstableMagic","NightLord","HunterOfTheNight","TransientEternity+1","EternalNight+1","BloodHunter","VampireKiss","BloodAndWine+1","BloodHunter","BombardNight","BloodySeventeenLaser","EquivalentExchange","EquivalentExchange","ChainGang","HeartBreak+1","HunterOfTheNight","ScarletMeister","LeisurelyOfLord+1"],"relics":["ScarletHat","NeowsBlessing","AddBug","SecretRecord","SecretRecord","SecretRecord","SecretRecord","SecretRecord","SecretRecord","SecretRecord"],"acts_visited":["Exordium","TheCity","TheBeyond"],"potions_floor_usage":[33],"damage_taken":[{"damage":0.0,"enemies":"2 Louse","floor":1.0,"turns":1.0},{"damage":0.0,"enemies":"Small Slimes","floor":4.0,"turns":1.0},{"damage":0.0,"enemies":"Cultist","floor":5.0,"turns":1.0},{"damage":45.0,"enemies":"Lagavulin","floor":6.0,"turns":12.0},{"damage":1.0,"enemies":"Red Slaver","floor":10.0,"turns":6.0},{"damage":16.0,"enemies":"Gremlin Nob","floor":11.0,"turns":8.0},{"damage":1.0,"enemies":"Lagavulin","floor":13.0,"turns":9.0},{"damage":4.0,"enemies":"Blue Slaver","floor":14.0,"turns":4.0},{"damage":8.0,"enemies":"Hexaghost","floor":16.0,"turns":11.0},{"damage":19.0,"enemies":"Chosen","floor":18.0,"turns":6.0},{"damage":7.0,"enemies":"Spheric Guardian","floor":20.0,"turns":3.0},{"damage":5.0,"enemies":"Snecko","floor":22.0,"turns":5.0},{"damage":23.0,"enemies":"Slavers","floor":23.0,"turns":3.0},{"damage":2.0,"enemies":"Replay:Snechameleon","floor":25.0,"turns":4.0},{"damage":0.0,"enemies":"Cultist and Chosen","floor":27.0,"turns":5.0},{"damage":9.0,"enemies":"Shelled Parasite and Fungi","floor":29.0,"turns":4.0},{"damage":20.0,"enemies":"Slavers","floor":30.0,"turns":3.0},{"damage":0.0,"enemies":"Centurion and Healer","floor":31.0,"turns":2.0},{"damage":1,"enemies":"Automaton","floor":33,"turns":5},{"damage":30,"enemies":"3 Shapes","floor":35,"turns":4},{"damage":2,"enemies":"3 Darklings","floor":38,"turns":3},{"damage":4,"enemies":"Reptomancer","floor":41,"turns":4},{"damage":25,"enemies":"Sphere and 2 Shapes","floor":42,"turns":3},{"damage":1,"enemies":"Writhing Mass","floor":45,"turns":3},{"damage":9,"enemies":"Giant Head","floor":47,"turns":4},{"damage":36,"enemies":"Transient","floor":48,"turns":6},{"damage":47,"enemies":"Donu and Deca","floor":50,"turns":4},{"damage":4,"enemies":"Time Eater","floor":51,"turns":3}],"seed_played":"-3118604670342410908","potions_obtained":[{"floor":3.0,"key":"SteroidPotion"},{"floor":3.0,"key":"DestinyDice"},{"floor":4.0,"key":"Fire Potion"},{"floor":6.0,"key":"ColorlessPotion"},{"floor":13.0,"key":"Regen Potion"},{"floor":23.0,"key":"FearPotion"},{"floor":30.0,"key":"Strength Potion"},{"floor":33,"key":"Strength Potion"}],"is_trial":false,"path_per_floor":["M","?","?","M","M","E","$","?","T","M","E","R","E","M","R","B",null,"M","$","M","?","M","E","R","E","T","M","?","M","E","M","R","B",null,"M","?","$","M","$","R","E","M","T","R","M","?","E","M","R","B","B",null],"character_chosen":"REMILIA","items_purchased":["CurseOfVladTepes","BloodHunter","HeartBreak"],"campfire_rested":2,"item_purchase_floors":[7,19,39],"current_hp_per_floor":[63,56,56,56,56,16,16,16,16,15,3,24,28,24,24,35,61,42,42,35,14,15,7,28,35,35,35,35,32,17,19,19,35,61,31,31,31,32,32,32,34,10,10,10,11,11,49,59,59,35,35],"gold":246,"neow_bonus":"THREE_ENEMY_KILL","is_daily":false,"chose_seed":false,"campfire_upgraded":5,"win_rate":0.0,"timestamp":1613747706,"path_taken":["M","?","?","?","M","E","?","?","T","M","E","R","E","M","R","BOSS","M","$","M","?","M","E","R","E","T","M","?","?","E","M","R","BOSS","M","?","$","M","$","R","E","M","T","R","?","?","E","M","R","BOSS","BOSS"],"items_purchased_type":["Card","Card","Card"],"build_version":"2020-12-22","purchased_purges":3,"victory":true,"max_hp_per_floor":[70,70,70,70,70,70,70,70,70,70,70,70,70,70,70,70,70,70,70,70,70,70,70,70,70,70,70,70,70,70,70,70,70,70,70,70,70,70,70,70,70,70,70,70,70,70,70,70,70,70,70],"card_choices":[{"not_picked":["ScarletImprint","UnstableMagic"],"picked":"VampireSweep","floor":1.0},{"not_picked":["StarOfDavid","EndlessAdversity","UnderTheZenith"],"picked":"SKIP","floor":4.0},{"not_picked":["ScarletDream","AfternoonTea","CharismaGuard"],"picked":"SKIP","floor":5.0},{"not_picked":["ScarletDream","RedRainbow"],"picked":"VampireKiss","floor":6.0},{"not_picked":["BlasphemousPunishment","LeisurelyOfLord"],"picked":"TwelveNightmare","floor":10.0},{"not_picked":["GlobalNightmare","UltimateOffering"],"picked":"UnstableMagic","floor":11.0},{"not_picked":["BloodHunter","ForbiddenFruit"],"picked":"NightLord","floor":13.0},{"not_picked":["NightDance","BloodyCatastrophe"],"picked":"HunterOfTheNight","floor":14.0},{"not_picked":["QueenOfMidnight","BloodyHallows"],"picked":"TransientEternity","floor":16.0},{"not_picked":["MiserableFate","DiffusionOfMisfortune"],"picked":"EternalNight","floor":18.0},{"not_picked":["StarOfDavid","AfternoonTea+1","FavorOfDestiny"],"picked":"SKIP","floor":20.0},{"not_picked":["ScarletDevil","ScarletSymphony"],"picked":"VampireKiss","floor":22.0},{"not_picked":["VampireKiss","BombardNight"],"picked":"BloodAndWine+1","floor":23.0},{"not_picked":["CharismaGuard","VampireFantasy+1"],"picked":"BloodHunter","floor":25.0},{"not_picked":["RedRainbow","BloodyCatastrophe","ReincarnationDial"],"picked":"SKIP","floor":27.0},{"not_picked":["EmergencyRegeneration","RedMagic+1"],"picked":"BombardNight","floor":29.0},{"not_picked":["SuperhumanBloodyKnife","UltimateOffering+1"],"picked":"BloodySeventeenLaser","floor":30.0},{"not_picked":["BlasphemousPunishment","ScarletSymphony","StarOfDavid+1"],"picked":"SKIP","floor":31.0},{"not_picked":["BloodySeventeenLaser","QueenOfMidnight"],"picked":"EquivalentExchange","floor":33},{"not_picked":["TwelveNightmare","CharismaGuard","BloodAndWine"],"picked":"SKIP","floor":35},{"not_picked":["ScarletDevilSign","StarOfDavid"],"picked":"ChainGang","floor":38},{"not_picked":["CharismaGuard","StarOfDavid","NightDance"],"picked":"SKIP","floor":41},{"not_picked":["UnstableMagic","BombardNight"],"picked":"HunterOfTheNight","floor":42},{"not_picked":["DiffusionOfMisfortune","NightDance"],"picked":"ScarletMeister","floor":45},{"not_picked":["RedRainbow","CharismaGuard"],"picked":"LeisurelyOfLord+1","floor":47},{"not_picked":["ScarletDevil","Stigmanizer","ForbiddenFruit+1"],"picked":"SKIP","floor":48}],"player_experience":475951,"relics_obtained":[{"floor":1.0,"key":"AddBug"},{"floor":6.0,"key":"Regal Pillow"},{"floor":9.0,"key":"Oddly Smooth Stone"},{"floor":10.0,"key":"SecretRecord"},{"floor":11.0,"key":"SecretRecord"},{"floor":11.0,"key":"AntiCross"},{"floor":13.0,"key":"ChaoDraw"},{"floor":20.0,"key":"SecretRecord"},{"floor":21.0,"key":"Enchiridion"},{"floor":23.0,"key":"Nunchaku"},{"floor":25.0,"key":"Vajra"},{"floor":26.0,"key":"Smiling Mask"},{"floor":27.0,"key":"SecretRecord"},{"floor":30.0,"key":"Replay:Bandana"},{"floor":41,"key":"Durian"},{"floor":42,"key":"SecretRecord"},{"floor":43,"key":"PreservedInsect"},{"floor":47,"key":"Bag of Marbles"},{"floor":48,"key":"SecretRecord"}],"event_choices":[{"cards_removed":["Defend_RM"],"damage_healed":0.0,"max_hp_gain":0.0,"max_hp_loss":0.0,"gold_gain":0.0,"event_name":"Golden Wing","player_choice":"Card Removal","floor":2.0,"gold_loss":0.0,"damage_taken":7.0},{"damage_healed":0.0,"max_hp_gain":0.0,"max_hp_loss":0.0,"gold_gain":0.0,"event_name":"Lab","player_choice":"Got Potions","floor":3.0,"gold_loss":0.0,"damage_taken":0.0},{"damage_healed":0.0,"max_hp_gain":0.0,"max_hp_loss":0.0,"gold_gain":0.0,"cards_transformed":["Strike_RM"],"event_name":"Transmorgrifier","player_choice":"Transformed","floor":8.0,"gold_loss":0.0,"damage_taken":0.0,"cards_obtained":["BloodRain"]},{"damage_healed":0.0,"max_hp_gain":0.0,"max_hp_loss":0.0,"gold_gain":0.0,"event_name":"Cursed Tome","player_choice":"Obtained Book","floor":21.0,"gold_loss":0.0,"damage_taken":21.0},{"damage_healed":0.0,"max_hp_gain":0.0,"max_hp_loss":0.0,"gold_gain":50.0,"event_name":"Golden Shrine","player_choice":"Pray","floor":28.0,"gold_loss":0.0,"damage_taken":0.0},{"damage_healed":0,"gold_gain":0,"player_choice":"1 cards matched","damage_taken":0,"max_hp_gain":0,"max_hp_loss":0,"event_name":"Match and Keep!","floor":36,"gold_loss":0,"cards_obtained":["EquivalentExchange"]},{"cards_removed":["Defend_RM"],"damage_healed":0,"gold_gain":0,"player_choice":"Purged","damage_taken":0,"max_hp_gain":0,"max_hp_loss":0,"event_name":"Purifier","floor":46,"gold_loss":0}],"is_beta":false,"boss_relics":[{"not_picked":["Black Star","EasyGame_NEW"],"picked":"SacredBark"},{"not_picked":["Velvet Choker","Sozu"],"picked":"Replay:Ancient Bell"}],"items_purged_floors":[19,37,39],"is_endless":false,"potions_floor_spawned":[4,6,13,23,30,33,42,45,47],"ascension_level":20}}