{"host":"lwys0gbp6t40j7jh","time":1613735424,"event":{"mods":["Act Like it!","BaseMod","CapriCore","Downfall","Friendly Minions","GifTheSpireLib","Minty Spire (QoL Compilation)","StSLib","SuperFastMode"],"gold_per_floor":[99,110,128,128,138,138,138,138,172,172,201,211,211,222,238,339,339,239,256,276,109,194,194,264,283,283,283,283],"floor_reached":26,"language":"ENG","playtime":787,"items_purged":["sneckomod:Strike"],"score":218,"play_id":"80f63a08-e2bd-4d32-aa69-24ed6a524e6a","local_time":"20210219125024","is_ascension_mode":false,"campfire_choices":[{"data":"sneckomod:SnekBite","floor":8,"key":"SMITH"},{"data":"sneckomod:IronFang","floor":10,"key":"SMITH"},{"floor":13,"key":"REST"},{"data":"sneckomod:UnknownVulnerable","floor":18,"key":"SMITH"},{"floor":23,"key":"REST"}],"circlet_count":0,"master_deck":["sneckomod:Strike","sneckomod:Strike","sneckomod:Defend+1","sneckomod:Defend","sneckomod:Defend+1","sneckomod:TailWhip","sneckomod:SnekBite+1","sneckomod:SoulExchange","Madness","sneckomod:QuickMove","sneckomod:IronFang+1","sneckomod:ImprovisedAttack","Madness","sneckomod:SoulDraw","sneckomod:UnknownVulnerable+1","sneckomod:IronFang","sneckomod:SnakeSap","sneckomod:MorePower","Madness","sneckomod:IronFang","sneckomod:UnknownRareSkill+1","sneckomod:UnknownExhaust","sneckomod:Unknown3Cost+1","sneckomod:UnknownStrike","sneckomod:QuickBite","sneckomod:UnknownBlock","expansioncontent:AwakenDeath+1"],"relics":["sneckomod:SuperSneckoSoul","Shuriken","War Paint","Pen Nib","downfall:HeartBlessingGreen","Molten Egg 2"],"acts_visited":["TheCity"],"potions_floor_usage":[11,11,20],"damage_taken":[{"damage":6,"enemies":"Small Slimes","floor":2,"turns":3},{"damage":0,"enemies":"Cultist","floor":3,"turns":4},{"damage":1,"enemies":"Jaw Worm","floor":5,"turns":5},{"damage":23,"enemies":"Lagavulin","floor":9,"turns":6},{"damage":14,"enemies":"3 Sentries","floor":11,"turns":6},{"damage":5,"enemies":"Blue Slaver","floor":12,"turns":5},{"damage":14,"enemies":"3 Louse","floor":14,"turns":3},{"damage":4,"enemies":"2 Fungi Beasts","floor":15,"turns":3},{"damage":4,"enemies":"WA_ARCHETYPE_RETAIN","floor":16,"turns":7},{"damage":16,"enemies":"Chosen","floor":19,"turns":5},{"damage":14,"enemies":"Spheric Guardian","floor":20,"turns":4},{"damage":1,"enemies":"downfall:FleeingMerchant","floor":21,"turns":4},{"damage":27,"enemies":"3 Cultists","floor":25,"turns":5},{"damage":53,"enemies":"Shelled Parasite and Fungi","floor":26,"turns":5}],"seed_played":"457833067861467683","potions_obtained":[{"floor":2,"key":"DuplicationPotion"},{"floor":3,"key":"sneckomod:MuddlingPotion"},{"floor":11,"key":"SkillPotion"},{"floor":12,"key":"Energy Potion"},{"floor":16,"key":"LiquidMemories"},{"floor":19,"key":"Fire Potion"},{"floor":20,"key":"Energy Potion"}],"is_trial":false,"path_per_floor":["R","M","M","?","M","R","T","R","E","R","E","M","R","M","M","B",null,"R","M","M","$","?","R","T","M","M"],"character_chosen":"THE_SNECKO","items_purchased":["sneckomod:QuickBite","sneckomod:UnknownBlock"],"campfire_rested":2,"item_purchase_floors":[21,21],"current_hp_per_floor":[90,84,84,84,83,83,83,83,60,60,46,41,68,54,50,46,90,90,74,60,59,45,72,72,45,0,0,0],"gold":283,"neow_bonus":"ONE_RANDOM_RARE_CARD","is_daily":false,"chose_seed":false,"campfire_upgraded":3,"win_rate":0.0,"timestamp":1613735424,"path_taken":["R","M","M","?","M","R","T","R","E","R","E","M","R","?","M","BOSS","R","M","M","$","?","R","T","M","M"],"items_purchased_type":["Card","Card"],"build_version":"2020-12-22","purchased_purges":1,"victory":false,"max_hp_per_floor":[90,90,90,90,90,90,90,90,90,90,90,90,90,90,90,90,90,90,90,90,90,90,90,90,90,90,90,90],"card_choices":[{"not_picked":["sneckomod:UnknownCommonSkill","sneckomod:UnknownCommonAttack"],"picked":"sneckomod:QuickMove","floor":2},{"not_picked":["sneckomod:UnknownVulnerable","sneckomod:QuickBite"],"picked":"sneckomod:IronFang","floor":3},{"not_picked":["sneckomod:WideSting","sneckomod:Restock"],"picked":"sneckomod:ImprovisedAttack","floor":5},{"not_picked":["sneckomod:UnknownExhaust","sneckomod:UnknownCommonAttack"],"picked":"sneckomod:SoulDraw","floor":9},{"not_picked":["sneckomod:Cheat","sneckomod:DiceBlock"],"picked":"sneckomod:UnknownUncommonAttack","floor":11},{"not_picked":["sneckomod:RainOfDice","sneckomod:DefensiveFlair"],"picked":"sneckomod:UnknownVulnerable","floor":12},{"not_picked":["sneckomod:DiceBlock","sneckomod:UnendingSupply"],"picked":"sneckomod:IronFang","floor":14},{"not_picked":["sneckomod:DiceCrush","sneckomod:DefensiveFlair"],"picked":"sneckomod:SnakeSap","floor":15},{"not_picked":["sneckomod:DangerNoodle","sneckomod:UnknownRareAttack"],"picked":"sneckomod:MorePower","floor":16},{"not_picked":["sneckomod:Unknown3Cost+1","sneckomod:Unknown1Cost+1"],"picked":"sneckomod:UnknownBoss+1","floor":19},{"not_picked":["sneckomod:WideSting","sneckomod:SoulDraw"],"picked":"sneckomod:IronFang","floor":19},{"not_picked":["sneckomod:UnknownStrike+1","sneckomod:Unknown1Cost+1"],"picked":"sneckomod:UnknownRareSkill+1","floor":20},{"not_picked":["sneckomod:QuickMove+1","sneckomod:SoulRoll+1"],"picked":"sneckomod:UnknownExhaust","floor":20},{"not_picked":["sneckomod:UnknownRareAttack+1","sneckomod:Unknown1Cost+1"],"picked":"sneckomod:Unknown3Cost+1","floor":21},{"not_picked":["sneckomod:UnknownCommonSkill","sneckomod:DiceBlock"],"picked":"sneckomod:UnknownStrike","floor":21},{"not_picked":["sneckomod:ImprovisedAttack+1","sneckomod:Unknown0Cost+1","sneckomod:UnknownCommonAttack+1"],"picked":"SKIP","floor":25}],"player_experience":1252504,"relics_obtained":[{"floor":7,"key":"Shuriken"},{"floor":9,"key":"War Paint"},{"floor":11,"key":"Pen Nib"},{"floor":24,"key":"Molten Egg 2"}],"event_choices":[],"is_beta":false,"boss_relics":[{"not_picked":["Philosopher\u0027s Stone","Snecko Eye"],"picked":"sneckomod:SuperSneckoSoul"}],"items_purged_floors":[21],"is_endless":false,"potions_floor_spawned":[2,3,11,12,16,19,20],"killed_by":"Shelled Parasite and Fungi","ascension_level":0}}