{"host":"ifvrsrzj00f2ebkn","time":1613707720,"event":{"mods":["BaseMod","Colored Map","Colored Powertips","Minty Spire (QoL Compilation)","Random Character Button","Shop Mod","StSLib"],"gold_per_floor":[113,113,213,229,131,157,157,186,259,293,75,75,75,94,94,195,195,206,206,56,86,185,185,185,196,196,196,226,226,326,338,338,436,436,450,505,505,189,220,220,220,220,220,70,70,96,96,116,116,116],"floor_reached":51,"language":"ENG","playtime":2972,"items_purged":["Ball Lightning","Redo","Redo","Defragment"],"score":1019,"play_id":"b08c8940-326e-4243-88a2-aaeb11dbf294","local_time":"20210219120840","daily_mods":["SealedDeck","Blue Cards","Heirloom","Time Dilation","Flight","DeadlyEvents","Elite Swarm"],"is_ascension_mode":true,"campfire_choices":[{"floor":7,"key":"REST"},{"floor":12,"key":"REST"},{"floor":13,"key":"REST"},{"floor":15,"key":"REST"},{"floor":23,"key":"REST"},{"floor":24,"key":"REST"},{"floor":27,"key":"REST"},{"floor":29,"key":"REST"},{"floor":32,"key":"REST"},{"floor":40,"key":"REST"},{"floor":41,"key":"REST"},{"data":"Hyperbeam","floor":42,"key":"SMITH"},{"data":"Apotheosis","floor":45,"key":"SMITH"},{"data":"Hyperbeam","floor":47,"key":"SMITH"},{"data":"Reinforced Body","floor":49,"key":"SMITH"}],"circlet_count":0,"master_deck":["Turbo","Undo","Conserve Battery","Conserve Battery","Steam","Steam","Leap","Steam","Conserve Battery","Hyperbeam+1","Hyperbeam+1","Reinforced Body+1","Conserve Battery","Self Repair+1","Conserve Battery+1","Conserve Battery+1","Hyperbeam","Apotheosis+1"],"relics":["Cracked Core","Unceasing Top","DataDisk","Question Card","Pear","Lantern","Velvet Choker","Nloth\u0027s Gift","Dead Branch","Symbiotic Virus","Pantograph","Torii","Bottled Lightning","Nuclear Battery","Calipers","CeramicFish","Nunchaku","Happy Flower"],"acts_visited":["Exordium","TheCity","TheBeyond"],"potions_floor_usage":[10,16,16,33,36,50,50,50],"damage_taken":[{"damage":0,"enemies":"Cultist","floor":1,"turns":4},{"damage":5,"enemies":"Small Slimes","floor":4,"turns":4},{"damage":30,"enemies":"3 Sentries","floor":6,"turns":8},{"damage":35,"enemies":"Gremlin Nob","floor":8,"turns":5},{"damage":16,"enemies":"3 Sentries","floor":10,"turns":4},{"damage":0,"enemies":"2 Louse","floor":14,"turns":3},{"damage":35,"enemies":"Slime Boss","floor":16,"turns":5},{"damage":0,"enemies":"Shell Parasite","floor":18,"turns":5},{"damage":62,"enemies":"Book of Stabbing","floor":21,"turns":10},{"damage":6,"enemies":"3 Byrds","floor":25,"turns":4},{"damage":28,"enemies":"Gremlin Leader","floor":28,"turns":10},{"damage":7,"enemies":"Colosseum Slavers","floor":30,"turns":6},{"damage":14,"enemies":"Colosseum Nobs","floor":30,"turns":4},{"damage":1,"enemies":"Centurion and Healer","floor":31,"turns":4},{"damage":68,"enemies":"Collector","floor":33,"turns":12},{"damage":0,"enemies":"Orb Walker","floor":35,"turns":4},{"damage":33,"enemies":"2 Orb Walkers","floor":36,"turns":4},{"damage":25,"enemies":"Nemesis","floor":39,"turns":11},{"damage":0,"enemies":"Reptomancer","floor":46,"turns":5},{"damage":0,"enemies":"3 Shapes","floor":48,"turns":1},{"damage":63,"enemies":"Donu and Deca","floor":50,"turns":11}],"seed_played":"2115872305624225096","potions_obtained":[{"floor":8,"key":"Explosive Potion"},{"floor":10,"key":"AttackPotion"},{"floor":14,"key":"Ancient Potion"},{"floor":16,"key":"LiquidMemories"},{"floor":21,"key":"DuplicationPotion"},{"floor":25,"key":"BlessingOfTheForge"},{"floor":39,"key":"Explosive Potion"},{"floor":48,"key":"Energy Potion"}],"is_trial":true,"path_per_floor":["M","?","?","M","$","E","R","E","T","E","$","R","R","M","R","B",null,"M","?","$","E","?","R","R","M","T","R","E","R","?","M","R","B",null,"M","?","?","$","E","R","R","R","T","$","R","E","R","M","R","B",null],"character_chosen":"DEFECT","items_purchased":["Conserve Battery","Ball Lightning","Lantern","Conserve Battery","Apotheosis"],"campfire_rested":11,"item_purchase_floors":[5,5,11,20,38],"current_hp_per_floor":[68,68,68,63,63,33,55,20,20,14,14,39,64,64,85,50,76,76,76,76,14,14,39,64,58,58,83,55,80,59,58,83,27,71,81,58,58,58,43,68,85,85,85,85,85,85,85,85,85,32],"gold":116,"neow_bonus":"","is_daily":false,"chose_seed":false,"campfire_upgraded":4,"win_rate":0.0,"timestamp":1613707720,"path_taken":["M","?","?","?","?","E","R","E","T","?","$","R","R","?","R","BOSS","M","?","$","?","?","R","R","?","T","R","?","R","?","?","R","BOSS","M","?","?","$","?","R","R","R","T","$","R","?","R","?","R","BOSS"],"items_purchased_type":["Card","Card","Relic","Card","Card"],"build_version":"2020-12-22","purchased_purges":4,"victory":true,"max_hp_per_floor":[75,75,75,75,75,75,75,75,75,85,85,85,85,85,85,85,85,85,85,85,85,85,85,85,85,85,85,85,85,85,85,85,85,85,85,85,85,85,85,85,85,85,85,85,85,85,85,85,85,85],"card_choices":[{"not_picked":["Force Field","Capacitor"],"picked":"Steam","floor":1},{"not_picked":["Hologram","Go for the Eyes","Darkness"],"picked":"SKIP","floor":4},{"not_picked":["Rainbow","Echo Form"],"picked":"Hyperbeam","floor":6},{"not_picked":["Fission","Rainbow","Buffer"],"picked":"SKIP","floor":8},{"not_picked":["Machine Learning","All For One","Meteor Strike"],"picked":"Hyperbeam","floor":10},{"not_picked":["White Noise","Cold Snap","Barrage","Sweeping Beam"],"picked":"SKIP","floor":14},{"not_picked":["Rip and Tear","Ball Lightning+1","Darkness"],"picked":"Reinforced Body","floor":18},{"not_picked":["Reboot","Electrodynamics","Biased Cognition","Machine Learning"],"picked":"SKIP","floor":21},{"not_picked":["Hologram","Barrage","Scrape+1","Core Surge"],"picked":"SKIP","floor":25},{"not_picked":["Rainbow","Seek","Biased Cognition","Machine Learning"],"picked":"SKIP","floor":28},{"not_picked":["Stack","Melter","Genetic Algorithm"],"picked":"Self Repair+1","floor":30},{"not_picked":["Sweeping Beam","Tempest+1","Hello World","Chill"],"picked":"SKIP","floor":31},{"not_picked":["Gash","Defragment+1","Auto Shields+1"],"picked":"Conserve Battery+1","floor":35},{"not_picked":["Coolheaded","BootSequence+1","Gash"],"picked":"Conserve Battery+1","floor":36},{"not_picked":["Reboot","All For One","Meteor Strike","Multi-Cast"],"picked":"SKIP","floor":39},{"not_picked":["Machine Learning","Biased Cognition","Seek","All For One"],"picked":"SKIP","floor":46},{"not_picked":["White Noise","Go for the Eyes+1","Coolheaded+1","Streamline"],"picked":"SKIP","floor":48}],"player_experience":128784,"relics_obtained":[{"floor":6,"key":"Ancient Tea Set"},{"floor":8,"key":"DataDisk"},{"floor":9,"key":"Question Card"},{"floor":10,"key":"Pear"},{"floor":21,"key":"Dead Branch"},{"floor":26,"key":"Symbiotic Virus"},{"floor":28,"key":"Pantograph"},{"floor":30,"key":"Torii"},{"floor":30,"key":"Bottled Lightning"},{"floor":36,"key":"Calipers"},{"floor":39,"key":"CeramicFish"},{"floor":43,"key":"Nunchaku"},{"floor":46,"key":"Happy Flower"}],"event_choices":[{"damage_healed":0,"gold_gain":0,"player_choice":"Leave","damage_taken":0,"max_hp_gain":0,"max_hp_loss":0,"event_name":"The Cleric","floor":2,"gold_loss":0},{"damage_healed":0,"gold_gain":100,"player_choice":"Gold","damage_taken":0,"max_hp_gain":0,"max_hp_loss":0,"event_name":"Wheel of Change","floor":3,"gold_loss":0},{"damage_healed":0,"gold_gain":0,"player_choice":"Traded Relic","damage_taken":0,"relics_obtained":["Nloth\u0027s Gift"],"max_hp_gain":0,"max_hp_loss":0,"event_name":"N\u0027loth","floor":19,"relics_lost":["Ancient Tea Set"],"gold_loss":0},{"damage_healed":0,"gold_gain":99,"player_choice":"Stole From Cult","damage_taken":0,"max_hp_gain":0,"max_hp_loss":0,"event_name":"Nest","floor":22,"gold_loss":0},{"damage_healed":0,"gold_gain":0,"player_choice":"Fight","damage_taken":0,"max_hp_gain":0,"max_hp_loss":0,"event_name":"Colosseum","floor":30,"gold_loss":0},{"damage_healed":0,"gold_gain":0,"player_choice":"Fought Nobs","damage_taken":0,"max_hp_gain":0,"max_hp_loss":0,"event_name":"Colosseum","floor":30,"gold_loss":0},{"damage_healed":0,"gold_gain":0,"player_choice":"Fight","damage_taken":0,"max_hp_gain":0,"max_hp_loss":0,"event_name":"Mysterious Sphere","floor":36,"gold_loss":0},{"damage_healed":0,"gold_gain":0,"player_choice":"Copied","damage_taken":0,"max_hp_gain":0,"max_hp_loss":0,"event_name":"Duplicator","floor":37,"gold_loss":0,"cards_obtained":["Hyperbeam"]}],"is_beta":false,"boss_relics":[{"not_picked":["Snecko Eye","Coffee Dripper"],"picked":"Velvet Choker"},{"not_picked":["Runic Dome","FrozenCore"],"picked":"Nuclear Battery"}],"items_purged_floors":[11,20,38,44],"is_endless":false,"potions_floor_spawned":[8,10,14,16,21,25,31,39,48],"ascension_level":6}}