{"host":"2ty4h143nj8vwezc","time":1613717764,"event":{"mods":["BaseMod","Colored Map","Googly Eyes","Highlight Path","Minty Spire (QoL Compilation)","Quick Restart","StSLib"],"gold_per_floor":[116,127,127,144,25,25,58,58,83,100,100,119,146,6,6,78,78,93,93,18,34,34,34,34,63,86,98,126,156,168,168],"floor_reached":30,"language":"ENG","playtime":1456,"items_purged":[],"score":439,"play_id":"928acd35-1545-46f2-a5cf-920169a1125b","local_time":"20210219015604","is_ascension_mode":true,"campfire_choices":[{"data":"Rainbow","floor":6.0,"key":"SMITH"},{"floor":8,"key":"REST"},{"floor":11,"key":"REST"},{"data":"Echo Form","floor":15,"key":"SMITH"},{"floor":24,"key":"REST"},{"floor":27,"key":"REST"}],"circlet_count":0,"master_deck":["AscendersBane","Strike_B","Strike_B","Strike_B","Strike_B","Defend_B","Defend_B","Defend_B","Defend_B","Zap","Dualcast","Flash of Steel","Turbo","BootSequence","Rainbow+1","Cold Snap","Electrodynamics","Capacitor","Capacitor","Cold Snap","Echo Form+1","Rainbow","Necronomicurse","Chaos","Hologram","Shame","Streamline","Streamline"],"relics":["Cracked Core","GremlinMask","Bag of Preparation","DataDisk","Bag of Marbles","Inserter","Necronomicon","Blood Vial","Bottled Tornado","MawBank"],"acts_visited":["Exordium","TheCity"],"potions_floor_usage":[7,16,30,30],"damage_taken":[{"damage":6.0,"enemies":"2 Louse","floor":1.0,"turns":2.0},{"damage":1.0,"enemies":"Cultist","floor":2.0,"turns":3.0},{"damage":8.0,"enemies":"Jaw Worm","floor":4.0,"turns":4.0},{"damage":37,"enemies":"Gremlin Nob","floor":7,"turns":5},{"damage":2,"enemies":"Blue Slaver","floor":10,"turns":3},{"damage":0,"enemies":"Exordium Wildlife","floor":12,"turns":3},{"damage":19,"enemies":"3 Sentries","floor":13,"turns":4},{"damage":6,"enemies":"The Guardian","floor":16,"turns":8},{"damage":10,"enemies":"Shell Parasite","floor":18,"turns":5},{"damage":13,"enemies":"Chosen","floor":21,"turns":6},{"damage":33,"enemies":"Book of Stabbing","floor":25,"turns":6},{"damage":28,"enemies":"3 Cultists","floor":28,"turns":5},{"damage":7,"enemies":"Cultist and Chosen","floor":29,"turns":5},{"damage":4,"enemies":"Shelled Parasite and Fungi","floor":30,"turns":2}],"seed_played":"-8221443060131850279","potions_obtained":[{"floor":1.0,"key":"Swift Potion"},{"floor":2.0,"key":"LiquidMemories"},{"floor":12,"key":"SteroidPotion"},{"floor":29,"key":"AttackPotion"}],"is_trial":false,"path_per_floor":["M","M","?","M","$","R","E","R","T","M","R","M","E","$","R","B",null,"M","?","$","M","?","?","R","E","T","R","M","M","M"],"character_chosen":"DEFECT","items_purchased":["Rainbow","Cold Snap","Echo Form","Chaos"],"campfire_rested":4,"item_purchase_floors":[5,5,14,20],"current_hp_per_floor":[58,57,57,49,49,49,12,33,33,31,52,52,33,33,33,27,60,50,34,34,21,21,21,42,11,11,32,6,1,0,0],"gold":168,"neow_bonus":"RANDOM_COLORLESS","is_daily":false,"chose_seed":false,"campfire_upgraded":2,"win_rate":0.0,"timestamp":1613717764,"path_taken":["M","M","?","?","$","R","E","R","T","M","R","M","E","$","R","BOSS","M","?","$","M","?","?","R","E","T","R","M","M","?"],"items_purchased_type":["Card","Card","Card","Card"],"build_version":"2020-12-22","purchased_purges":0,"victory":false,"max_hp_per_floor":[71,71,71,71,71,71,71,71,71,71,71,71,71,71,71,71,71,71,71,71,71,71,71,71,71,71,71,71,71,71,71],"card_choices":[{"not_picked":["Impatience","Forethought"],"picked":"Flash of Steel","floor":0.0},{"not_picked":["Hello World","Aggregate","Gash"],"picked":"SKIP","floor":1.0},{"not_picked":["Sunder","Rebound"],"picked":"Turbo","floor":2.0},{"not_picked":["Compile Driver","Loop"],"picked":"BootSequence","floor":4.0},{"not_picked":["Glacier","Hologram"],"picked":"Electrodynamics","floor":7},{"not_picked":["Hologram","BootSequence"],"picked":"Capacitor","floor":10},{"not_picked":["Go for the Eyes","Steam"],"picked":"Capacitor","floor":12},{"not_picked":["Barrage","Rebound"],"picked":"Cold Snap","floor":13},{"not_picked":["Hyperbeam","Buffer"],"picked":"Rainbow","floor":16},{"not_picked":["Conserve Battery","Compile Driver","Redo"],"picked":"SKIP","floor":18},{"not_picked":["Ball Lightning","Cold Snap"],"picked":"Hologram","floor":21},{"not_picked":["Ball Lightning","Auto Shields+1"],"picked":"Streamline","floor":25},{"not_picked":["Machine Learning","Compile Driver","Hologram"],"picked":"SKIP","floor":28},{"not_picked":["Consume","Chaos"],"picked":"Streamline","floor":29}],"player_experience":448250,"relics_obtained":[{"floor":7,"key":"Bag of Preparation"},{"floor":9,"key":"DataDisk"},{"floor":13,"key":"Bag of Marbles"},{"floor":19,"key":"Necronomicon"},{"floor":25,"key":"Bottled Tornado"},{"floor":26,"key":"MawBank"}],"event_choices":[{"damage_healed":0.0,"max_hp_gain":0.0,"max_hp_loss":0.0,"gold_gain":0.0,"event_name":"FaceTrader","player_choice":"Trade","floor":3.0,"gold_loss":0.0,"damage_taken":0.0,"relics_obtained":["GremlinMask"]},{"damage_healed":0,"gold_gain":0,"player_choice":"Obtained Book","damage_taken":16,"max_hp_gain":0,"max_hp_loss":0,"event_name":"Cursed Tome","floor":19,"gold_loss":0},{"damage_healed":0,"gold_gain":0,"player_choice":"Stole Relic","damage_taken":0,"relics_obtained":["Blood Vial"],"max_hp_gain":0,"max_hp_loss":0,"event_name":"Addict","floor":22,"gold_loss":0,"cards_obtained":["Shame"]},{"damage_healed":0,"gold_gain":0,"player_choice":"Ignored","damage_taken":0,"max_hp_gain":0,"max_hp_loss":0,"event_name":"Ghosts","floor":23,"gold_loss":0}],"is_beta":false,"boss_relics":[{"not_picked":["Fusion Hammer","Philosopher\u0027s Stone"],"picked":"Inserter"}],"items_purged_floors":[],"is_endless":false,"potions_floor_spawned":[1,2,4,12,13,29],"killed_by":"Shelled Parasite and Fungi","ascension_level":14}}