{"host":"zxkjcgzis4pm3za5","time":1613707905,"event":{"mods":["2.2 Compatiblity","AchievementEnabler","BaseMod","Colored Map","Colored Powertips","Minty Spire (QoL Compilation)","Quick Restart","Random Character Button","Relic Filter Mod","Relic Sorter","Relic Stats","StSLib"],"gold_per_floor":[365,26,43,43,54,54,87,43,43,73,20,49,69,82,82,161,161,175,175,192,192,205,236,236,3,3,36,50,50,75,85,85,164,164,183,183,183,183,193,193,207,207,232,245,68,98,98,98,98],"floor_reached":48,"language":"ENG","playtime":2045,"items_purged":["Strike_R"],"score":1176,"play_id":"25f826d6-6a61-4779-b474-66f5b2c39277","local_time":"20210219094145","is_ascension_mode":true,"campfire_choices":[{"data":"Inflame","floor":6.0,"key":"SMITH"},{"data":"Metallicize","floor":15.0,"key":"SMITH"},{"data":"Barricade","floor":24.0,"key":"SMITH"},{"data":"1","floor":29.0,"key":"LIFT"},{"data":"2","floor":32.0,"key":"LIFT"},{"data":"3","floor":40.0,"key":"LIFT"},{"floor":42.0,"key":"REST"},{"floor":47.0,"key":"REST"}],"circlet_count":0,"master_deck":["AscendersBane","Strike_R+1","Strike_R+1","Defend_R","Defend_R","Defend_R","Defend_R","Bash","Hemokinesis","Shrug It Off","Inflame+1","Rage","Burning Pact","Iron Wave","Sword Boomerang","Metallicize+1","Barricade+1","Entrench","Armaments","Shrug It Off","Shrug It Off","Offering","Pommel Strike","Whirlwind+1","Thinking Ahead","Madness","True Grit","Shockwave","Clothesline","Limit Break"],"relics":["Burning Blood","TungstenRod","Ice Cream","Incense Burner","Thread and Needle","Whetstone","Busted Crown","Boot","Chemical X","Girya","Shovel","Prayer Wheel","Empty Cage","Question Card"],"acts_visited":["Exordium","TheCity","TheBeyond"],"potions_floor_usage":[48,48],"damage_taken":[{"damage":11.0,"enemies":"Small Slimes","floor":1.0,"turns":5.0},{"damage":1.0,"enemies":"2 Louse","floor":3.0,"turns":3.0},{"damage":1.0,"enemies":"Cultist","floor":5.0,"turns":2.0},{"damage":10.0,"enemies":"3 Sentries","floor":7.0,"turns":4.0},{"damage":31.0,"enemies":"Gremlin Nob","floor":10.0,"turns":4.0},{"damage":13.0,"enemies":"3 Sentries","floor":12.0,"turns":9.0},{"damage":1.0,"enemies":"Large Slime","floor":13.0,"turns":6.0},{"damage":7.0,"enemies":"Exordium Thugs","floor":14.0,"turns":4.0},{"damage":18.0,"enemies":"The Guardian","floor":16.0,"turns":13.0},{"damage":8.0,"enemies":"Shell Parasite","floor":18.0,"turns":5.0},{"damage":1.0,"enemies":"3 Byrds","floor":20.0,"turns":5.0},{"damage":1.0,"enemies":"Snecko","floor":22.0,"turns":8.0},{"damage":32.0,"enemies":"Book of Stabbing","floor":23.0,"turns":4.0},{"damage":13.0,"enemies":"Gremlin Leader","floor":27.0,"turns":6.0},{"damage":3.0,"enemies":"Snake Plant","floor":28.0,"turns":6.0},{"damage":11.0,"enemies":"Slavers","floor":30.0,"turns":5.0},{"damage":0.0,"enemies":"3 Cultists","floor":31.0,"turns":4.0},{"damage":0.0,"enemies":"Automaton","floor":33.0,"turns":18.0},{"damage":0.0,"enemies":"Orb Walker","floor":35.0,"turns":2.0},{"damage":11.0,"enemies":"3 Darklings","floor":39.0,"turns":4.0},{"damage":37.0,"enemies":"Writhing Mass","floor":41.0,"turns":5.0},{"damage":12.0,"enemies":"Transient","floor":44.0,"turns":6.0},{"damage":29.0,"enemies":"Nemesis","floor":46.0,"turns":9.0},{"damage":53,"enemies":"Reptomancer","floor":48,"turns":2}],"seed_played":"774255800293607190","potions_obtained":[{"floor":1.0,"key":"AttackPotion"},{"floor":7.0,"key":"EssenceOfSteel"},{"floor":14.0,"key":"Block Potion"},{"floor":16.0,"key":"LiquidMemories"},{"floor":18.0,"key":"DistilledChaos"},{"floor":23.0,"key":"Swift Potion"},{"floor":31.0,"key":"Dexterity Potion"},{"floor":33.0,"key":"BlessingOfTheForge"},{"floor":35.0,"key":"Fire Potion"},{"floor":44.0,"key":"SkillPotion"}],"is_trial":false,"path_per_floor":["M","$","M","?","M","R","E","$","T","E","$","E","M","M","R","B",null,"M","?","M","?","M","E","R","$","T","E","M","R","E","M","R","B",null,"M","?","?","?","M","R","M","R","T","M","$","E","R","E"],"character_chosen":"IRONCLAD","items_purchased":["TungstenRod","Burning Pact","Energy Potion","Chemical X","Limit Break"],"campfire_rested":2,"item_purchase_floors":[2,8,11,25,45],"current_hp_per_floor":[63,63,68,73,73,73,69,69,69,44,44,37,42,41,41,29,62,60,60,65,65,70,44,44,44,44,37,40,40,35,41,41,47,67,73,73,73,64,59,59,28,49,49,43,43,20,41,0,0],"gold":98,"neow_bonus":"TWO_FIFTY_GOLD","is_daily":false,"chose_seed":false,"campfire_upgraded":3,"win_rate":0.0,"timestamp":1613707905,"path_taken":["M","$","M","?","M","R","E","$","T","E","$","E","M","M","R","BOSS","BOSS","M","?","?","?","M","E","R","?","T","E","?","R","E","M","R","BOSS","M","?","?","?","M","R","M","R","T","M","?","E","R","E"],"items_purchased_type":["Relic","Card","Potion","Relic","Card"],"build_version":"2020-12-22","purchased_purges":1,"victory":false,"max_hp_per_floor":[68,68,68,73,73,73,73,73,73,73,73,73,73,73,73,73,73,73,73,73,73,73,73,73,73,73,73,73,73,73,73,73,73,73,73,73,73,73,73,73,73,73,73,73,73,73,73,73,73],"relic_stats":{"Busted Crown":44,"Shovel":0,"counters":[24,139],"Prayer Wheel":5,"Whetstone":["Strike_R","Strike_R"],"Chemical X":[18],"Boot":[68],"Question Card":0,"obtain_stats":[{"Ice Cream":7,"Girya":26,"Thread and Needle":10,"Incense Burner":9,"Whetstone":12,"Boot":23,"Empty Cage":34,"Question Card":46,"Burning Blood":0,"Busted Crown":17,"Shovel":27,"Prayer Wheel":30,"Chemical X":25,"TungstenRod":2},{"Ice Cream":4,"Girya":13,"Thread and Needle":5,"Incense Burner":4,"Whetstone":6,"Boot":13,"Empty Cage":18,"Question Card":23,"Burning Blood":0,"Busted Crown":9,"Shovel":14,"Prayer Wheel":16,"Chemical X":13,"TungstenRod":1},{"Ice Cream":14,"Girya":72,"Thread and Needle":18,"Incense Burner":14,"Whetstone":27,"Boot":72,"Empty Cage":111,"Question Card":137,"Burning Blood":0,"Busted Crown":50,"Shovel":78,"Prayer Wheel":89,"Chemical X":72,"TungstenRod":5}],"Burning Blood":133,"TungstenRod":72},"card_choices":[{"not_picked":["Pummel","Thunderclap"],"picked":"Hemokinesis","floor":1.0},{"not_picked":["Pommel Strike","Sentinel"],"picked":"Shrug It Off","floor":3.0},{"not_picked":["Clothesline","Shrug It Off"],"picked":"Inflame","floor":5.0},{"not_picked":["Perfected Strike","Hemokinesis"],"picked":"Rage","floor":7.0},{"not_picked":["Dark Embrace","Power Through"],"picked":"Iron Wave","floor":10.0},{"not_picked":["Wild Strike","Infernal Blade"],"picked":"Sword Boomerang","floor":12.0},{"not_picked":["Bloodletting","Wild Strike"],"picked":"Whirlwind","floor":13.0},{"not_picked":["Heavy Blade","Evolve"],"picked":"Metallicize","floor":14.0},{"not_picked":["Demon Form","Impervious"],"picked":"Barricade","floor":16.0},{"not_picked":["Sword Boomerang"],"picked":"SKIP","floor":18.0},{"not_picked":["Infernal Blade"],"picked":"SKIP","floor":20.0},{"not_picked":["Whirlwind"],"picked":"SKIP","floor":22.0},{"not_picked":[],"picked":"Armaments","floor":23.0},{"not_picked":[],"picked":"Shrug It Off","floor":27.0},{"not_picked":["Dropkick+1"],"picked":"SKIP","floor":28.0},{"not_picked":["Dropkick+1"],"picked":"SKIP","floor":28.0},{"not_picked":["Sever Soul"],"picked":"SKIP","floor":30.0},{"not_picked":[],"picked":"Shrug It Off","floor":31.0},{"not_picked":["Inflame"],"picked":"SKIP","floor":31.0},{"not_picked":[],"picked":"Offering","floor":33.0},{"not_picked":[],"picked":"Pommel Strike","floor":35.0},{"not_picked":[],"picked":"Whirlwind+1","floor":35.0},{"not_picked":[],"picked":"Thinking Ahead","floor":38.0},{"not_picked":[],"picked":"Madness","floor":38.0},{"not_picked":[],"picked":"True Grit","floor":39.0},{"not_picked":["Headbutt"],"picked":"SKIP","floor":39.0},{"not_picked":["Sword Boomerang"],"picked":"SKIP","floor":41.0},{"not_picked":["Twin Strike+1"],"picked":"SKIP","floor":41.0},{"not_picked":[],"picked":"Shockwave","floor":44.0},{"not_picked":[],"picked":"Clothesline","floor":44.0},{"not_picked":["Bludgeon"],"picked":"SKIP","floor":46.0}],"player_experience":396535,"relics_obtained":[{"floor":7.0,"key":"Ice Cream"},{"floor":9.0,"key":"Incense Burner"},{"floor":10.0,"key":"Thread and Needle"},{"floor":12.0,"key":"Whetstone"},{"floor":23.0,"key":"Boot"},{"floor":26.0,"key":"Girya"},{"floor":27.0,"key":"Shovel"},{"floor":30.0,"key":"Prayer Wheel"},{"floor":46.0,"key":"Question Card"}],"event_choices":[{"damage_healed":0.0,"max_hp_gain":5.0,"max_hp_loss":0.0,"gold_gain":0.0,"event_name":"Big Fish","player_choice":"Donut","floor":4.0,"gold_loss":0.0,"damage_taken":0.0},{"damage_healed":0.0,"max_hp_gain":0.0,"max_hp_loss":0.0,"gold_gain":0.0,"event_name":"N\u0027loth","player_choice":"Ignored","floor":19.0,"gold_loss":0.0,"damage_taken":0.0},{"damage_healed":0.0,"max_hp_gain":0.0,"max_hp_loss":0.0,"gold_gain":0.0,"event_name":"The Library","player_choice":"Read","floor":21.0,"gold_loss":0.0,"damage_taken":0.0,"cards_obtained":["Entrench"]},{"damage_healed":0.0,"max_hp_gain":0.0,"max_hp_loss":0.0,"gold_gain":0.0,"event_name":"Tomb of Lord Red Mask","player_choice":"Ignored","floor":36.0,"gold_loss":0.0,"damage_taken":0.0},{"cards_removed":["Whirlwind"],"damage_healed":0.0,"max_hp_gain":0.0,"max_hp_loss":0.0,"gold_gain":0.0,"event_name":"Falling","player_choice":"Removed Attack","floor":37.0,"gold_loss":0.0,"damage_taken":0.0},{"damage_healed":0.0,"max_hp_gain":0.0,"max_hp_loss":0.0,"gold_gain":0.0,"event_name":"SensoryStone","player_choice":"Memory 3","floor":38.0,"gold_loss":0.0,"damage_taken":10.0}],"is_beta":false,"boss_relics":[{"not_picked":["Runic Pyramid","SacredBark"],"picked":"Busted Crown"},{"not_picked":["Velvet Choker","Snecko Eye"],"picked":"Empty Cage"}],"items_purged_floors":[25],"is_endless":false,"potions_floor_spawned":[1,7,14,16,18,23,31,33,35,39,44],"killed_by":"Reptomancer","ascension_level":20}}