{"host":"xltl1aroowo69o4n","time":1613712406,"event":{"mods":["BaseMod","Colored Map","Colored Powertips","Downfall","Marisa????????","Minty Spire (QoL Compilation)","Replay The Spire","StSLib","The Cursed","The Hierophant","The Mystic","The Necromancer","The Servant 0.9.4"],"gold_per_floor":[196,207,223,223,6,25,25,41,56,82,95,95,114,129,146,146,146],"floor_reached":16,"language":"ENG","playtime":846,"items_purged":["Pain"],"score":113,"play_id":"16fa6518-de45-4649-ae9f-ffdfc9330036","local_time":"20210219002646","is_ascension_mode":true,"campfire_choices":[{"floor":12,"key":"REST"}],"circlet_count":0,"master_deck":["Strike_S","Strike_S","Strike_S","Strike_S","Defend_S","Defend_S","Defend_S","Defend_S","KidneyShot","Exchange","Moondial","Starlight","Replace","Comet+1","SurpressingFire","ShatteredReality","ShatteredReality","InstantArmor","Sabotage","Misdirection","Defy","SilverBlades","Moondial"],"relics":["Uniform","WarpedTongs","Letter Opener","Centennial Puzzle"],"acts_visited":["Exordium"],"potions_floor_usage":[16,16],"damage_taken":[{"damage":1,"enemies":"Jaw Worm","floor":2,"turns":5},{"damage":0,"enemies":"Cultist","floor":3,"turns":3},{"damage":6,"enemies":"downfall:FleeingMerchant","floor":5,"turns":4},{"damage":1,"enemies":"Small Slimes","floor":6,"turns":4},{"damage":0,"enemies":"3 Louse","floor":8,"turns":4},{"damage":2,"enemies":"2 Fungi Beasts","floor":9,"turns":3},{"damage":16,"enemies":"3 Sentries","floor":10,"turns":5},{"damage":0,"enemies":"Large Slime","floor":11,"turns":5},{"damage":1,"enemies":"3 Louse","floor":13,"turns":2},{"damage":6,"enemies":"2 Fungi Beasts","floor":14,"turns":3},{"damage":1,"enemies":"Blue Slaver","floor":15,"turns":2},{"damage":54,"enemies":"SI_SHIV_ARCHETYPE","floor":16,"turns":13}],"seed_played":"3524095255161623910","potions_obtained":[{"floor":0,"key":"Languid Potion"},{"floor":0,"key":"hexamod:SoulburnPotion"},{"floor":0,"key":"SmokeBomb"}],"is_trial":false,"path_per_floor":["R_BF","M","M","?","$","M","T","M","M","E","M","R","M","M","M","B"],"character_chosen":"THE_SERVANT","items_purchased":["Comet+1","SurpressingFire"],"campfire_rested":1,"item_purchase_floors":[5,5],"current_hp_per_floor":[65,64,64,64,58,57,57,57,55,39,39,58,57,51,50,0,0],"gold":146,"neow_bonus":"THREE_SMALL_POTIONS","is_daily":false,"chose_seed":false,"campfire_upgraded":0,"win_rate":0.0,"timestamp":1613712406,"path_taken":["R_BF","M","M","?","$","M","T","M","M","E","M","R","M","?","M","BOSS"],"items_purchased_type":["Card","Card"],"build_version":"2020-12-13","purchased_purges":1,"victory":false,"max_hp_per_floor":[65,65,65,65,65,65,65,65,65,65,65,65,65,65,65,65,65],"card_choices":[{"not_picked":["WasteNot","Comet"],"picked":"Moondial","floor":2},{"not_picked":["FastForward","Collapse"],"picked":"Starlight","floor":3},{"not_picked":["Collapse","Unruled"],"picked":"Replace","floor":5},{"not_picked":["Manipulate","Replace"],"picked":"ShatteredReality","floor":6},{"not_picked":["ShiftingGears","Manipulate"],"picked":"ShatteredReality","floor":8},{"not_picked":["ForgedInTime","Manipulate"],"picked":"InstantArmor","floor":9},{"not_picked":["FastForward","TimeTheft"],"picked":"Sabotage","floor":10},{"not_picked":["Revamp","FastForward"],"picked":"Misdirection","floor":11},{"not_picked":["DoubleEdge","Unruled"],"picked":"Defy","floor":13},{"not_picked":["Desolation","InstantArmor"],"picked":"SilverBlades","floor":14},{"not_picked":["Replace","Starlight"],"picked":"Moondial","floor":15}],"player_experience":227952,"relics_obtained":[{"floor":7,"key":"Letter Opener"},{"floor":10,"key":"Centennial Puzzle"}],"event_choices":[{"damage_healed":0,"gold_gain":0,"player_choice":"Rummage","damage_taken":0,"relics_obtained":["WarpedTongs"],"max_hp_gain":0,"max_hp_loss":0,"event_name":"Accursed Blacksmith","floor":4,"gold_loss":0,"cards_obtained":["Pain"]}],"is_beta":false,"boss_relics":[],"items_purged_floors":[5],"is_endless":false,"potions_floor_spawned":[2,6,8,10,15],"killed_by":"SI_SHIV_ARCHETYPE","ascension_level":1}}