{"host":"dr01x95rw3kaiuk5","time":1613744482,"event":{"mods":["ATMod(°¢èªMod)","Act Like it!","Arknights","BaseMod","Colored Powertips","Conspire","Energized Spire","Friendly Minions","Gensokyo","GifTheSpireLib","Minty Spire (QoL Compilation)","MostiFishMod","Reliquary","Remilia£¨ÀÙÃ×ÀòÑÇ£©","Replay The Spire","Shop Mod","Spicy Shops","StSLib","TestMod","UnlockEverythingMod","[IsaacMod]ÒÔÈö¼âËþ","¡¾ÒÅÎï¿¨ÅÆ¡¿REMEMod"],"gold_per_floor":[113,113,38,38,38,66,77,105,105,131,131,31,31,41,41,112,112,126,1,14,43,61,73,97,135,147,187,210,222,252,264,276,365,377,402,446,308,325,343,343,378,378,455,455,475,507,507,79,79,79,79,79,79,91,203,203],"floor_reached":57,"language":"ZHS","playtime":3476,"items_purged":["Strike_G","Strike_G","Strike_G","Strike_G","Defend_G","Defend_G"],"score":3426,"play_id":"bb1d68bc-dc14-431b-bf5e-a590c962e924","local_time":"20210219222122","is_ascension_mode":true,"campfire_choices":[{"data":"MostiFishMod:WinterMarkForm","floor":13.0,"key":"SMITH"},{"data":"MostiFishMod:WinterMarkForm","floor":15.0,"key":"SMITH"},{"data":"REME_WheelOfFate","floor":23.0,"key":"SMITH"},{"data":"AT_KingSlayer","floor":29,"key":"SMITH"},{"data":"conspire:DoublingDagger","floor":32,"key":"SMITH"},{"data":"Storm of Steel","floor":40,"key":"SMITH"},{"data":"Replay:Bag of Tricks","floor":42,"key":"SMITH"},{"data":"AT_FamilyPortrait","floor":44,"key":"SMITH"},{"floor":49,"key":"RECALL"},{"data":"Hidden Blade","floor":53,"key":"SMITH"}],"circlet_count":0,"master_deck":["AscendersBane","Strike_G+1","Defend_G","Defend_G","Defend_G","Survivor","Neutralize","MostiFishMod:FrostNova","MostiFishMod:WinterMarkForm+1","AT_FamilyPortrait+1","Blade Dance+1","MostiFishMod:WinterMarkForm+1","Hidden Blade+1","AT_Desolate","Cloak And Dagger","AT_KingSlayer+1","REME_WheelOfFate+1","conspire:DoublingDagger+1","Terror","Backflip+1","Finisher+1","Storm of Steel+1","Replay:Bag of Tricks+1","Well Laid Plans","Escape Plan+1","AT_KingSlayer+1","Decay","Accuracy","MostiFishMod:PerfectParry"],"relics":["Ring of the Snake","testmod-TestBox","HushsDoor","AT_ATBox","DaveBox","REME_ComplimentaryCards","FrostBlade","SatanicBible","testmod-Prudence","SynthV:TestCard","ReplayTheSpireMod:Ninjato","Gremlin Food","Replay:WaspNest","testmod-ArcanaOfDestiny","reliquary:ThirdArm","Pondfish Scales","MawBank","Matryoshka","AnarchistCookbook","Art of War","reliquary:SilkGlove","MutagenicStrength","SlaversCollar","AT_SunfireAegis","Replay:Rubber Ducky","reliquary:Sideboard","reliquary:RoseTintedGlasses","Replay:Bottled Snecko","Lantern","DollysMirror","ReplayTheSpireMod:CursedCoin","Happy Flower","AT_SpeedBoots"],"acts_visited":["Exordium","TheCity","TheBeyond","TheEnding"],"potions_floor_usage":[28,28,56],"damage_taken":[{"damage":1.0,"enemies":"Small Slimes","floor":1.0,"turns":3.0},{"damage":5.0,"enemies":"Gremlin Nob","floor":6.0,"turns":3.0},{"damage":0.0,"enemies":"Cultist","floor":7.0,"turns":2.0},{"damage":0.0,"enemies":"Lagavulin","floor":8.0,"turns":4.0},{"damage":10.0,"enemies":"3 Sentries","floor":10.0,"turns":2.0},{"damage":0.0,"enemies":"2 Louse","floor":14.0,"turns":1.0},{"damage":0.0,"enemies":"The Guardian","floor":16.0,"turns":2.0},{"damage":0.0,"enemies":"Spheric Guardian","floor":18.0,"turns":1.0},{"damage":0.0,"enemies":"Shell Parasite","floor":20.0,"turns":2.0},{"damage":4.0,"enemies":"Snake Plant","floor":22.0,"turns":2.0},{"damage":0.0,"enemies":"Cultist and Chosen","floor":24.0,"turns":5.0},{"damage":0.0,"enemies":"Gremlin Leader","floor":25.0,"turns":3.0},{"damage":0,"enemies":"Slavers","floor":27,"turns":2},{"damage":0,"enemies":"3 Cultists","floor":28,"turns":4},{"damage":0,"enemies":"Sentry and Sphere","floor":30,"turns":3},{"damage":0,"enemies":"Collector","floor":33,"turns":2},{"damage":4,"enemies":"3 Shapes","floor":35,"turns":4},{"damage":0,"enemies":"conspire:MimicChest","floor":36,"turns":2},{"damage":0,"enemies":"Orb Walker","floor":38,"turns":1},{"damage":0,"enemies":"Transient","floor":39,"turns":3},{"damage":0,"enemies":"3 Darklings","floor":41,"turns":1},{"damage":0,"enemies":"Spire Growth","floor":45,"turns":1},{"damage":0,"enemies":"Nemesis","floor":46,"turns":1},{"damage":0,"enemies":"conspire:OrnateMirror","floor":50,"turns":1},{"damage":0,"enemies":"Donu and Deca","floor":51,"turns":1},{"damage":0,"enemies":"Shield and Spear","floor":55,"turns":3},{"damage":0,"enemies":"The Heart","floor":56,"turns":3}],"seed_played":"-8961867312695129634","potions_obtained":[{"floor":1.0,"key":"AttackPotion"},{"floor":10.0,"key":"Death Potion"},{"floor":16.0,"key":"Swift Potion"},{"floor":22.0,"key":"LifebloodPotion"},{"floor":25.0,"key":"FearPotion"},{"floor":27,"key":"testmod-SpacePotion"},{"floor":28,"key":"CunningPotion"},{"floor":35,"key":"Dexterity Potion"},{"floor":36,"key":"AttackPotion"},{"floor":41,"key":"Fire Potion"},{"floor":46,"key":"AttackPotion"}],"is_trial":false,"path_per_floor":["M","?","$","?","?","E","M","E","T","E","?","$","R","M","R","B",null,"M","$","M","?","M","R","M","E","T","E","M","R","M","?","R","B",null,"M","?","$","M","M","R","M","R","T","R","M","E","?","$","R","B","B",null,"R","$","E","B",null],"character_chosen":"THE_SILENT","items_purchased":["REME_WheelOfFate","Lantern","DollysMirror","ReplayTheSpireMod:CursedCoin","Accuracy","MostiFishMod:PerfectParry"],"campfire_rested":0,"item_purchase_floors":[17,48,48,54,54,54],"current_hp_per_floor":[64,64,64,69,46,41,41,41,41,31,31,31,31,31,31,31,59,60,60,60,38,34,34,34,65,65,65,68,68,68,68,68,68,68,68,68,68,68,68,68,68,68,68,68,68,68,64,64,64,64,64,67,67,67,67,67],"gold":203,"neow_bonus":"TEN_PERCENT_HP_BONUS","is_daily":false,"chose_seed":false,"campfire_upgraded":9,"win_rate":0.0,"timestamp":1613744482,"path_taken":["M","?","?","?","?","E","M","E","T","E","?","?","R","?","R","BOSS","M","$","M","?","M","R","M","E","T","E","M","R","?","?","R","BOSS","M","?","$","?","M","R","M","R","T","R","M","E","?","$","R","BOSS","BOSS","R","$","E","BOSS"],"items_purchased_type":["Card","Relic","Relic","Relic","Card","Card"],"build_version":"2020-12-22","purchased_purges":6,"victory":true,"max_hp_per_floor":[72,72,72,77,77,77,77,77,77,77,77,77,77,77,77,77,68,68,68,68,68,68,68,68,68,68,68,68,68,68,68,68,68,68,68,68,68,68,68,68,68,68,68,68,68,68,68,68,68,68,68,68,68,68,68,68],"card_choices":[{"not_picked":["Heel Hook","Cloak And Dagger"],"picked":"Blade Dance","floor":1.0},{"not_picked":["Prepared","Atom Bomb","Deadly Poison","Dodge and Roll"],"picked":"Hidden Blade","floor":6.0},{"not_picked":["Deadly Poison","Calculated Gamble","Underhanded Strike","Sucker Punch","AT_KneejerkReflex"],"picked":"SKIP","floor":7.0},{"not_picked":["Sucker Punch","ReplayTheSpireMod:Scrap Shanks","Concentrate","Underhanded Strike"],"picked":"Bomb","floor":8.0},{"not_picked":["Poisoned Stab","Dagger Spray","Cloak And Dagger","Sucker Punch"],"picked":"AT_Desolate","floor":10.0},{"not_picked":["Sucker Punch","Slice","Dagger Spray","Backflip"],"picked":"Cloak And Dagger","floor":14.0},{"not_picked":["Die Die Die","Phantasmal Killer","MostiFishMod:SpreadingSpore","Doppelganger"],"picked":"AT_KingSlayer","floor":16.0},{"not_picked":["Reflex","Slice","Dagger Spray","ReplayTheSpireMod:Exploit Weakness","Concentrate"],"picked":"SKIP","floor":18.0},{"not_picked":["AT_WindRun","Underhanded Strike","Dagger Throw","Calculated Gamble"],"picked":"conspire:DoublingDagger","floor":20.0},{"not_picked":["Blade Dance","Hidden Blade","Acrobatics","Heel Hook","Slice"],"picked":"SKIP","floor":22.0},{"not_picked":["PiercingWail","Acrobatics","Sucker Punch","REME_SpectralBlade","ReplayTheSpireMod:Tripwire"],"picked":"SKIP","floor":24.0},{"not_picked":["Dodge and Roll","REME_GreenPollution","Infinite Blades","Dash","Skewer"],"picked":"SKIP","floor":25.0},{"not_picked":["Reflex","Slice","Blade Dance","Predator"],"picked":"Terror","floor":27},{"not_picked":["Finisher","Deadly Poison","Acrobatics","MostiFishMod:FrostNova"],"picked":"Backflip+1","floor":28},{"not_picked":["Dodge and Roll","Cloak And Dagger","Sneak Up+1","Eviscerate"],"picked":"Finisher+1","floor":30},{"not_picked":["Malaise","AT_MyraUnstableElement","REME_LeechingPoison","MostiFishMod:Wind"],"picked":"Storm of Steel","floor":33},{"not_picked":["Toxin Wave","Tactician","Blade Dance","AT_WindRun","Acrobatics+1"],"picked":"SKIP","floor":35},{"not_picked":["Acrobatics","Deflect+1","Backflip","Underhanded Strike"],"picked":"Replay:Bag of Tricks","floor":36},{"not_picked":["Dodge and Roll+1","AT_TwilightShroud+1","Outmaneuver","Blade Dance+1"],"picked":"Well Laid Plans","floor":38},{"not_picked":["Expertise+1","MostiFishMod:PerfectParry","Prepared","Hidden Blade+1","AT_TinkerSharpsword"],"picked":"SKIP","floor":39},{"not_picked":["MostiFishMod:PerfectParry","Poisoned Stab","Noxious Fumes","Acrobatics+1","PiercingWail"],"picked":"SKIP","floor":41},{"not_picked":["Grand Finale","Leg Sweep","Deflect","ReplayTheSpireMod:Exploit Weakness","Quick Slash"],"picked":"SKIP","floor":45},{"not_picked":["Outmaneuver+1","Hidden Blade","MostiFishMod:PreservedThorns","AT_KneejerkReflex+1"],"picked":"Escape Plan+1","floor":46},{"not_picked":["Glass Knife","Acrobatics","Dodge and Roll","Deadly Poison+1"],"picked":"Accuracy","floor":55}],"player_experience":219069,"relics_obtained":[{"floor":1.0,"key":"SynthV:TestCard"},{"floor":6.0,"key":"ReplayTheSpireMod:Ninjato"},{"floor":8.0,"key":"Gremlin Food"},{"floor":9.0,"key":"Replay:WaspNest"},{"floor":10.0,"key":"testmod-ArcanaOfDestiny"},{"floor":21.0,"key":"Pondfish Scales"},{"floor":25.0,"key":"Matryoshka"},{"floor":26.0,"key":"AnarchistCookbook"},{"floor":27,"key":"Art of War"},{"floor":36,"key":"AT_SunfireAegis"},{"floor":43,"key":"Replay:Rubber Ducky"},{"floor":43,"key":"reliquary:Sideboard"},{"floor":46,"key":"Replay:Bottled Snecko"},{"floor":55,"key":"Happy Flower"}],"event_choices":[{"damage_healed":0.0,"max_hp_gain":5.0,"max_hp_loss":0.0,"gold_gain":0.0,"event_name":"Big Fish","player_choice":"Donut","floor":4.0,"gold_loss":0.0,"damage_taken":0.0},{"damage_healed":0.0,"max_hp_gain":0.0,"max_hp_loss":0.0,"gold_gain":0.0,"event_name":"Shining Light","player_choice":"Entered Light","floor":5.0,"gold_loss":0.0,"damage_taken":23.0,"cards_upgraded":["Strike_G","Blade Dance"]},{"damage_healed":0,"gold_gain":0,"player_choice":"Inject Mutagens","damage_taken":0,"relics_obtained":["MutagenicStrength"],"max_hp_gain":0,"max_hp_loss":0,"event_name":"Drug Dealer","floor":31,"gold_loss":0},{"damage_healed":0,"gold_gain":0,"player_choice":"Leave","damage_taken":0,"max_hp_gain":0,"max_hp_loss":0,"event_name":"conspire:Investor","floor":47,"gold_loss":0}],"is_beta":false,"boss_relics":[{"not_picked":["FixedStarFall","testmod-Nine"],"picked":"reliquary:ThirdArm"},{"not_picked":[]},{"not_picked":["energizedSpire:StickyHand","testmod-SaigiyounoYou"],"picked":"SlaversCollar"},{"not_picked":[]}],"items_purged_floors":[3,12,17,19,37,48],"is_endless":false,"potions_floor_spawned":[1,10,14,16,22,25,27,28,35,36,41,46],"ascension_level":20}}