{"host":"pmmuxs046gii331m","time":1613761119,"event":{"mods":["AchievementEnabler","BaseMod","Colored Powertips","Downfall","Gold Saver","Infinite Spire","Minty Spire (QoL Compilation)","Permanent Neow","Quick Restart","StSLib"],"gold_per_floor":[692,672,682,702,444,444,475,475,475,650,682,682,715,676,676,779,779,794,794,794,804,804,804,829,839,839,839,856,856,856,469,469,571,571,585,602,76,93,107,107,136,152,177,177,202,216,216,216,216,216,216],"floor_reached":50,"language":"ENG","playtime":3864,"items_purged":["Strike_R","Strike_R","Strike_R"],"score":697,"play_id":"706c35a2-0345-4b71-96b5-6a69c501a587","local_time":"20210219135839","is_ascension_mode":true,"campfire_choices":[{"data":"Flame Barrier","floor":6.0,"key":"SMITH"},{"data":"Fire Breathing","floor":8.0,"key":"SMITH"},{"data":"True Grit","floor":12.0,"key":"SMITH"},{"data":"Body Slam","floor":15.0,"key":"SMITH"},{"data":"Immolate","floor":23.0,"key":"SMITH"},{"data":"Armaments","floor":29.0,"key":"SMITH"},{"data":"Wild Strike","floor":32.0,"key":"SMITH"},{"floor":40.0,"key":"RECALL"},{"data":"Evolve","floor":44.0,"key":"SMITH"},{"data":"Flex","floor":49.0,"key":"SMITH"}],"circlet_count":0,"master_deck":["Strike_R","Defend_R","Defend_R","Defend_R+1","Defend_R","Bash","Shockwave+1","Flex+1","Fire Breathing+1","Evolve+1","Flame Barrier+1","Doubt","True Grit+1","Body Slam+1","Immolate+1","Twin Strike","Writhe","Whirlwind","Wild Strike+1","infinitespire:OneForAll","Berserk+1","Flame Barrier+1","Juggernaut+1","Reckless Charge+1","Body Slam+1","Shrug It Off+1"],"relics":["Burning Blood","Art of War","Gambling Chip","Mercury Hourglass","infinitespire:ShieldingShard","Happy Flower","Sozu","Busted Crown","hexamod:BolsterEngine","Magic Flower","Prayer Wheel","Frozen Egg 2","Blood Vial","Omamori","Philosopher\u0027s Stone","Bottled Tornado","Lee\u0027s Waffle","War Paint","Ginger"],"acts_visited":["Exordium","TheCity","TheBeyond"],"potions_floor_usage":[],"damage_taken":[{"damage":14.0,"enemies":"Jaw Worm","floor":1.0,"turns":3.0},{"damage":0.0,"enemies":"Cultist","floor":3.0,"turns":3.0},{"damage":4.0,"enemies":"2 Louse","floor":4.0,"turns":3.0},{"damage":4.0,"enemies":"3 Sentries","floor":7.0,"turns":5.0},{"damage":25.0,"enemies":"Gremlin Nob","floor":11.0,"turns":4.0},{"damage":7.0,"enemies":"3 Sentries","floor":13.0,"turns":4.0},{"damage":32.0,"enemies":"The Guardian","floor":16.0,"turns":15.0},{"damage":17.0,"enemies":"2 Thieves","floor":18.0,"turns":3.0},{"damage":0.0,"enemies":"Chosen","floor":21.0,"turns":4.0},{"damage":9.0,"enemies":"Gremlin Leader","floor":24.0,"turns":5.0},{"damage":0.0,"enemies":"Centurion and Healer","floor":25.0,"turns":3.0},{"damage":7.0,"enemies":"Snake Plant","floor":28.0,"turns":4.0},{"damage":73.0,"enemies":"Automaton","floor":33.0,"turns":9.0},{"damage":0.0,"enemies":"Orb Walker","floor":35.0,"turns":2.0},{"damage":41.0,"enemies":"3 Darklings","floor":36.0,"turns":3.0},{"damage":0.0,"enemies":"4 Shapes","floor":38.0,"turns":2.0},{"damage":4.0,"enemies":"Spire Growth","floor":39.0,"turns":4.0},{"damage":14.0,"enemies":"Nemesis","floor":41.0,"turns":5.0},{"damage":0.0,"enemies":"3 Darklings","floor":42.0,"turns":4.0},{"damage":45.0,"enemies":"Giant Head","floor":45.0,"turns":8.0},{"damage":3.0,"enemies":"Writhing Mass","floor":46.0,"turns":4.0},{"damage":66,"enemies":"infinitespire:MassOfShapes","floor":50,"turns":6}],"seed_played":"-275332402059061315","potions_obtained":[{"floor":1.0,"key":"Energy Potion"},{"floor":2.0,"key":"CultistPotion"},{"floor":3.0,"key":"ColorlessPotion"},{"floor":11.0,"key":"Energy Potion"}],"is_trial":false,"path_per_floor":["M","?","M","M","$","R","E","R","T","?","E","R","E","?","R","B",null,"M","AVR","?","M","?","R","E","M","T","?","M","R","?","$","R","B",null,"M","M","$","M","M","R","E","M","T","R","E","M","?","?","R","B"],"character_chosen":"IRONCLAD","items_purchased":["Art of War","Flame Barrier","Blood Vial","Omamori","Bottled Tornado","Lee\u0027s Waffle"],"campfire_rested":0,"item_purchase_floors":[5,5,31,31,37,37],"current_hp_per_floor":[64,64,70,72,72,72,74,74,74,74,55,55,54,54,54,28,67,56,56,56,65,65,65,65,74,74,74,76,76,76,76,76,15,64,76,47,87,87,87,87,82,87,87,87,51,60,60,60,60,0,0],"gold":216,"neow_bonus":"TRANSFORM_CARD","is_daily":false,"chose_seed":false,"campfire_upgraded":9,"win_rate":0.0,"timestamp":1613761119,"path_taken":["M","?","M","M","?","R","E","R","T","?","E","R","E","?","R","BOSS","M","AVR","?","M","?","R","E","M","T","?","?","R","?","$","R","BOSS","M","M","$","M","M","R","E","M","T","R","E","?","?","?","R","BOSS"],"items_purchased_type":["Relic","Card","Relic","Relic","Relic","Relic"],"build_version":"2020-12-22","purchased_purges":3,"victory":false,"max_hp_per_floor":[80,80,80,80,80,80,80,80,80,80,80,80,80,80,80,80,80,80,80,80,80,80,80,80,80,80,80,80,80,80,80,80,80,80,80,80,87,87,87,87,87,87,87,87,87,87,87,87,87,87,87],"card_choices":[{"not_picked":["Sword Boomerang","Sentinel"],"picked":"Flex","floor":1.0},{"not_picked":["Twin Strike","Cleave"],"picked":"Fire Breathing","floor":3.0},{"not_picked":["Twin Strike","Sword Boomerang"],"picked":"Evolve","floor":4.0},{"not_picked":["Bloodletting","Warcry","Corruption"],"picked":"SKIP","floor":7.0},{"not_picked":["Bludgeon","Exhume"],"picked":"True Grit","floor":11.0},{"not_picked":["Pummel","Iron Wave"],"picked":"Body Slam","floor":13.0},{"not_picked":["Fiend Fire","Juggernaut"],"picked":"Immolate","floor":16.0},{"not_picked":["Havoc","Headbutt"],"picked":"Twin Strike","floor":18.0},{"not_picked":[],"picked":"Whirlwind","floor":21.0},{"not_picked":[],"picked":"Wild Strike","floor":24.0},{"not_picked":[],"picked":"infinitespire:OneForAll","floor":25.0},{"not_picked":["Pommel Strike"],"picked":"SKIP","floor":25.0},{"not_picked":["Pommel Strike"],"picked":"SKIP","floor":25.0},{"not_picked":[],"picked":"Berserk+1","floor":28.0},{"not_picked":["Cleave"],"picked":"SKIP","floor":28.0},{"not_picked":[],"picked":"Juggernaut+1","floor":33.0},{"not_picked":["Twin Strike+1"],"picked":"SKIP","floor":35.0},{"not_picked":["True Grit"],"picked":"SKIP","floor":35.0},{"not_picked":[],"picked":"Reckless Charge+1","floor":36.0},{"not_picked":["Warcry+1"],"picked":"SKIP","floor":36.0},{"not_picked":["Blood for Blood"],"picked":"SKIP","floor":38.0},{"not_picked":["Ghostly Armor"],"picked":"SKIP","floor":38.0},{"not_picked":["Pummel+1"],"picked":"SKIP","floor":39.0},{"not_picked":["Heavy Blade"],"picked":"SKIP","floor":39.0},{"not_picked":[],"picked":"Body Slam+1","floor":41.0},{"not_picked":[],"picked":"Shrug It Off+1","floor":42.0},{"not_picked":["Flex+1"],"picked":"SKIP","floor":42.0},{"not_picked":["Sword Boomerang"],"picked":"SKIP","floor":45.0},{"not_picked":["Burning Pact"],"picked":"SKIP","floor":46.0},{"not_picked":["Battle Trance+1"],"picked":"SKIP","floor":46.0}],"player_experience":571418,"relics_obtained":[{"floor":7.0,"key":"Gambling Chip"},{"floor":9.0,"key":"Mercury Hourglass"},{"floor":11.0,"key":"infinitespire:ShieldingShard"},{"floor":13.0,"key":"Happy Flower"},{"floor":24.0,"key":"Prayer Wheel"},{"floor":26.0,"key":"Frozen Egg 2"},{"floor":41.0,"key":"War Paint"},{"floor":45.0,"key":"Ginger"}],"event_choices":[{"damage_healed":0.0,"max_hp_gain":0.0,"max_hp_loss":0.0,"gold_gain":0.0,"event_name":"The Woman in Blue","player_choice":"Bought 1 Potion","floor":2.0,"gold_loss":0.0,"damage_taken":0.0},{"damage_healed":0.0,"max_hp_gain":0.0,"max_hp_loss":0.0,"gold_gain":175.0,"event_name":"Liars Game","player_choice":"AGREE","floor":10.0,"gold_loss":0.0,"damage_taken":0.0,"cards_obtained":["Doubt"]},{"damage_healed":0.0,"max_hp_gain":0.0,"max_hp_loss":0.0,"gold_gain":0.0,"event_name":"World of Goop","player_choice":"Left Gold","floor":14.0,"gold_loss":39.0,"damage_taken":0.0},{"damage_healed":0.0,"max_hp_gain":0.0,"max_hp_loss":0.0,"gold_gain":0.0,"event_name":"The Mausoleum","player_choice":"Opened","floor":20.0,"gold_loss":0.0,"damage_taken":0.0,"relics_obtained":["Magic Flower"],"cards_obtained":["Writhe"]},{"damage_healed":0.0,"max_hp_gain":0.0,"max_hp_loss":0.0,"gold_gain":0.0,"event_name":"The Library","player_choice":"Read","floor":27.0,"gold_loss":0.0,"damage_taken":0.0,"cards_obtained":["Armaments"]},{"damage_healed":0.0,"max_hp_gain":0.0,"max_hp_loss":0.0,"gold_gain":0.0,"event_name":"Duplicator","player_choice":"Copied","floor":30.0,"gold_loss":0.0,"damage_taken":0.0,"cards_obtained":["Flame Barrier"]},{"cards_removed":["Armaments"],"damage_healed":0.0,"max_hp_gain":0.0,"max_hp_loss":0.0,"gold_gain":0.0,"event_name":"Falling","player_choice":"Removed Skill","floor":47.0,"gold_loss":0.0,"damage_taken":0.0},{"damage_healed":0.0,"max_hp_gain":0.0,"max_hp_loss":0.0,"gold_gain":0.0,"event_name":"Lab","player_choice":"Got Potions","floor":48.0,"gold_loss":0.0,"damage_taken":0.0}],"is_beta":false,"boss_relics":[{"not_picked":["Fusion Hammer","Tiny House"],"picked":"Sozu"},{"not_picked":["Runic Pyramid","Runic Dome"],"picked":"Philosopher\u0027s Stone"}],"items_purged_floors":[5,31,37],"is_endless":false,"potions_floor_spawned":[1,3,11,28,36,41,42,46],"killed_by":"infinitespire:MassOfShapes","ascension_level":6}}