{"host":"rantoq7h0pygex6x","time":1613748558,"event":{"mods":["AchievementEnabler","BaseMod","BetterRewards","Minty Spire (QoL Compilation)","SuperFastMode"],"gold_per_floor":[117,117,117,117,142,142,107,107,107,132,165,181,5,30,30,120,120,134,154,24,43,43,43,68,81,81,81,81,81,81,94,94,94,94],"floor_reached":33,"language":"ENG","playtime":826,"items_purged":["Strike_R"],"score":519,"play_id":"aa27e3be-5e91-481c-b50e-57b073fd157a","local_time":"20210219232918","is_ascension_mode":true,"campfire_choices":[{"data":"Metallicize","floor":6.0,"key":"SMITH"},{"data":"Thunderclap","floor":8.0,"key":"SMITH"},{"data":"Infernal Blade","floor":15.0,"key":"SMITH"},{"data":"Inflame","floor":23.0,"key":"SMITH"},{"data":"Metallicize","floor":27.0,"key":"SMITH"},{"data":"Bite","floor":32,"key":"SMITH"}],"circlet_count":0,"master_deck":["AscendersBane","Defend_R","Defend_R","Defend_R","Bash","Metallicize+1","Clothesline+1","Thunderclap+1","Infernal Blade+1","Feed","Shrug It Off+1","Good Instincts+1","Offering+1","Shrug It Off+1","Body Slam","Inflame+1","Battle Trance+1","Cleave+1","Bite+1","Bite","Bite","Bite","Metallicize+1","Reaper","Decay"],"relics":["Burning Blood","Golden Idol","Bag of Preparation","Red Skull","Toxic Egg 2","Empty Cage","Happy Flower"],"acts_visited":["Exordium","TheCity"],"potions_floor_usage":[31,33,33],"damage_taken":[{"damage":5.0,"enemies":"2 Louse","floor":1.0,"turns":4.0},{"damage":4.0,"enemies":"Small Slimes","floor":5.0,"turns":4.0},{"damage":3.0,"enemies":"Jaw Worm","floor":10.0,"turns":4.0},{"damage":18.0,"enemies":"Gremlin Nob","floor":11.0,"turns":4.0},{"damage":14.0,"enemies":"3 Louse","floor":12.0,"turns":2.0},{"damage":0.0,"enemies":"Looter","floor":14.0,"turns":1.0},{"damage":23.0,"enemies":"Hexaghost","floor":16.0,"turns":9.0},{"damage":32.0,"enemies":"3 Byrds","floor":18.0,"turns":7.0},{"damage":6.0,"enemies":"Chosen","floor":19.0,"turns":3.0},{"damage":10.0,"enemies":"Snecko","floor":21.0,"turns":5.0},{"damage":31.0,"enemies":"Centurion and Healer","floor":24.0,"turns":8.0},{"damage":39.0,"enemies":"Shelled Parasite and Fungi","floor":25.0,"turns":7.0},{"damage":6,"enemies":"Snecko","floor":31,"turns":2},{"damage":81,"enemies":"Automaton","floor":33,"turns":10}],"seed_played":"7234996343446115197","potions_obtained":[{"floor":1.0,"key":"GamblersBrew"},{"floor":14.0,"key":"SkillPotion"},{"floor":16.0,"key":"BloodPotion"},{"floor":19.0,"key":"Ancient Potion"},{"floor":31,"key":"Explosive Potion"}],"is_trial":false,"path_per_floor":["M","?","?","?","M","R","?","R","T","M","E","M","$","M","R","B",null,"M","M","$","M","?","R","M","M","T","R","?","?","?","M","R","B"],"character_chosen":"IRONCLAD","items_purchased":["Metallicize","Good Instincts+1","Inflame","Battle Trance+1"],"campfire_rested":0,"item_purchase_floors":[0,13,20,20],"current_hp_per_floor":[69,43,32,32,34,34,52,52,52,55,43,38,38,44,44,27,65,42,45,45,44,44,44,35,20,20,20,20,20,20,24,24,0,0],"gold":94,"neow_bonus":"","is_daily":false,"chose_seed":false,"campfire_upgraded":6,"win_rate":0.0,"timestamp":1613748558,"path_taken":["M","?","?","?","M","R","?","R","T","?","E","M","$","M","R","BOSS","M","M","$","M","?","R","M","M","T","R","?","?","?","?","R","BOSS"],"items_purchased_type":["Card","Card","Card","Card"],"build_version":"2020-12-22","purchased_purges":1,"victory":false,"max_hp_per_floor":[75,75,75,75,75,75,75,75,75,75,75,78,78,78,78,78,78,81,84,84,87,60,60,60,60,60,60,60,60,60,60,60,60,60],"card_choices":[{"not_picked":["Heavy Blade","Warcry"],"picked":"Clothesline","floor":1.0},{"not_picked":["Dark Embrace","Havoc"],"picked":"Thunderclap","floor":5.0},{"not_picked":["Pommel Strike","Clash"],"picked":"Infernal Blade","floor":10.0},{"not_picked":["Iron Wave","Clothesline"],"picked":"Feed","floor":11.0},{"not_picked":["Clothesline","Battle Trance+1"],"picked":"Shrug It Off+1","floor":12.0},{"not_picked":["Cleave","Twin Strike","Havoc+1"],"picked":"SKIP","floor":14.0},{"not_picked":["Brutality","Exhume+1"],"picked":"Offering+1","floor":16.0},{"not_picked":["Iron Wave","Sever Soul"],"picked":"Shrug It Off+1","floor":18.0},{"not_picked":["Twin Strike","Warcry+1"],"picked":"Body Slam","floor":19.0},{"not_picked":["Headbutt","Pummel"],"picked":"Cleave+1","floor":21.0},{"not_picked":["Twin Strike","Reckless Charge+1"],"picked":"Metallicize","floor":24.0},{"not_picked":["Body Slam","Iron Wave"],"picked":"Reaper","floor":25.0},{"not_picked":["Perfected Strike","Seeing Red+1","Flex+1"],"picked":"SKIP","floor":31}],"player_experience":1001889,"relics_obtained":[{"floor":9.0,"key":"Red Skull"},{"floor":11.0,"key":"Toxic Egg 2"},{"floor":26.0,"key":"Happy Flower"}],"event_choices":[{"damage_healed":0.0,"max_hp_gain":0.0,"max_hp_loss":0.0,"gold_gain":0.0,"event_name":"Golden Idol","player_choice":"Take Damage","floor":2.0,"gold_loss":0.0,"damage_taken":26.0,"relics_obtained":["Golden Idol"]},{"damage_healed":0.0,"max_hp_gain":0.0,"max_hp_loss":0.0,"gold_gain":0.0,"event_name":"Scrap Ooze","player_choice":"Success","floor":3.0,"gold_loss":0.0,"damage_taken":11.0,"relics_obtained":["Bag of Preparation"]},{"damage_healed":0.0,"max_hp_gain":0.0,"max_hp_loss":0.0,"gold_gain":0.0,"event_name":"Living Wall","player_choice":"Grow","floor":4.0,"gold_loss":0.0,"damage_taken":0.0,"cards_upgraded":["Clothesline"]},{"damage_healed":18.0,"max_hp_gain":0.0,"max_hp_loss":0.0,"gold_gain":0.0,"event_name":"The Cleric","player_choice":"Healed","floor":7.0,"gold_loss":35.0,"damage_taken":0.0},{"damage_healed":0.0,"max_hp_gain":0.0,"max_hp_loss":27.0,"gold_gain":0.0,"event_name":"Vampires","player_choice":"Became a vampire","floor":22.0,"gold_loss":0.0,"damage_taken":0.0,"cards_obtained":["Bite","Bite","Bite","Bite","Bite"]},{"cards_removed":["Bite"],"damage_healed":0.0,"max_hp_gain":0.0,"max_hp_loss":0.0,"gold_gain":0.0,"event_name":"Back to Basics","player_choice":"Elegance","floor":28.0,"gold_loss":0.0,"damage_taken":0.0},{"damage_healed":0.0,"max_hp_gain":0.0,"max_hp_loss":0.0,"gold_gain":0.0,"event_name":"Ghosts","player_choice":"Ignored","floor":29.0,"gold_loss":0.0,"damage_taken":0.0},{"damage_healed":0.0,"max_hp_gain":0.0,"max_hp_loss":0.0,"gold_gain":0.0,"event_name":"Wheel of Change","player_choice":"Cursed","floor":30.0,"gold_loss":0.0,"damage_taken":0.0,"cards_obtained":["Decay"]}],"is_beta":false,"boss_relics":[{"not_picked":["SacredBark","Runic Pyramid"],"picked":"Empty Cage"}],"items_purged_floors":[13],"is_endless":false,"potions_floor_spawned":[1,14,16,19,21,31],"killed_by":"Automaton","ascension_level":20}}