{"host":"mj8akmyfd5lo602f","time":1613740872,"event":{"mods":["2.2 Compatiblity","Act Like it!","BaseMod","Bestiary","BshForSts","Colored Map","Colored Powertips","Highlight Path","Koishi","Minty Spire (QoL Compilation)","Permanent Neow","Relic Stats","StSLib","The Marked"],"gold_per_floor":[126,145,166,192,211,246,246,265,265,51,121,160,189,189,189,302,361,386,413,430,450,466,466,497,497,568,596,386,403,430,440,440,545,545,556,556,565,557,585,611,611,631,631,5,29,40,56,83,83,83],"floor_reached":51,"language":"ENG","playtime":10612,"items_purged":[],"score":744,"play_id":"843c7b0b-46ca-4e30-b507-1d1b3fd629a6","local_time":"20210219132112","is_ascension_mode":false,"campfire_choices":[{"data":"Koishi:EmbryosDream","floor":7.0,"key":"SMITH"},{"data":"Koishi:TerrifyingSpectre","floor":15.0,"key":"SMITH"},{"data":"Koishi:MentalBreakdown","floor":23.0,"key":"SMITH"},{"data":"Koishi:ImGoingToCallYouNow","floor":25.0,"key":"SMITH"},{"data":"Koishi:PredatoryInstincts","floor":32.0,"key":"SMITH"},{"data":"Koishi:SilentAndRestless","floor":41.0,"key":"SMITH"},{"data":"Apotheosis","floor":49.0,"key":"SMITH"}],"circlet_count":0,"master_deck":["Koishi:BasicStrike","Koishi:BasicStrike","Koishi:BasicStrike","Koishi:BasicStrike","Koishi:BasicDefend","Koishi:BasicDefend","Koishi:BasicDefend","Koishi:BasicDefend","Koishi:Provoke","Koishi:RacingHeart+1","Koishi:PhantomBarrier","Koishi:YoukaiPolygraph","Koishi:GeneticsOfTheUnconscious","Koishi:EmbryosDream+1","Koishi:MindNumbingTerror","Koishi:StingingMind","Koishi:MentalBreakdown+1","Koishi:DanmakuParanoia","Koishi:TerrifyingSpectre+1","Koishi:ImGoingToCallYouNow+1","Koishi:PredatoryInstincts+1","Koishi:BloodcurdlingScream","Koishi:Untouchable+1","Koishi:Catatonia","Koishi:PhilosophyOfTheDespised+1","Koishi:SilentAndRestless+1","Thinking Ahead","Koishi:UnconsciousUrges","Koishi:PredatoryInstincts+1","Koishi:Possession","Apotheosis+1","Koishi:FleetingPhantom+1","Koishi:PredatoryInstincts+1"],"relics":["Koishi:ImaginaryFriend","CeramicFish","Ginger","Pantograph","Membership Card","Happy Flower","Darkstone Periapt","Tiny House","Bag of Preparation","White Beast Statue","Ornamental Fan","Koishi:LettersToReimu","Coffee Dripper","The Courier","Pear","Koishi:TeethAndClaws","HornCleat","CaptainsWheel","Ice Cream","TungstenRod"],"acts_visited":["Exordium","TheCity","TheBeyond"],"potions_floor_usage":[50,50,50],"damage_taken":[{"damage":0.0,"enemies":"Cultist","floor":1.0,"turns":5.0},{"damage":9.0,"enemies":"Jaw Worm","floor":2.0,"turns":3.0},{"damage":0.0,"enemies":"2 Louse","floor":3.0,"turns":3.0},{"damage":0.0,"enemies":"2 Fungi Beasts","floor":4.0,"turns":4.0},{"damage":7.0,"enemies":"Blue Slaver","floor":5.0,"turns":4.0},{"damage":33.0,"enemies":"Gremlin Nob","floor":6.0,"turns":5.0},{"damage":10.0,"enemies":"Large Slime","floor":8.0,"turns":9.0},{"damage":2.0,"enemies":"3 Sentries","floor":11.0,"turns":11.0},{"damage":7.0,"enemies":"Lagavulin","floor":12.0,"turns":9.0},{"damage":5.0,"enemies":"Exordium Thugs","floor":13.0,"turns":9.0},{"damage":23.0,"enemies":"The Guardian","floor":16.0,"turns":18.0},{"damage":10.0,"enemies":"Chosen","floor":18.0,"turns":4.0},{"damage":16.0,"enemies":"2 Thieves","floor":20.0,"turns":5.0},{"damage":17.0,"enemies":"Snake Plant","floor":21.0,"turns":5.0},{"damage":15.0,"enemies":"Chosen and Byrds","floor":22.0,"turns":5.0},{"damage":40.0,"enemies":"Gremlin Leader","floor":24.0,"turns":7.0},{"damage":14.0,"enemies":"Centurion and Healer","floor":27.0,"turns":7.0},{"damage":27.0,"enemies":"Cultist and Chosen","floor":29.0,"turns":11.0},{"damage":3.0,"enemies":"Snake Plant","floor":30.0,"turns":5.0},{"damage":9.0,"enemies":"Snecko","floor":31.0,"turns":7.0},{"damage":17.0,"enemies":"Collector","floor":33.0,"turns":7.0},{"damage":0.0,"enemies":"3 Shapes","floor":35.0,"turns":5.0},{"damage":27.0,"enemies":"3 Darklings","floor":39.0,"turns":11.0},{"damage":13.0,"enemies":"Giant Head","floor":40.0,"turns":12.0},{"damage":51.0,"enemies":"4 Shapes","floor":42.0,"turns":5.0},{"damage":0.0,"enemies":"Jaw Worm Horde","floor":45.0,"turns":5.0},{"damage":0.0,"enemies":"Writhing Mass","floor":46.0,"turns":6.0},{"damage":0.0,"enemies":"4 Shapes","floor":47.0,"turns":7.0},{"damage":0.0,"enemies":"Spire Growth","floor":48.0,"turns":7.0},{"damage":4,"enemies":"Awakened One","floor":50,"turns":15}],"seed_played":"-554785002916651372","potions_obtained":[{"floor":3.0,"key":"SkillPotion"},{"floor":8.0,"key":"Block Potion"},{"floor":11.0,"key":"PowerPotion"},{"floor":12.0,"key":"PowerPotion"},{"floor":16.0,"key":"Energy Potion"},{"floor":17.0,"key":"AttackPotion"},{"floor":21.0,"key":"SkillPotion"},{"floor":22.0,"key":"BlessingOfTheForge"},{"floor":27.0,"key":"GamblersBrew"},{"floor":30.0,"key":"Dexterity Potion"},{"floor":31.0,"key":"Fruit Juice"},{"floor":33.0,"key":"Explosive Potion"},{"floor":35.0,"key":"DistilledChaos"},{"floor":40.0,"key":"Strength Potion"},{"floor":45.0,"key":"Fire Potion"},{"floor":46.0,"key":"SkillPotion"}],"is_trial":false,"path_per_floor":["M","M","M","M","M","E","R","M","T","$","?","E","M","?","R","B",null,"M","T","M","M","M","R","E","R","T","M","$","M","M","M","R","B",null,"M","?","?","$","M","E","R","M","T","$","M","M","M","M","R","B",null],"character_chosen":"KOISHI","items_purchased":["Membership Card","Koishi:MentalBreakdown","Koishi:LettersToReimu","CultistPotion","Koishi:Catatonia","Koishi:UnconsciousUrges","Koishi:TeethAndClaws","Apotheosis","HornCleat","CaptainsWheel","Ice Cream","TungstenRod"],"campfire_rested":0,"item_purchase_floors":[10,10,28,28,28,38,44,44,44,44,44,44],"current_hp_per_floor":[60,55,55,58,55,26,26,19,19,19,23,25,27,32,32,50,65,65,65,60,65,57,57,39,39,39,61,61,46,65,65,65,65,65,65,65,65,65,65,70,70,70,80,80,80,80,80,80,80,80],"gold":83,"neow_bonus":"RANDOM_COMMON_RELIC","is_daily":false,"chose_seed":false,"campfire_upgraded":7,"win_rate":0.0,"timestamp":1613740872,"path_taken":["M","M","M","M","M","E","R","M","T","$","?","E","M","?","R","BOSS","M","?","M","M","M","R","E","R","T","M","$","M","M","M","R","BOSS","M","?","?","$","M","E","R","M","T","$","M","M","M","M","R","BOSS"],"items_purchased_type":["Relic","Card","Relic","Potion","Card","Card","Relic","Card","Relic","Relic","Relic","Relic"],"build_version":"2020-12-22","purchased_purges":0,"victory":true,"max_hp_per_floor":[60,60,60,60,60,60,60,60,60,60,60,60,60,60,60,60,65,65,65,65,65,65,65,65,65,65,65,65,65,65,65,65,65,65,65,65,65,65,65,70,70,70,80,80,80,80,80,80,80,80],"relic_stats":{"Darkstone Periapt":0,"Happy Flower":[57],"counters":[30,216],"Ornamental Fan":[76],"CeramicFish":225,"Pantograph":25,"Bag of Preparation":[36],"Ginger":[27],"obtain_stats":[{"Darkstone Periapt":12,"Ice Cream":44,"Tiny House":17,"Pear":43,"Happy Flower":11,"CeramicFish":0,"The Courier":40,"Koishi:TeethAndClaws":44,"Bag of Preparation":19,"Ginger":6,"White Beast Statue":24,"CaptainsWheel":44,"HornCleat":44,"Ornamental Fan":26,"Pantograph":9,"Coffee Dripper":34,"Membership Card":10,"TungstenRod":44,"Koishi:ImaginaryFriend":0,"Koishi:LettersToReimu":28},{"Darkstone Periapt":9,"Ice Cream":25,"Tiny House":11,"Pear":25,"Happy Flower":8,"CeramicFish":0,"The Courier":24,"Koishi:TeethAndClaws":25,"Bag of Preparation":12,"Ginger":6,"White Beast Statue":16,"CaptainsWheel":25,"HornCleat":25,"Ornamental Fan":16,"Pantograph":7,"Coffee Dripper":21,"Membership Card":7,"TungstenRod":25,"Koishi:ImaginaryFriend":0,"Koishi:LettersToReimu":17},{"Darkstone Periapt":53,"Ice Cream":176,"Tiny House":80,"Pear":176,"Happy Flower":44,"CeramicFish":0,"The Courier":171,"Koishi:TeethAndClaws":176,"Bag of Preparation":84,"Ginger":24,"White Beast Statue":106,"CaptainsWheel":176,"HornCleat":176,"Ornamental Fan":106,"Pantograph":33,"Coffee Dripper":143,"Membership Card":33,"TungstenRod":176,"Koishi:ImaginaryFriend":0,"Koishi:LettersToReimu":113}],"TungstenRod":1},"card_choices":[{"not_picked":["Koishi:UnansweredLove","Koishi:FreudianInstinct"],"picked":"Koishi:RacingHeart","floor":1.0},{"not_picked":["Koishi:StingingMind","Koishi:Prune"],"picked":"Koishi:PhantomBarrier","floor":2.0},{"not_picked":["Koishi:ParalyzingFear","Koishi:StrangeCloudFist"],"picked":"Koishi:YoukaiPolygraph","floor":3.0},{"not_picked":["Koishi:UnansweredLove","Koishi:SprinkleStarAndHeart"],"picked":"Koishi:GeneticsOfTheUnconscious","floor":4.0},{"not_picked":["Koishi:CatchAndRose","Koishi:BloodcurdlingScream"],"picked":"Koishi:EmbryosDream","floor":5.0},{"not_picked":["Koishi:UnansweredLove","Koishi:StrangeCloudFist"],"picked":"Koishi:MindNumbingTerror","floor":6.0},{"not_picked":["Koishi:UnconsciousUprising","Koishi:FleetingPhantom"],"picked":"Koishi:StingingMind","floor":8.0},{"not_picked":["Koishi:FourthEye","Koishi:MassHysteria"],"picked":"Koishi:DanmakuParanoia","floor":11.0},{"not_picked":["Koishi:GeneticsOfTheUnconscious","Koishi:CatchAndRose"],"picked":"Koishi:TerrifyingSpectre","floor":12.0},{"not_picked":["Koishi:HeartfeltFancy","Koishi:PhantomStrike"],"picked":"Koishi:JumpScare","floor":13.0},{"not_picked":["Koishi:RollingInRichesHeart","Koishi:GrowingPain"],"picked":"Koishi:ImGoingToCallYouNow","floor":16.0},{"not_picked":["Koishi:FreudianInstinct","Koishi:DNAsFlaw"],"picked":"Koishi:PredatoryInstincts","floor":17.0},{"not_picked":["Koishi:PhantomStrike+1","Koishi:StingingMind"],"picked":"Koishi:BloodcurdlingScream","floor":18.0},{"not_picked":["Koishi:Prune","Koishi:UnconsciousUprising","Koishi:Bloodlust"],"picked":"SKIP","floor":20.0},{"not_picked":["Koishi:UnconsciousUprising","Koishi:SpiritedAway+1","Koishi:SubterraneanRose"],"picked":"SKIP","floor":21.0},{"not_picked":["Koishi:StingingMind","Koishi:MindNumbingTerror","Koishi:SubconsciousSweep"],"picked":"SKIP","floor":22.0},{"not_picked":["Koishi:JumpScare","Koishi:GeneticsOfTheUnconscious","Koishi:SubterraneanRose"],"picked":"SKIP","floor":24.0},{"not_picked":["Koishi:TerrifyingSpectre","Koishi:SpiritedAway"],"picked":"Koishi:Untouchable+1","floor":27.0},{"not_picked":["Koishi:BloodcurdlingScream+1","Koishi:TraumaticStroke","Koishi:ParalyzingFear"],"picked":"SKIP","floor":29.0},{"not_picked":["Koishi:PhantomBarrier","Koishi:UnansweredLove"],"picked":"Koishi:PhilosophyOfTheDespised+1","floor":30.0},{"not_picked":["Koishi:PhantomStrike+1","Koishi:JumpScare","Koishi:CatchAndRose"],"picked":"SKIP","floor":31.0},{"not_picked":["Koishi:RollingInRichesHeart","Koishi:PerfectMindControl"],"picked":"Koishi:SilentAndRestless","floor":33.0},{"not_picked":["Koishi:PhantomBarrier+1","Koishi:Jaunt","Koishi:UnconsciousUprising"],"picked":"SKIP","floor":35.0},{"not_picked":["The Bomb","Jack Of All Trades"],"picked":"Thinking Ahead","floor":37.0},{"not_picked":["Koishi:SubterraneanRose+1","Koishi:SpiritedAway+1"],"picked":"Koishi:PredatoryInstincts+1","floor":39.0},{"not_picked":["Koishi:DreadfulBlow","Koishi:GhostParty","Koishi:VengefulSpirit+1"],"picked":"SKIP","floor":40.0},{"not_picked":["Koishi:CatchAndRose","Koishi:UnconsciousUrges"],"picked":"Koishi:Possession","floor":42.0},{"not_picked":["Koishi:SubconsciousSweep","Koishi:PhilosophyOfTheDespised+1"],"picked":"Koishi:FleetingPhantom+1","floor":45.0},{"not_picked":["Koishi:JumpScare+1","Koishi:DNAsFlaw+1","Koishi:UnconsciousUprising+1"],"picked":"SKIP","floor":46.0},{"not_picked":["Koishi:MindNumbingTerror","Koishi:GhostParty","Koishi:DreadfulBlow"],"picked":"SKIP","floor":47.0},{"not_picked":["Koishi:BloodcurdlingScream+1","Koishi:UnansweredLove"],"picked":"Koishi:PredatoryInstincts+1","floor":48.0}],"player_experience":193523,"relics_obtained":[{"floor":6.0,"key":"Ginger"},{"floor":9.0,"key":"Pantograph"},{"floor":11.0,"key":"Happy Flower"},{"floor":12.0,"key":"Darkstone Periapt"},{"floor":19.0,"key":"Bag of Preparation"},{"floor":24.0,"key":"White Beast Statue"},{"floor":26.0,"key":"Ornamental Fan"},{"floor":40.0,"key":"The Courier"},{"floor":43.0,"key":"Pear"}],"event_choices":[{"damage_healed":0.0,"max_hp_gain":0.0,"max_hp_loss":0.0,"gold_gain":30.0,"event_name":"Dead Adventurer","player_choice":"Searched \u00272\u0027 times","floor":11.0,"gold_loss":0.0,"damage_taken":0.0},{"cards_removed":["Koishi:JumpScare"],"damage_healed":5.0,"max_hp_gain":0.0,"max_hp_loss":0.0,"gold_gain":0.0,"event_name":"Bonfire Elementals","player_choice":"Offered Common","floor":14.0,"gold_loss":0.0,"damage_taken":0.0},{"cards_removed":["Koishi:JumpScare"],"damage_healed":5.0,"max_hp_gain":0.0,"max_hp_loss":0.0,"gold_gain":0.0,"event_name":"Bonfire Elementals","player_choice":"Offered Special","floor":14.0,"gold_loss":0.0,"damage_taken":0.0},{"cards_removed":["Koishi:HauntingSlash"],"damage_healed":0.0,"max_hp_gain":0.0,"max_hp_loss":0.0,"gold_gain":0.0,"event_name":"Falling","player_choice":"Removed Attack","floor":36.0,"gold_loss":0.0,"damage_taken":0.0},{"damage_healed":0.0,"max_hp_gain":0.0,"max_hp_loss":0.0,"gold_gain":0.0,"event_name":"SensoryStone","player_choice":"Memory 1","floor":37.0,"gold_loss":0.0,"damage_taken":0.0}],"is_beta":false,"boss_relics":[{"not_picked":["Velvet Choker","SacredBark"],"picked":"Tiny House"},{"not_picked":["Sozu","Pandora\u0027s Box"],"picked":"Coffee Dripper"}],"items_purged_floors":[],"is_endless":false,"potions_floor_spawned":[3,8,11,12,16,21,22,27,29,30,31,33,35,39,40,42,45,46,47,48],"ascension_level":0}}