{"host":"cpfinhn7bq57frv3","time":1613754706,"event":{"mods":["BaseMod","Minty Spire (QoL Compilation)","Quick Restart"],"gold_per_floor":[118,128,128,91,106,106,141,154,154,172,200,200,220,220,220,320,320,290,290,290,144,144,144,144,144,144,144,144,144,144,94,94,94,94,94,72,72,72,72,72,72,72,72,19,19,19,19,19,19,19,19,19,19,19,19,19],"floor_reached":55,"language":"KOR","playtime":2071,"items_purged":["Strike_R"],"score":880,"play_id":"1ef05654-46d6-472e-8f05-da259e425dff","local_time":"20210220021146","is_ascension_mode":true,"campfire_choices":[{"data":"Dramatic Entrance","floor":6.0,"key":"SMITH"},{"floor":15.0,"key":"REST"},{"data":"Berserk","floor":23.0,"key":"SMITH"},{"data":"Demon Form","floor":25.0,"key":"SMITH"},{"floor":32,"key":"REST"},{"data":"Heavy Blade","floor":40,"key":"SMITH"},{"floor":49,"key":"RECALL"},{"data":"Seeing Red","floor":52,"key":"SMITH"}],"circlet_count":0,"master_deck":["Strike_R","Strike_R","Strike_R","Defend_R","Defend_R","Defend_R","Bash","Dramatic Entrance+1","Clash","Burning Pact","Demon Form+1","Flex","Berserk+1","Headbutt","Disarm+1","Rampage","Spot Weakness","Warcry+1","Seeing Red+1","J.A.X.","Sword Boomerang","Double Tap","Heavy Blade+1","Master of Strategy","Discovery","Burning Pact","Twin Strike+1","Offering","Sword Boomerang","Limit Break"],"relics":["Burning Blood","Bottled Flame","Mercury Hourglass","Charon\u0027s Ashes","Bag of Marbles","Ectoplasm","Darkstone Periapt","Mango","Bottled Tornado","Runic Pyramid","Red Skull","Letter Opener","Pear"],"acts_visited":["TheCity","TheBeyond","TheEnding"],"potions_floor_usage":[28,28,28,33,50,50,54],"damage_taken":[{"damage":7.0,"enemies":"Jaw Worm","floor":1.0,"turns":2.0},{"damage":0.0,"enemies":"Cultist","floor":2.0,"turns":2.0},{"damage":0.0,"enemies":"2 Louse","floor":5.0,"turns":2.0},{"damage":58.0,"enemies":"Gremlin Nob","floor":7.0,"turns":6.0},{"damage":0.0,"enemies":"Gremlin Gang","floor":8.0,"turns":2.0},{"damage":6.0,"enemies":"Looter","floor":10.0,"turns":2.0},{"damage":25.0,"enemies":"Lagavulin","floor":11.0,"turns":5.0},{"damage":0.0,"enemies":"3 Louse","floor":13.0,"turns":1.0},{"damage":28.0,"enemies":"Hexaghost","floor":16.0,"turns":7.0},{"damage":17.0,"enemies":"2 Thieves","floor":18.0,"turns":3.0},{"damage":0.0,"enemies":"3 Byrds","floor":19.0,"turns":2.0},{"damage":24.0,"enemies":"Snecko","floor":22.0,"turns":4.0},{"damage":25.0,"enemies":"Gremlin Leader","floor":24.0,"turns":5.0},{"damage":26.0,"enemies":"Shelled Parasite and Fungi","floor":27.0,"turns":4.0},{"damage":25,"enemies":"Book of Stabbing","floor":28,"turns":4},{"damage":40,"enemies":"Automaton","floor":33,"turns":6},{"damage":25,"enemies":"3 Darklings","floor":35,"turns":3},{"damage":0,"enemies":"3 Shapes","floor":37,"turns":2},{"damage":54,"enemies":"Maw","floor":39,"turns":5},{"damage":6,"enemies":"Nemesis","floor":41,"turns":3},{"damage":0,"enemies":"Jaw Worm Horde","floor":42,"turns":2},{"damage":0,"enemies":"Transient","floor":46,"turns":5},{"damage":0,"enemies":"Sphere and 2 Shapes","floor":48,"turns":2},{"damage":33,"enemies":"Time Eater","floor":50,"turns":5},{"damage":61,"enemies":"Shield and Spear","floor":54,"turns":4},{"damage":104,"enemies":"The Heart","floor":55,"turns":3}],"seed_played":"-1351295728273528781","potions_obtained":[{"floor":5.0,"key":"PowerPotion"},{"floor":7.0,"key":"BlessingOfTheForge"},{"floor":10.0,"key":"Fire Potion"},{"floor":11.0,"key":"BlessingOfTheForge"},{"floor":18.0,"key":"Weak Potion"},{"floor":19.0,"key":"FearPotion"},{"floor":28,"key":"FearPotion"},{"floor":37,"key":"SmokeBomb"},{"floor":39,"key":"Energy Potion"},{"floor":42,"key":"SkillPotion"},{"floor":48,"key":"Regen Potion"}],"is_trial":false,"path_per_floor":["M","M","?","$","M","R","E","M","T","M","E","?","M","?","R","B",null,"M","M","?","$","M","R","E","R","T","M","E","?","T","$","R","B",null,"M","$","M","?","M","R","E","M","T","$","?","M","?","M","R","B",null,"R","$","E","B"],"character_chosen":"IRONCLAD","items_purchased":["Rupture","Spot Weakness","Sword Boomerang","Heavy Blade","Sword Boomerang"],"campfire_rested":2,"item_purchase_floors":[4,21,31,36,44],"current_hp_per_floor":[79,80,80,80,80,80,28,34,34,34,15,15,21,21,45,23,80,69,75,75,75,57,57,38,38,52,32,13,13,13,13,41,7,94,75,75,81,76,28,28,28,34,34,34,34,40,40,46,46,33,94,94,94,49,0,0],"gold":19,"neow_bonus":"RANDOM_COLORLESS","is_daily":false,"chose_seed":false,"campfire_upgraded":5,"win_rate":0.0,"timestamp":1613754706,"path_taken":["M","M","?","$","M","R","E","M","T","?","E","?","?","?","R","BOSS","M","M","?","?","M","R","E","R","T","M","E","?","?","$","R","BOSS","M","?","M","?","M","R","E","M","T","?","?","?","?","M","R","BOSS","R","$","E","BOSS"],"items_purchased_type":["Card","Card","Card","Card","Card"],"build_version":"2020-12-22","purchased_purges":1,"victory":false,"max_hp_per_floor":[80,80,80,80,80,80,80,80,80,80,80,80,80,80,80,80,80,80,80,80,80,80,80,80,80,94,94,94,94,94,94,94,94,94,94,94,94,94,94,94,94,94,94,94,94,94,94,94,94,94,94,94,94,104,104,104],"card_choices":[{"not_picked":["Panacea","Impatience"],"picked":"Dramatic Entrance","floor":0.0},{"not_picked":["Cleave","Flex","Dropkick"],"picked":"SKIP","floor":1.0},{"not_picked":["Feel No Pain","Inflame"],"picked":"Clash","floor":2.0},{"not_picked":["Havoc","Anger"],"picked":"Rupture","floor":5.0},{"not_picked":["Reckless Charge","Pommel Strike","Seeing Red"],"picked":"SKIP","floor":7.0},{"not_picked":["Heavy Blade","Rupture","Impervious"],"picked":"SKIP","floor":8.0},{"not_picked":["Twin Strike","Heavy Blade"],"picked":"Burning Pact","floor":10.0},{"not_picked":["Bloodletting","Warcry"],"picked":"Demon Form","floor":11.0},{"not_picked":["Iron Wave","True Grit"],"picked":"Flex","floor":13.0},{"not_picked":["Immolate","Exhume"],"picked":"Berserk","floor":16.0},{"not_picked":["Searing Blow+1","Sentinel"],"picked":"Headbutt","floor":18.0},{"not_picked":["Clash+1","True Grit"],"picked":"Disarm+1","floor":19.0},{"not_picked":["True Grit","Flex","Rampage"],"picked":"SKIP","floor":22.0},{"not_picked":["Pommel Strike","Fire Breathing+1"],"picked":"Warcry+1","floor":24.0},{"not_picked":["Bloodletting","Corruption","True Grit"],"picked":"SKIP","floor":27.0},{"not_picked":["Wild Strike","Clothesline"],"picked":"Seeing Red","floor":28},{"not_picked":["Brutality","Juggernaut"],"picked":"Double Tap","floor":33},{"not_picked":["Headbutt+1","Anger","Clothesline"],"picked":"SKIP","floor":35},{"not_picked":["Havoc+1","Entrench+1","Thunderclap"],"picked":"SKIP","floor":37},{"not_picked":["Purity","Panache"],"picked":"Master of Strategy","floor":38},{"not_picked":["Good Instincts","Mind Blast"],"picked":"Discovery","floor":38},{"not_picked":["Clash+1","Thunderclap"],"picked":"Burning Pact","floor":39},{"not_picked":["Wild Strike","Warcry"],"picked":"Twin Strike+1","floor":41},{"not_picked":["Perfected Strike","Warcry"],"picked":"Offering","floor":42},{"not_picked":["Thunderclap+1","Dropkick+1","Anger"],"picked":"SKIP","floor":46},{"not_picked":["Anger+1","Inflame+1","Clash"],"picked":"SKIP","floor":48},{"not_picked":["Clothesline+1","Warcry"],"picked":"Limit Break","floor":54}],"player_experience":45488,"relics_obtained":[{"floor":7.0,"key":"Bottled Flame"},{"floor":9.0,"key":"Mercury Hourglass"},{"floor":11.0,"key":"Charon\u0027s Ashes"},{"floor":24.0,"key":"Darkstone Periapt"},{"floor":26.0,"key":"Mango"},{"floor":28,"key":"Bottled Tornado"},{"floor":41,"key":"Red Skull"},{"floor":43,"key":"Letter Opener"},{"floor":54,"key":"Pear"}],"event_choices":[{"cards_removed":["Strike_R"],"damage_healed":0.0,"max_hp_gain":0.0,"max_hp_loss":0.0,"gold_gain":0.0,"event_name":"Bonfire Elementals","player_choice":"Offered Basic","floor":3.0,"gold_loss":0.0,"damage_taken":0.0},{"cards_removed":["Defend_R"],"damage_healed":0.0,"max_hp_gain":0.0,"max_hp_loss":0.0,"gold_gain":0.0,"event_name":"Purifier","player_choice":"Purged","floor":12.0,"gold_loss":0.0,"damage_taken":0.0},{"damage_healed":0.0,"max_hp_gain":0.0,"max_hp_loss":0.0,"gold_gain":0.0,"event_name":"Dead Adventurer","player_choice":"Searched \u00272\u0027 times","floor":14.0,"gold_loss":0.0,"damage_taken":0.0,"relics_obtained":["Bag of Marbles"]},{"damage_healed":0.0,"max_hp_gain":0.0,"max_hp_loss":0.0,"gold_gain":0.0,"cards_transformed":["Rupture"],"event_name":"Transmorgrifier","player_choice":"Transformed","floor":20.0,"gold_loss":0.0,"damage_taken":0.0,"cards_obtained":["Rampage"]},{"damage_healed":0,"gold_gain":0,"player_choice":"Obtain J.A.X.","damage_taken":0,"max_hp_gain":0,"max_hp_loss":0,"event_name":"Drug Dealer","floor":29,"gold_loss":0,"cards_obtained":["J.A.X."]},{"damage_healed":0,"gold_gain":0,"player_choice":"Memory 2","damage_taken":5,"max_hp_gain":0,"max_hp_loss":0,"event_name":"SensoryStone","floor":38,"gold_loss":0},{"damage_healed":0,"gold_gain":0,"player_choice":"Ignored","damage_taken":0,"max_hp_gain":0,"max_hp_loss":0,"event_name":"Mysterious Sphere","floor":45,"gold_loss":0},{"cards_removed":["Rupture"],"damage_healed":0,"gold_gain":0,"player_choice":"Removed Power","damage_taken":0,"max_hp_gain":0,"max_hp_loss":0,"event_name":"Falling","floor":47,"gold_loss":0}],"is_beta":false,"boss_relics":[{"not_picked":["Tiny House","Coffee Dripper"],"picked":"Ectoplasm"},{"not_picked":["Calling Bell","Snecko Eye"],"picked":"Runic Pyramid"}],"items_purged_floors":[21],"is_endless":false,"potions_floor_spawned":[5,7,10,11,18,19,22,28,37,39,42,46,48],"killed_by":"The Heart","ascension_level":3}}