{"host":"df48i9djcn92c5sx","time":1613739594,"event":{"mods":["Act Like it!","Arknights","BaseMod","Decade(王小明)","Downfall","Gensokyo","Marisa（F雨　魔理沙）","Minty Spire (QoL Compilation)","READ ME - Guardian Mod","READ ME - Snecko Mod","Reimu（博丽灵梦）","Remilia（蕾米莉亚）","Shop Mod","StSLib","The Jungle","The Servant 0.9.4"],"gold_per_floor":[99,111,127,127,141,141,216,216,236,90,90,90,90,116,126,231,231,231,251,269,269,369,399,399,399,415,415,415,426,437,200,219,219,219,219],"floor_reached":33,"language":"ZHS","playtime":1265,"items_purged":["champ:Strike"],"score":294,"play_id":"c0c7e566-37d4-48a4-b1b1-a1324ee8be08","local_time":"20210219205954","is_ascension_mode":true,"campfire_choices":[{"data":"champ:ShieldThrow","floor":1.0,"key":"SMITH"},{"data":"champ:IgnorePain","floor":6.0,"key":"SMITH"},{"data":"champ:Taunt","floor":8.0,"key":"SMITH"},{"data":"champ:ShieldWall","floor":13.0,"key":"SMITH"},{"data":"champ:EnchantShield","floor":18.0,"key":"SMITH"},{"data":"champ:HeavySlash","floor":27.0,"key":"SMITH"}],"circlet_count":0,"master_deck":["champ:Strike","champ:Strike","champ:Defend","champ:Defend","champ:Defend","champ:Defend","champ:Execute","champ:Taunt+1","champ:ShieldThrow+1","champ:PreciseThrust","champ:FocusedBerserking","champ:ShieldThrow+1","champ:IgnorePain+1","champ:FocusedDefense","champ:SetATrap","champ:ShieldWall+1","champ:TornadoPunch","champ:Encircle","champ:BringItOn","champ:EnchantShield+1","champ:FlashCut","champ:HeavySlash+1","J.A.X.","champ:Duel","champ:BladeFlurry","champ:Circumvent+1","champ:Devastate","champ:SwordSigil+1"],"relics":["champ:ChampionCrown","Bronze Scales","bronze:MakeshiftBattery","MutagenicStrength","Omamori","champ:SpectersHand","downfall:ExtraCursedKey","Guardian:BottledAnomaly"],"acts_visited":["Exordium","TheCity"],"potions_floor_usage":[30,33],"damage_taken":[{"damage":10.0,"enemies":"2 Louse","floor":2.0,"turns":2.0},{"damage":0.0,"enemies":"Cultist","floor":3.0,"turns":3.0},{"damage":0.0,"enemies":"Small Slimes","floor":5.0,"turns":2.0},{"damage":5.0,"enemies":"downfall:LooterAlt","floor":9.0,"turns":2.0},{"damage":20.0,"enemies":"downfall:FleeingMerchant","floor":10.0,"turns":4.0},{"damage":11.0,"enemies":"Gremlin Nob","floor":14.0,"turns":5.0},{"damage":5.0,"enemies":"3 Louse","floor":15.0,"turns":3.0},{"damage":39.0,"enemies":"WA_ARCHETYPE_RETAIN","floor":16.0,"turns":6.0},{"damage":32.0,"enemies":"downfall:LooterAlt2","floor":19.0,"turns":3.0},{"damage":3.0,"enemies":"Chosen","floor":20.0,"turns":3.0},{"damage":14.0,"enemies":"downfall:Augmenter","floor":22.0,"turns":7.0},{"damage":15.0,"enemies":"Gremlin Leader","floor":23.0,"turns":5.0},{"damage":50.0,"enemies":"Snecko","floor":26.0,"turns":5.0},{"damage":31,"enemies":"Shelled Parasite and Fungi","floor":29,"turns":4},{"damage":0,"enemies":"Sentry and Sphere","floor":30,"turns":3},{"damage":5,"enemies":"downfall:FleeingMerchant","floor":31,"turns":4},{"damage":0,"enemies":"Snake Plant","floor":32,"turns":2},{"damage":27,"enemies":"DF_ARCHETYPE_CLAW","floor":33,"turns":5}],"seed_played":"2696027088556227524","potions_obtained":[{"floor":3.0,"key":"GamblersBrew"},{"floor":5.0,"key":"Dexterity Potion"},{"floor":9.0,"key":"Regen Potion"},{"floor":14.0,"key":"champ:CounterPotion"},{"floor":16.0,"key":"Energy Potion"},{"floor":20.0,"key":"ColorlessPotion"},{"floor":25.0,"key":"CultistPotion"},{"floor":26.0,"key":"MagicPotion:ReiMu"},{"floor":30,"key":"GrandPatriotsElixir:ReiMu"}],"is_trial":false,"path_per_floor":["R","M","M","?","M","R","T","R","M","$","?","?","R","E","M","B",null,"R","M","M","?","?","E","T","?","M","R","?","M","M","$","M","B"],"character_chosen":"THE_CHAMP","items_purchased":["champ:ShieldWall","champ:TornadoPunch","Guardian:BottledAnomaly"],"campfire_rested":0,"item_purchase_floors":[10,10,31],"current_hp_per_floor":[90,90,90,90,90,90,90,90,90,90,90,95,95,84,79,65,95,95,73,70,70,92,77,77,77,42,42,47,16,16,11,11,0,0,0],"gold":219,"neow_bonus":"ONE_RANDOM_RARE_CARD","is_daily":false,"chose_seed":false,"campfire_upgraded":6,"win_rate":0.0,"timestamp":1613739594,"path_taken":["R","M","M","?","?","R","T","R","M","$","?","?","R","E","M","BOSS","R","M","M","?","?","E","T","?","M","R","?","?","M","$","M","BOSS"],"items_purchased_type":["Card","Card","Relic"],"build_version":"2020-12-22","purchased_purges":1,"victory":false,"max_hp_per_floor":[90,90,90,90,90,90,90,90,90,90,90,95,95,95,95,95,95,95,95,95,95,95,95,95,95,95,95,100,100,100,100,100,100,100,100],"card_choices":[{"not_picked":["champ:CrownThrow","champ:Shatter"],"picked":"champ:PreciseThrust","floor":2.0},{"not_picked":["champ:Parry","champ:DefensiveShout"],"picked":"champ:FocusedBerserking","floor":3.0},{"not_picked":["champ:PreemptiveStrike","champ:BringItOn"],"picked":"champ:IgnorePain","floor":5.0},{"not_picked":["champ:DeathBlow","champ:SkillfulDodge"],"picked":"champ:FocusedDefense","floor":9.0},{"not_picked":["champ:PreciseThrust","champ:AdrenalArmor"],"picked":"champ:SetATrap","floor":10.0},{"not_picked":["champ:CrownThrow","champ:PreciseThrust"],"picked":"champ:Encircle","floor":14.0},{"not_picked":["champ:GladiatorStyle","champ:PerfectedStrike"],"picked":"champ:BringItOn","floor":15.0},{"not_picked":["champ:Improvising","champ:EnchantCrown"],"picked":"champ:EnchantShield","floor":16.0},{"not_picked":["champ:BerserkersShout","champ:DeathBlow"],"picked":"champ:FlashCut","floor":19.0},{"not_picked":["champ:TornadoPunch","champ:BladeFlurry","champ:Backstep"],"picked":"SKIP","floor":20.0},{"not_picked":[],"picked":"J.A.X.","floor":22.0},{"not_picked":["champ:FlashCut","champ:BerserkerStyle"],"picked":"champ:HeartStrike","floor":22.0},{"not_picked":["champ:FocusedBerserking+1","champ:TornadoPunch"],"picked":"champ:Circumvent+1","floor":23.0},{"not_picked":["champ:BladeFlurry","champ:FanOfKnives","champ:BerserkersShout+1"],"picked":"SKIP","floor":26.0},{"not_picked":["champ:Shatter+1","champ:RapidStrikes"],"picked":"champ:Devastate","floor":29},{"not_picked":["champ:RecklessLeap+1","champ:GutPunch","champ:PreciseThrust"],"picked":"SKIP","floor":30},{"not_picked":["champ:Haymaker","champ:BringItOn"],"picked":"champ:SwordSigil+1","floor":31},{"not_picked":["champ:BladeFlurry","champ:FocusedBerserking","champ:SwordSigil"],"picked":"SKIP","floor":32}],"player_experience":1587108,"relics_obtained":[{"floor":14.0,"key":"Bronze Scales"},{"floor":22.0,"key":"MutagenicStrength"},{"floor":23.0,"key":"Omamori"},{"floor":24.0,"key":"champ:SpectersHand"}],"event_choices":[{"damage_healed":0.0,"max_hp_gain":5.0,"max_hp_loss":0.0,"gold_gain":0.0,"event_name":"Big Fish","player_choice":"Donut","floor":12.0,"gold_loss":0.0,"damage_taken":0.0},{"damage_healed":0.0,"max_hp_gain":0.0,"max_hp_loss":0.0,"gold_gain":0.0,"event_name":"The Library","player_choice":"Read","floor":21.0,"gold_loss":0.0,"damage_taken":0.0,"cards_obtained":["champ:HeavySlash"]},{"damage_healed":31.0,"max_hp_gain":0.0,"max_hp_loss":0.0,"gold_gain":0.0,"event_name":"The Library","player_choice":"Heal","floor":22.0,"gold_loss":0.0,"damage_taken":0.0}],"is_beta":false,"boss_relics":[{"not_picked":["Empty Cage","Philosopher\u0027s Stone"],"picked":"bronze:MakeshiftBattery"}],"items_purged_floors":[31],"is_endless":false,"potions_floor_spawned":[3,5,9,14,15,16,20,26,29,30],"killed_by":"DF_ARCHETYPE_CLAW","ascension_level":2}}