{"host":"ormi09wwzv7sq47a","time":1613760346,"event":{"mods":["2.2 Compatiblity","AchievementEnabler","Act Like it!","BaseMod","Bestiary","Better Altar","Better Note","Better Sensory Stone","Better Silent Start","Better Skull","Better Third Choice","Better Vampires","BetterRewards","Block Reminder","Card Forge","Colored Map","Colored Powertips","Curses Come First","DeckTracker","Downfall","Highlight Path","Minty Spire (QoL Compilation)","Permanent Neow","Quick Restart","Rare Cards Sparkle","Relic Stats","Shop Mod","StSLib","The Jungle"],"gold_per_floor":[43,62,74,84,48,48,80,80,80,96,96,112,132,146,146,245,245,265,280,291,308,323,354,354,269,269,269,194,210,226,260,260,360,360,378,378,70,83,101,133,247,247,271,297,197,207,207,223,223,223,223,223,98,127,127,127,127],"floor_reached":55,"language":"ENG","playtime":4403,"items_purged":["hexamod:Strike","hexamod:Strike","hexamod:Strike"],"score":1168,"play_id":"2431f1d4-324f-47f4-9f5e-d76b50f594c1","local_time":"20210219164546","is_ascension_mode":true,"campfire_choices":[{"data":"hexamod:ExtraCrispy","floor":6.0,"key":"SMITH"},{"data":"hexamod:HexaLevel","floor":8.0,"key":"SMITH"},{"data":"hexamod:ExtraCrispy","floor":11.0,"key":"SMITH"},{"data":"hexamod:PhantomCloak","floor":15.0,"key":"SMITH"},{"data":"hexamod:WildfireWeapon","floor":24.0,"key":"SMITH"},{"data":"hexamod:TimeOfNeed","floor":27.0,"key":"SMITH"},{"data":"hexamod:GhostOfSpireFuture","floor":32,"key":"SMITH"},{"data":"hexamod:TimeWarp","floor":42,"key":"SMITH"},{"floor":47,"key":"RECALL"},{"data":"hexamod:RadiantFlame","floor":49,"key":"SMITH"},{"data":"hexamod:Again","floor":52,"key":"SMITH"}],"circlet_count":0,"master_deck":["hexamod:Defend","hexamod:Defend","hexamod:Defend","hexamod:Defend","hexamod:Sear","hexamod:Float","hexamod:StepThrough","hexamod:BurningTouch","hexamod:FlamesFromBeyond","hexamod:ThermalTransfer","hexamod:ExtraCrispy+1","hexamod:HexaLevel+1","hexamod:ExtraCrispy+1","hexamod:AdvancingGuard","hexamod:PhantomCloak+1","hexamod:Again+1","hexamod:WildfireWeapon+1","hexamod:HeatMetal+1","hexamod:FastForward+1","hexamod:TimeOfNeed+1","hexamod:RecurringNightmare+1","hexamod:GhostOfSpireFuture+1","hexamod:Hexaguard+1","hexamod:Again+1","hexamod:BacktrackSmack+1","hexamod:Hexaguard+1","hexamod:TimeWarp+1","hexamod:SpectersWail+1","hexamod:HeatCrush","hexamod:GhostShield+1","hexamod:RadiantFlame+1","hexamod:FlamesFromBeyond+1"],"relics":["hexamod:UnbrokenSoul","Hammer of Thor","Seething Fire","Anvil of the Gods","FossilizedHelix","Bronze Scales","Bird Faced Urn","Lantern","Orichalcum","Sling","Letter Opener","Guardian:GemstoneGun","Odd Mushroom","CaptainsWheel","Dead Branch","White Beast Statue","Bottled Flame","Sozu","Ancient Tea Set","hexamod:Sixitude","MealTicket","Incense Burner","hexamod:MatchstickCase"],"acts_visited":["Exordium","TheCity","TheBeyond","TheEnding"],"potions_floor_usage":[54],"damage_taken":[{"damage":0.0,"enemies":"Jaw Worm","floor":1.0,"turns":3.0},{"damage":0.0,"enemies":"Small Slimes","floor":2.0,"turns":3.0},{"damage":0.0,"enemies":"2 Louse","floor":3.0,"turns":2.0},{"damage":1.0,"enemies":"Lots of Slimes","floor":4.0,"turns":3.0},{"damage":0.0,"enemies":"Lagavulin","floor":7.0,"turns":4.0},{"damage":2.0,"enemies":"Large Slime","floor":10.0,"turns":4.0},{"damage":0.0,"enemies":"Gremlin Gang","floor":12.0,"turns":3.0},{"damage":16.0,"enemies":"The Mushroom Lair","floor":13.0,"turns":4.0},{"damage":0.0,"enemies":"3 Louse","floor":14.0,"turns":3.0},{"damage":32.0,"enemies":"Hexaghost","floor":16.0,"turns":8.0},{"damage":8.0,"enemies":"Shell Parasite","floor":18.0,"turns":6.0},{"damage":0.0,"enemies":"Chosen","floor":19.0,"turns":4.0},{"damage":11.0,"enemies":"Sentry and Sphere","floor":20.0,"turns":5.0},{"damage":8.0,"enemies":"Snake Plant","floor":21.0,"turns":3.0},{"damage":8.0,"enemies":"Cultist and Chosen","floor":22.0,"turns":5.0},{"damage":22.0,"enemies":"Gremlin Leader","floor":23.0,"turns":5.0},{"damage":0.0,"enemies":"Snecko","floor":29.0,"turns":4.0},{"damage":0.0,"enemies":"Centurion and Healer","floor":30.0,"turns":6.0},{"damage":18,"enemies":"Book of Stabbing","floor":31,"turns":3},{"damage":24,"enemies":"Automaton","floor":33,"turns":7},{"damage":0,"enemies":"3 Shapes","floor":35,"turns":5},{"damage":0,"enemies":"3 Darklings","floor":38,"turns":3},{"damage":0,"enemies":"Spire Growth","floor":39,"turns":3},{"damage":21,"enemies":"Giant Head","floor":40,"turns":6},{"damage":24,"enemies":"Reptomancer","floor":44,"turns":6},{"damage":5,"enemies":"Sphere and 2 Shapes","floor":46,"turns":5},{"damage":0,"enemies":"4 Shapes","floor":48,"turns":2},{"damage":105,"enemies":"Donu and Deca","floor":50,"turns":9},{"damage":3,"enemies":"Shield and Spear","floor":54,"turns":5},{"damage":86,"enemies":"The Heart","floor":55,"turns":6}],"seed_played":"6307077911350996083","potions_obtained":[{"floor":4.0,"key":"DuplicationPotion"},{"floor":10.0,"key":"AttackPotion"},{"floor":12.0,"key":"LiquidBronze"},{"floor":13.0,"key":"Energy Potion"},{"floor":14.0,"key":"DuplicationPotion"},{"floor":21.0,"key":"Explosive Potion"},{"floor":29.0,"key":"FairyPotion"},{"floor":30,"key":"Strength Potion"},{"floor":31,"key":"bronze:BurnAndBuffPotion"}],"is_trial":false,"path_per_floor":["M","M","M","M","$","R","E","R","T","M","R","M","?","M","R","B",null,"M","M","M","M","M","E","R","?","T","R","?","M","M","E","R","B",null,"M","?","$","M","M","E","?","R","T","E","$","M","R","M","R","B",null,"R","$","E","B"],"character_chosen":"THE_SPIRIT","items_purchased":["Bronze Scales","Lantern","Orichalcum","Sling","hexamod:ExtraCrispy","hexamod:Sixitude"],"campfire_rested":0,"item_purchase_floors":[0,0,0,0,5,37],"current_hp_per_floor":[29,29,29,28,28,28,32,32,32,34,34,36,26,34,34,10,70,62,70,61,57,59,51,51,51,51,51,51,61,70,58,58,48,70,70,70,70,70,70,49,42,42,42,30,45,54,54,62,62,23,70,70,70,67,0,0,0],"gold":127,"neow_bonus":"","is_daily":false,"chose_seed":false,"campfire_upgraded":10,"win_rate":0.0,"timestamp":1613760346,"path_taken":["M","M","M","M","$","R","E","R","T","M","R","M","?","M","R","BOSS","M","M","M","M","M","E","R","?","T","R","?","M","M","E","R","BOSS","M","?","$","?","M","E","?","R","T","E","$","?","R","M","R","BOSS","R","$","E","BOSS"],"items_purchased_type":["Relic","Relic","Relic","Relic","Card","Relic"],"build_version":"2020-12-22","purchased_purges":3,"victory":false,"max_hp_per_floor":[70,70,70,70,70,70,70,70,70,70,70,70,70,70,70,70,70,70,70,70,70,70,70,70,70,70,70,70,70,70,70,70,70,70,70,70,70,70,70,70,70,70,70,70,70,70,70,70,70,70,70,70,70,70,70,70,70],"relic_stats":{"Sozu":8,"counters":[52,240],"Bronze Scales":[785],"Bird Faced Urn":[181],"Dead Branch":[133],"MealTicket":21,"Letter Opener":[642],"Orichalcum":[162],"obtain_stats":[{"Lantern":44,"Singing Bowl":27,"downfall:HeartBlessingGreen":30,"Hammer of Thor":0,"Incense Burner":44,"Whetstone":52,"Sling":0,"Ancient Tea Set":36,"Blood Vial":31,"Sozu":34,"Centennial Puzzle":45,"downfall:HeartBlessingBlue":42,"Tiny Chest":7,"MealTicket":38,"hexamod:RecyclingMachine":27,"Toxic Egg 2":22,"hexamod:SpiritBrand":0,"downfall:HeartBlessingRed":46,"Happy Flower":53,"Golden Idol":11,"Guardian:GemstoneGun":39,"Dead Branch":25,"hexamod:Sixitude":37,"Eternal Feather":25,"hexamod:InflammatoryLetter":38,"Pen Nib":41,"Omamori":28,"Seething Fire":0,"Letter Opener":7,"Frozen Egg 2":14,"Orichalcum":0,"Odd Mushroom":13,"MawBank":3,"Medical Kit":22,"Akabeko":43,"White Beast Statue":26,"hexamod:MatchstickCase":13,"Anchor":40,"CaptainsWheel":23,"Bottled Flame":31,"Busted Crown":17,"hexamod:UnbrokenSoul":17,"Anvil of the Gods":0,"Bronze Scales":0,"Bird Faced Urn":0,"Toy Ornithopter":24,"FossilizedHelix":0},{"Lantern":19,"Singing Bowl":12,"downfall:HeartBlessingGreen":14,"Hammer of Thor":0,"Incense Burner":47,"Whetstone":21,"Sling":22,"Ancient Tea Set":43,"Blood Vial":14,"Sozu":42,"Centennial Puzzle":19,"downfall:HeartBlessingBlue":18,"Tiny Chest":4,"MealTicket":16,"hexamod:RecyclingMachine":12,"Toxic Egg 2":10,"hexamod:SpiritBrand":0,"downfall:HeartBlessingRed":19,"Happy Flower":21,"Golden Idol":4,"Guardian:GemstoneGun":17,"Dead Branch":38,"hexamod:Sixitude":43,"Eternal Feather":11,"hexamod:InflammatoryLetter":16,"Pen Nib":18,"Omamori":13,"Seething Fire":0,"Letter Opener":27,"Frozen Egg 2":5,"Orichalcum":22,"Odd Mushroom":30,"MawBank":2,"Medical Kit":10,"Akabeko":19,"White Beast Statue":38,"hexamod:MatchstickCase":4,"Anchor":18,"CaptainsWheel":38,"Bottled Flame":41,"Busted Crown":6,"hexamod:UnbrokenSoul":32,"Anvil of the Gods":0,"Bronze Scales":22,"Bird Faced Urn":22,"Toy Ornithopter":10,"FossilizedHelix":22},{"Lantern":69,"Singing Bowl":38,"downfall:HeartBlessingGreen":45,"Hammer of Thor":0,"Incense Burner":213,"Whetstone":80,"Sling":105,"Ancient Tea Set":195,"Blood Vial":45,"Sozu":190,"Centennial Puzzle":69,"downfall:HeartBlessingBlue":64,"Tiny Chest":7,"MealTicket":54,"hexamod:RecyclingMachine":38,"Toxic Egg 2":30,"hexamod:SpiritBrand":0,"downfall:HeartBlessingRed":69,"Happy Flower":80,"Golden Idol":7,"Guardian:GemstoneGun":58,"Dead Branch":170,"hexamod:Sixitude":195,"Eternal Feather":34,"hexamod:InflammatoryLetter":54,"Pen Nib":64,"Omamori":42,"Seething Fire":0,"Letter Opener":120,"Frozen Egg 2":11,"Orichalcum":105,"Odd Mushroom":131,"MawBank":3,"Medical Kit":30,"Akabeko":69,"White Beast Statue":170,"hexamod:MatchstickCase":7,"Anchor":64,"CaptainsWheel":170,"Bottled Flame":183,"Busted Crown":16,"hexamod:UnbrokenSoul":142,"Anvil of the Gods":0,"Bronze Scales":105,"Bird Faced Urn":105,"Toy Ornithopter":30,"FossilizedHelix":105}]},"card_choices":[{"not_picked":["hexamod:InspiringFlames","hexamod:AdvancingGuard"],"picked":"hexamod:StepThrough","floor":1.0},{"not_picked":["hexamod:GhostShield","hexamod:NightmareStrike"],"picked":"hexamod:BurningTouch","floor":2.0},{"not_picked":["hexamod:PhantomFireball","hexamod:BacktrackSmack"],"picked":"hexamod:FlamesFromBeyond","floor":3.0},{"not_picked":["hexamod:Rewind","hexamod:FirstSeal"],"picked":"hexamod:ThermalTransfer","floor":4.0},{"not_picked":["hexamod:RecurringNightmare","hexamod:ThermalTransfer"],"picked":"hexamod:HexaLevel","floor":7.0},{"not_picked":["hexamod:GhostOfSpireFuture","hexamod:FastForward"],"picked":"hexamod:ExtraCrispy","floor":10.0},{"not_picked":["hexamod:BurningTouch","hexamod:NightmareGuise"],"picked":"hexamod:AdvancingGuard","floor":12.0},{"not_picked":["hexamod:SwordOfDarkness","hexamod:GhostLash"],"picked":"hexamod:PhantomCloak","floor":13.0},{"not_picked":["hexamod:FifthSeal","hexamod:FastForward"],"picked":"hexamod:Again","floor":14.0},{"not_picked":["hexamod:GiftsFromTheDead","hexamod:TurnItUp"],"picked":"hexamod:WildfireWeapon","floor":16.0},{"not_picked":["hexamod:FastForward","hexamod:Firestarter"],"picked":"hexamod:HeatMetal+1","floor":18.0},{"not_picked":["hexamod:HeatMetal","hexamod:InspiringFlames"],"picked":"hexamod:FastForward+1","floor":19.0},{"not_picked":["hexamod:Hexaguard","hexamod:SwordOfDarkness"],"picked":"hexamod:TimeOfNeed","floor":20.0},{"not_picked":["hexamod:Firestarter","hexamod:HeatMetal+1"],"picked":"hexamod:RecurringNightmare+1","floor":21.0},{"not_picked":["hexamod:InspiringFlames","hexamod:HeatMetal"],"picked":"hexamod:GhostOfSpireFuture","floor":22.0},{"not_picked":["hexamod:AdvancingGuard","hexamod:HauntingEcho"],"picked":"hexamod:Hexaguard+1","floor":23.0},{"not_picked":["hexamod:GhostShield","hexamod:NightmareStrike"],"picked":"hexamod:Again+1","floor":29.0},{"not_picked":["hexamod:AdvancingGuard","hexamod:GhostOfSpireFuture"],"picked":"hexamod:BacktrackSmack+1","floor":30},{"not_picked":["hexamod:SpectersWail+1","hexamod:HeatMetal"],"picked":"hexamod:Hexaguard+1","floor":31},{"not_picked":["hexamod:HexaLevel","hexamod:GhostOfSpirePresent"],"picked":"hexamod:TimeWarp","floor":33},{"not_picked":["hexamod:HeatMetal+1","hexamod:SecondSeal"],"picked":"hexamod:SpectersWail+1","floor":35},{"not_picked":["hexamod:GhostOfSpirePast","hexamod:Hexaguard+1"],"picked":"hexamod:HeatCrush","floor":38},{"not_picked":["hexamod:StepThrough+1","hexamod:SuperheatedStrike+1","hexamod:SecondSeal"],"picked":"SKIP","floor":39},{"not_picked":["hexamod:EmpoweredFlame+1","hexamod:BacktrackSmack+1"],"picked":"hexamod:GhostShield+1","floor":40},{"not_picked":["hexamod:GhostOfSpirePast+1","hexamod:RainOfEmbers"],"picked":"hexamod:RadiantFlame","floor":44},{"not_picked":["hexamod:HauntingEcho+1","hexamod:ThirdSeal","hexamod:Rewind"],"picked":"SKIP","floor":46},{"not_picked":["hexamod:NightmareStrike+1","hexamod:ChargedBarrage","hexamod:BurningTouch"],"picked":"SKIP","floor":48},{"not_picked":["hexamod:BurningTouch","hexamod:Hexaguard"],"picked":"hexamod:FlamesFromBeyond+1","floor":54}],"player_experience":1115277,"relics_obtained":[{"floor":7.0,"key":"Letter Opener"},{"floor":9.0,"key":"Guardian:GemstoneGun"},{"floor":13.0,"key":"Odd Mushroom"},{"floor":23.0,"key":"CaptainsWheel"},{"floor":26.0,"key":"White Beast Statue"},{"floor":31,"key":"Bottled Flame"},{"floor":40,"key":"MealTicket"},{"floor":44,"key":"Incense Burner"},{"floor":54,"key":"hexamod:MatchstickCase"}],"event_choices":[{"damage_healed":0.0,"max_hp_gain":0.0,"max_hp_loss":0.0,"gold_gain":0.0,"event_name":"Mushrooms","player_choice":"Fought Mushrooms","floor":13.0,"gold_loss":0.0,"damage_taken":0.0},{"damage_healed":0.0,"max_hp_gain":0.0,"max_hp_loss":0.0,"gold_gain":0.0,"event_name":"Addict","player_choice":"Obtained Relic","floor":25.0,"gold_loss":85.0,"damage_taken":0.0,"relics_obtained":["Dead Branch"]},{"cards_removed":["hexamod:Strike"],"damage_healed":0.0,"max_hp_gain":0.0,"max_hp_loss":0.0,"gold_gain":0.0,"event_name":"Beggar","player_choice":"Gave Gold","floor":28.0,"gold_loss":75.0,"damage_taken":0.0},{"damage_healed":0,"gold_gain":0,"player_choice":"Gave Potion","damage_taken":0,"relics_obtained":["Ancient Tea Set"],"max_hp_gain":0,"max_hp_loss":0,"event_name":"WeMeetAgain","floor":36,"gold_loss":0},{"damage_healed":0,"gold_gain":114,"player_choice":"GO ","damage_taken":8,"relics_obtained":[],"max_hp_gain":0,"max_hp_loss":0,"event_name":"betterSkull:BetterSkull","floor":41,"gold_loss":0,"cards_upgraded":[]}],"is_beta":false,"boss_relics":[{"not_picked":["hexamod:IceCube","Black Star"],"picked":"hexamod:UnbrokenSoul"},{"not_picked":["bronze:MakeshiftBattery","Tiny House"],"picked":"Sozu"}],"items_purged_floors":[0,45,53],"is_endless":false,"potions_floor_spawned":[4,10,12,13,14,19,21,29,30,31,33,35,38,39,40,44,46,48,54],"killed_by":"The Heart","ascension_level":4}}