{"host":"2c84cb4cp1emursg","time":1613701920,"event":{"mods":["Act Like it!","BaseMod","Better Third Choice","Bossed Relics","Downfall","Hermit","Mimic Mod","Minty Spire (QoL Compilation)","Permanent Neow","StSLib"],"gold_per_floor":[99,119,29,48,61,72,98,16,28,28,42,75,75,175,192,288,288,288,308,318,335,353,353,353],"floor_reached":23,"language":"ENG","playtime":1669,"items_purged":["hermit:Strike_Hermit"],"score":227,"play_id":"1b9101c1-91fd-4191-a681-6adc1d6f59a2","local_time":"20210218193200","is_ascension_mode":true,"campfire_choices":[{"data":"hermit:Snapshot","floor":1,"key":"SMITH"},{"data":"hermit:Adapt","floor":10,"key":"SMITH"},{"data":"hermit:Coalescence","floor":13,"key":"SMITH"},{"data":"hermit:CalledShot","floor":18,"key":"SMITH"}],"circlet_count":0,"master_deck":["hermit:Strike_Hermit","hermit:Strike_Hermit","hermit:Strike_Hermit","hermit:Defend_Hermit","hermit:Defend_Hermit","hermit:Defend_Hermit","hermit:Defend_Hermit","hermit:Snapshot+1","hermit:Covet","hermit:TakeAim","hermit:Deadeye","hermit:Glare","hermit:Malice","hermit:Adapt+1","hermit:Deadeye","hermit:Coalescence+1","hermit:HeroicBravado","hermit:CalledShot+1","hermit:RoundhouseKick","hermit:Deadeye","hermit:CalledShot+1"],"relics":["Runic Pyramid","Dream Catcher","Black Star"],"acts_visited":["Exordium","TheCity"],"potions_floor_usage":[9,16,20,22],"damage_taken":[{"damage":1,"enemies":"Cultist","floor":2,"turns":3},{"damage":10,"enemies":"downfall:FleeingMerchant","floor":3,"turns":4},{"damage":3,"enemies":"2 Louse","floor":4,"turns":3},{"damage":12,"enemies":"Small Slimes","floor":5,"turns":4},{"damage":11,"enemies":"2 Fungi Beasts","floor":6,"turns":3},{"damage":0,"enemies":"downfall:FleeingMerchant","floor":8,"turns":4},{"damage":9,"enemies":"Gremlin Gang","floor":9,"turns":4},{"damage":10,"enemies":"3 Louse","floor":11,"turns":4},{"damage":1,"enemies":"3 Sentries","floor":12,"turns":9},{"damage":1,"enemies":"Large Slime","floor":15,"turns":5},{"damage":3,"enemies":"DF_ARCHETYPE_STREAMLINE","floor":16,"turns":11},{"damage":17,"enemies":"Shell Parasite","floor":19,"turns":5},{"damage":11,"enemies":"3 Byrds","floor":20,"turns":8},{"damage":28,"enemies":"Snake Plant","floor":21,"turns":6},{"damage":9,"enemies":"3 Cultists","floor":22,"turns":7},{"damage":11,"enemies":"Gremlin Leader","floor":23,"turns":1}],"seed_played":"3822610775336501963","potions_obtained":[{"floor":2,"key":"SteroidPotion"},{"floor":6,"key":"Fire Potion"},{"floor":12,"key":"Dexterity Potion"},{"floor":15,"key":"AttackPotion"},{"floor":21,"key":"Block Potion"},{"floor":22,"key":"SmokeBomb"}],"is_trial":false,"path_per_floor":["R","M","$","M","M","M","T","$","M","R","M","E","R","?","M","B",null,"R","M","M","M","M","E"],"character_chosen":"HERMIT","items_purchased":["hermit:Deadeye"],"campfire_rested":0,"item_purchase_floors":[8],"current_hp_per_floor":[75,74,64,61,49,38,38,38,29,29,19,18,18,18,17,14,75,75,58,47,19,10,0,0],"gold":353,"neow_bonus":"BOSS_RELIC","is_daily":false,"chose_seed":false,"campfire_upgraded":4,"win_rate":0.0,"timestamp":1613701920,"path_taken":["R","M","$","M","?","M","T","$","M","R","M","E","R","?","M","BOSS","R","M","M","M","M","E"],"items_purchased_type":["Card"],"build_version":"2020-12-22","purchased_purges":1,"victory":false,"max_hp_per_floor":[75,75,75,75,75,75,75,75,75,75,75,75,75,75,75,75,75,75,75,75,75,75,75,75],"card_choices":[{"not_picked":["hermit:Cheat","hermit:Shortfuse"],"picked":"hermit:TakeAim","floor":2},{"not_picked":["hermit:Roulette","hermit:Feint"],"picked":"hermit:Deadeye","floor":3},{"not_picked":["hermit:Maintenance","hermit:TrackingShot"],"picked":"hermit:Glare","floor":4},{"not_picked":["hermit:Dive","hermit:Glare"],"picked":"hermit:Malice","floor":5},{"not_picked":["hermit:Brawl","hermit:TakeAim"],"picked":"hermit:Adapt","floor":6},{"not_picked":["hermit:LowProfile","hermit:EyeOfTheStorm","hermit:Dive"],"picked":"SKIP","floor":8},{"not_picked":["hermit:Dive","hermit:CalledShot"],"picked":"hermit:Coalescence","floor":9},{"not_picked":["hermit:SprayPray","hermit:Spite"],"picked":"hermit:HeroicBravado","floor":11},{"not_picked":["hermit:FlashPowder","hermit:HoleUp"],"picked":"hermit:CalledShot","floor":12},{"not_picked":["hermit:ItchyTrigger","hermit:HighCaliber","hermit:Headshot"],"picked":"SKIP","floor":15},{"not_picked":["hermit:Reprieve","hermit:Roughhouse"],"picked":"hermit:RoundhouseKick","floor":16},{"not_picked":["hermit:Quickdraw+1","hermit:Roulette","hermit:Combo"],"picked":"SKIP","floor":19},{"not_picked":["hermit:Headshot","hermit:Ricochet","hermit:HighCaliber"],"picked":"SKIP","floor":20},{"not_picked":["hermit:Desperado","hermit:HoleUp"],"picked":"hermit:Deadeye","floor":21},{"not_picked":["hermit:Ricochet","hermit:SprayPray"],"picked":"hermit:CalledShot+1","floor":22}],"player_experience":659033,"relics_obtained":[{"floor":12,"key":"Dream Catcher"}],"event_choices":[],"is_beta":false,"boss_relics":[{"not_picked":["Snecko Eye","Tiny House"],"picked":"Black Star"}],"items_purged_floors":[3],"is_endless":false,"potions_floor_spawned":[2,6,12,15,21,22],"killed_by":"Gremlin Leader","ascension_level":3}}