{"host":"z439itq93uucuvou","time":1613709529,"event":{"mods":["BaseMod","Colored Powertips","Jorbs\u0027s Wanderer Trilogy","Minty Spire (QoL Compilation)","StSLib"],"gold_per_floor":[110,121,134,149,160,160,178,197,243,0,18,352,352,378,378,454,454,465,479,493,505,516,516,573,573,599,599,579,579,616,651,651,728,728,770,786,805,805,805],"floor_reached":38,"language":"ENG","playtime":2072,"items_purged":[],"score":1018,"play_id":"150c8981-11f0-4bec-bfde-d39c41f48a96","local_time":"20210218203849","is_ascension_mode":true,"campfire_choices":[{"data":"LessonLearned","floor":6.0,"key":"SMITH"},{"floor":13.0,"key":"REST"},{"data":"Establishment","floor":15.0,"key":"SMITH"},{"floor":23.0,"key":"REST"},{"floor":25.0,"key":"REST"},{"floor":27.0,"key":"REST"},{"floor":29.0,"key":"REST"},{"floor":32.0,"key":"REST"}],"circlet_count":0,"master_deck":["AscendersBane","Strike_P+1","Strike_P+1","Strike_P","Strike_P","Defend_P+1","Defend_P+1","Defend_P","Defend_P+1","Eruption","Vigilance+1","LessonLearned+1","SandsOfTime","FearNoEvil+1","FlurryOfBlows+1","Tantrum+1","FlurryOfBlows+1","Tantrum+1","Protect+1","Master of Strategy+1","Establishment+1","Collect+1","WindmillStrike","Ragnarok+1","Worship","WreathOfFlame+1","EmptyBody","BattleHymn","Wish","Devotion","Meditate","Blasphemy","JustLucky","SpiritShield","TalkToTheHand","Protect+1","ThirdEye"],"relics":["PureWater","Pen Nib","Old Coin","Incense Burner","Fusion Hammer","Mercury Hourglass","Dream Catcher","Nunchaku","Cursed Key"],"acts_visited":["Exordium","TheCity","TheBeyond"],"potions_floor_usage":[],"damage_taken":[{"damage":16.0,"enemies":"2 Louse","floor":1.0,"turns":2.0},{"damage":1.0,"enemies":"Cultist","floor":2.0,"turns":3.0},{"damage":2.0,"enemies":"Small Slimes","floor":3.0,"turns":3.0},{"damage":4.0,"enemies":"Exordium Thugs","floor":4.0,"turns":3.0},{"damage":3.0,"enemies":"Gremlin Gang","floor":5.0,"turns":5.0},{"damage":3.0,"enemies":"Exordium Wildlife","floor":7.0,"turns":6.0},{"damage":5.0,"enemies":"Blue Slaver","floor":8.0,"turns":2.0},{"damage":0.0,"enemies":"3 Louse","floor":11.0,"turns":3.0},{"damage":10.0,"enemies":"3 Sentries","floor":12.0,"turns":3.0},{"damage":0.0,"enemies":"Lagavulin","floor":14.0,"turns":3.0},{"damage":0.0,"enemies":"Slime Boss","floor":16.0,"turns":3.0},{"damage":0.0,"enemies":"Chosen","floor":18.0,"turns":2.0},{"damage":4.0,"enemies":"3 Byrds","floor":19.0,"turns":3.0},{"damage":0.0,"enemies":"Snecko","floor":20.0,"turns":3.0},{"damage":1.0,"enemies":"Centurion and Healer","floor":21.0,"turns":3.0},{"damage":18.0,"enemies":"Snake Plant","floor":22.0,"turns":4.0},{"damage":58.0,"enemies":"Slavers","floor":24.0,"turns":5.0},{"damage":18.0,"enemies":"Shelled Parasite and Fungi","floor":30.0,"turns":3.0},{"damage":6.0,"enemies":"Book of Stabbing","floor":31.0,"turns":2.0},{"damage":11.0,"enemies":"Automaton","floor":33.0,"turns":5.0},{"damage":22.0,"enemies":"3 Darklings","floor":35.0,"turns":4.0},{"damage":3.0,"enemies":"Orb Walker","floor":36.0,"turns":2.0},{"damage":20.0,"enemies":"3 Darklings","floor":37.0,"turns":3.0},{"damage":19,"enemies":"Writhing Mass","floor":38,"turns":4}],"seed_played":"-3263427927371818196","potions_obtained":[{"floor":1.0,"key":"Block Potion"},{"floor":3.0,"key":"DistilledChaos"},{"floor":7.0,"key":"SneckoOil"},{"floor":11.0,"key":"BottledMiracle"},{"floor":16.0,"key":"SpeedPotion"},{"floor":21.0,"key":"Fruit Juice"},{"floor":24.0,"key":"SteroidPotion"},{"floor":28.0,"key":"Regen Potion"},{"floor":33.0,"key":"StancePotion"},{"floor":36.0,"key":"SteroidPotion"},{"floor":37.0,"key":"Fruit Juice"}],"is_trial":false,"path_per_floor":["M","M","M","M","M","R","M","M","T","$","M","E","R","E","R","B",null,"M","M","M","M","M","R","E","R","T","R","?","R","M","E","R","B",null,"M","M","M","M"],"character_chosen":"WATCHER","items_purchased":["Master of Strategy","SteroidPotion"],"campfire_rested":6,"item_purchase_floors":[10,10],"current_hp_per_floor":[45,44,42,38,35,35,32,27,27,27,27,17,37,37,37,37,60,60,56,56,60,42,63,5,26,26,47,47,68,50,44,65,54,68,46,43,28,9,9],"gold":805,"neow_bonus":"ONE_RANDOM_RARE_CARD","is_daily":false,"chose_seed":false,"campfire_upgraded":2,"win_rate":0.0,"timestamp":1613709529,"path_taken":["M","M","M","M","M","R","M","M","T","$","M","E","R","E","R","BOSS","M","M","M","M","M","R","E","R","T","R","?","R","M","E","R","BOSS","M","M","M","M"],"items_purchased_type":["Card","Potion"],"build_version":"2020-12-22","purchased_purges":0,"victory":false,"max_hp_per_floor":[68,68,68,68,68,68,68,68,68,68,68,68,68,68,68,68,68,68,68,68,73,73,73,73,73,73,73,73,73,73,73,73,73,73,73,73,78,78,78],"card_choices":[{"not_picked":["WreathOfFlame","Crescendo"],"picked":"SandsOfTime","floor":1.0},{"not_picked":["PathToVictory","WaveOfTheHand"],"picked":"FearNoEvil","floor":2.0},{"not_picked":["CrushJoints","EmptyFist"],"picked":"FlurryOfBlows","floor":3.0},{"not_picked":["Nirvana","WindmillStrike"],"picked":"Tantrum","floor":4.0},{"not_picked":["SashWhip","ThirdEye"],"picked":"FlurryOfBlows","floor":5.0},{"not_picked":["FollowUp","Consecrate"],"picked":"Tantrum","floor":7.0},{"not_picked":["SashWhip","Vengeance"],"picked":"Protect","floor":8.0},{"not_picked":["Pray","Evaluate"],"picked":"Establishment","floor":11.0},{"not_picked":["Tantrum","SashWhip"],"picked":"Collect","floor":12.0},{"not_picked":["ThirdEye","Halt"],"picked":"WindmillStrike","floor":14.0},{"not_picked":["Devotion","DevaForm"],"picked":"Ragnarok","floor":16.0},{"not_picked":["Consecrate","Evaluate"],"picked":"Worship","floor":18.0},{"not_picked":["SignatureMove","FlurryOfBlows"],"picked":"WreathOfFlame+1","floor":19.0},{"not_picked":["ClearTheMind","CrushJoints+1"],"picked":"EmptyBody","floor":20.0},{"not_picked":["EmptyBody","WaveOfTheHand"],"picked":"BattleHymn","floor":21.0},{"not_picked":["ThirdEye","Halt"],"picked":"Wish","floor":22.0},{"not_picked":["BowlingBash","Crescendo"],"picked":"Devotion","floor":24.0},{"not_picked":["WreathOfFlame","EmptyFist"],"picked":"Meditate","floor":29.0},{"not_picked":["JustLucky","Consecrate","Conclude"],"picked":"SKIP","floor":30.0},{"not_picked":["DeceiveReality","CrushJoints"],"picked":"Blasphemy","floor":31.0},{"not_picked":["FlyingSleeves","FlurryOfBlows"],"picked":"JustLucky","floor":32.0},{"not_picked":["Vault","MasterReality"],"picked":"SpiritShield","floor":33.0},{"not_picked":["Perseverance+1","ForeignInfluence"],"picked":"TalkToTheHand","floor":35.0},{"not_picked":["EmptyBody","Collect+1"],"picked":"Protect+1","floor":36.0},{"not_picked":["FlurryOfBlows","SandsOfTime"],"picked":"ThirdEye","floor":37.0}],"player_experience":1508047,"relics_obtained":[{"floor":9.0,"key":"Pen Nib"},{"floor":12.0,"key":"Old Coin"},{"floor":14.0,"key":"Incense Burner"},{"floor":24.0,"key":"Mercury Hourglass"},{"floor":26.0,"key":"Dream Catcher"},{"floor":31.0,"key":"Nunchaku"}],"event_choices":[{"damage_healed":0.0,"max_hp_gain":0.0,"max_hp_loss":0.0,"gold_gain":0.0,"event_name":"The Woman in Blue","player_choice":"Bought 1 Potion","floor":28.0,"gold_loss":0.0,"damage_taken":0.0}],"is_beta":false,"boss_relics":[{"not_picked":["SacredBark","HolyWater"],"picked":"Fusion Hammer"},{"not_picked":["VioletLotus","Astrolabe"],"picked":"Cursed Key"}],"items_purged_floors":[],"is_endless":false,"potions_floor_spawned":[1,3,4,7,11,16,20,21,24,33,35,36,37],"killed_by":"Writhing Mass","ascension_level":19}}