{"host":"spd19cimorv47raq","time":1613752714,"event":{"mods":["AchievementEnabler","BaseMod","Colored Map","Keyboard Shortcuts","Minty Spire (QoL Compilation)","StSLib","SuperFastMode"],"gold_per_floor":[116,136,151,167,21,51,51,67,93,93,168,168,198,198,198,198,198],"floor_reached":16,"language":"KOR","playtime":414,"items_purged":[],"score":220,"play_id":"6c9db593-480d-45e5-86f4-9d3174662e45","local_time":"20210220013834","is_ascension_mode":true,"campfire_choices":[{"data":"Shockwave","floor":7,"key":"SMITH"},{"data":"Bludgeon","floor":10,"key":"SMITH"},{"floor":12,"key":"REST"},{"data":"Shrug It Off","floor":15,"key":"SMITH"}],"circlet_count":0,"master_deck":["AscendersBane","Strike_R","Strike_R","Strike_R","Strike_R","Strike_R","Defend_R","Defend_R","Defend_R","Defend_R","Bash","Carnage","Cleave","Bludgeon+1","Shockwave+1","Shrug It Off+1","Ghostly Armor","Clothesline+1","Bash+1"],"relics":["Burning Blood","NeowsBlessing","Molten Egg 2","Strawberry","Dream Catcher"],"acts_visited":["Exordium"],"potions_floor_usage":[6,13,16],"damage_taken":[{"damage":0.0,"enemies":"Jaw Worm","floor":1.0,"turns":1.0},{"damage":0.0,"enemies":"2 Louse","floor":2.0,"turns":1.0},{"damage":0.0,"enemies":"Cultist","floor":3.0,"turns":1.0},{"damage":44.0,"enemies":"Exordium Wildlife","floor":4.0,"turns":7.0},{"damage":29,"enemies":"Gremlin Nob","floor":6,"turns":4},{"damage":6,"enemies":"Large Slime","floor":8,"turns":5},{"damage":13,"enemies":"3 Sentries","floor":13,"turns":8},{"damage":43,"enemies":"Hexaghost","floor":16,"turns":9}],"seed_played":"1098615055964541665","potions_obtained":[{"floor":3.0,"key":"SteroidPotion"},{"floor":6,"key":"EssenceOfSteel"},{"floor":13,"key":"SkillPotion"}],"is_trial":false,"path_per_floor":["M","M","M","M","$","E","R","M","T","R","?","R","E","?","R","B"],"character_chosen":"IRONCLAD","items_purchased":["Shockwave","Shrug It Off","BloodPotion"],"campfire_rested":1,"item_purchase_floors":[5,5,5],"current_hp_per_floor":[74,75,75,37,37,29,29,29,36,36,25,49,42,42,42,0,0],"gold":198,"neow_bonus":"THREE_ENEMY_KILL","is_daily":false,"chose_seed":false,"campfire_upgraded":3,"win_rate":0.0,"timestamp":1613752714,"path_taken":["M","M","M","M","$","E","R","M","T","R","?","R","E","?","R","BOSS"],"items_purchased_type":["Card","Card","Potion"],"build_version":"2020-12-22","purchased_purges":0,"victory":false,"max_hp_per_floor":[75,75,75,75,75,75,75,75,82,82,82,82,82,82,82,82,82],"card_choices":[{"not_picked":["Iron Wave","Spot Weakness"],"picked":"Carnage","floor":1.0},{"not_picked":["Sword Boomerang","Clothesline"],"picked":"Cleave","floor":2.0},{"not_picked":["Flex","Spot Weakness","Clash"],"picked":"SKIP","floor":3.0},{"not_picked":["Flex","Spot Weakness","Clash"],"picked":"SKIP","floor":3.0},{"not_picked":["Wild Strike","Flex"],"picked":"Bludgeon","floor":4.0},{"not_picked":["True Grit","Sword Boomerang+1"],"picked":"Ghostly Armor","floor":6},{"not_picked":["Anger+1","Sword Boomerang+1"],"picked":"Clothesline+1","floor":8},{"not_picked":["Clothesline+1","Sword Boomerang+1","Perfected Strike+1"],"picked":"SKIP","floor":13},{"not_picked":["Clothesline+1","Sword Boomerang+1","Perfected Strike+1"],"picked":"SKIP","floor":13}],"player_experience":866143,"relics_obtained":[{"floor":6,"key":"Molten Egg 2"},{"floor":9,"key":"Strawberry"},{"floor":13,"key":"Dream Catcher"}],"event_choices":[{"damage_healed":0,"gold_gain":75,"player_choice":"Gather Gold","damage_taken":11,"max_hp_gain":0,"max_hp_loss":0,"event_name":"World of Goop","floor":11,"gold_loss":0},{"damage_healed":0,"gold_gain":0,"player_choice":"1 cards matched","damage_taken":0,"max_hp_gain":0,"max_hp_loss":0,"event_name":"Match and Keep!","floor":14,"gold_loss":0,"cards_obtained":["Bash"]},{"damage_healed":0,"gold_gain":0,"player_choice":"1 cards matched","damage_taken":0,"max_hp_gain":0,"max_hp_loss":0,"event_name":"Match and Keep!","floor":14,"gold_loss":0,"cards_obtained":["Bash"]},{"damage_healed":0,"gold_gain":0,"player_choice":"1 cards matched","damage_taken":0,"max_hp_gain":0,"max_hp_loss":0,"event_name":"Match and Keep!","floor":14,"gold_loss":0,"cards_obtained":["Bash"]}],"is_beta":false,"boss_relics":[],"items_purged_floors":[],"is_endless":false,"potions_floor_spawned":[3,6,13],"killed_by":"Hexaghost","ascension_level":20}}