{"host":"AppleFritter","time":1613703636,"event":{"mods":["BaseMod","Block Reminder","Colored Map","Colored Powertips","Curses Come First","Highlight Path","Minty Spire (QoL Compilation)","Potion Indicator Mod","Quick Restart","Relic Stats","StSLib","ojb\u0027s Info Mod"],"gold_per_floor":[116,116,126,144,144,177,177,202,228,228,19,19,19,32,32,129,129,143,161,178,178,188,216,233,250,250,250,350,350,350,370,370,470,470,485,103,0,0,15,15,25,39,115,125,139,149,49,49,49,49],"floor_reached":51,"language":"ENG","playtime":24143,"items_purged":[],"score":656,"play_id":"206b973e-94a8-4445-9815-b1604858d409","local_time":"20210218220036","is_ascension_mode":false,"campfire_choices":[{"data":"Bloodletting","floor":7.0,"key":"SMITH"},{"floor":10.0,"key":"REST"},{"data":"Bludgeon","floor":13.0,"key":"SMITH"},{"data":"Bash","floor":15.0,"key":"SMITH"},{"floor":27.0,"key":"REST"},{"floor":29.0,"key":"REST"},{"floor":32.0,"key":"REST"},{"floor":40.0,"key":"REST"},{"floor":49.0,"key":"REST"}],"circlet_count":0,"master_deck":["Strike_R","Strike_R","Strike_R","Strike_R+1","Strike_R+1","Defend_R","Defend_R","Defend_R","Defend_R","Bash+1","Battle Trance","Inflame+1","Bloodletting+1","Metallicize","Clash","Bludgeon+1","Anger","Juggernaut","Blood for Blood+1","Shockwave","Sword Boomerang","Bludgeon+1","Pommel Strike","Twin Strike","Dual Wield+1","Infernal Blade","Inflame+1","Shrug It Off+1","Bludgeon","Sword Boomerang+1","Fire Breathing","Clash+1","Pommel Strike+1","Headbutt+1","Parasite","Shrug It Off+1","Perfected Strike","Double Tap"],"relics":["Burning Blood","Anchor","Boot","Toy Ornithopter","Gremlin Horn","SlaversCollar","Paper Frog","Matryoshka","TungstenRod","Letter Opener","Fusion Hammer","Shuriken","Red Mask","HornCleat","Eternal Feather"],"acts_visited":["TheBeyond"],"potions_floor_usage":[50],"damage_taken":[{"damage":7.0,"enemies":"Small Slimes","floor":1.0,"turns":4.0},{"damage":6.0,"enemies":"2 Louse","floor":3.0,"turns":2.0},{"damage":13.0,"enemies":"Jaw Worm","floor":4.0,"turns":3.0},{"damage":21.0,"enemies":"Gremlin Nob","floor":6.0,"turns":3.0},{"damage":28.0,"enemies":"Lagavulin","floor":8.0,"turns":6.0},{"damage":0.0,"enemies":"Gremlin Gang","floor":14.0,"turns":4.0},{"damage":37.0,"enemies":"Hexaghost","floor":16.0,"turns":9.0},{"damage":18.0,"enemies":"Shell Parasite","floor":18.0,"turns":3.0},{"damage":13.0,"enemies":"2 Thieves","floor":19.0,"turns":3.0},{"damage":38.0,"enemies":"Sentry and Sphere","floor":20.0,"turns":6.0},{"damage":11.0,"enemies":"Snake Plant","floor":22.0,"turns":2.0},{"damage":47.0,"enemies":"Gremlin Leader","floor":23.0,"turns":4.0},{"damage":10.0,"enemies":"Snecko","floor":24.0,"turns":3.0},{"damage":15.0,"enemies":"Chosen and Byrds","floor":25.0,"turns":5.0},{"damage":27.0,"enemies":"Colosseum Slavers","floor":28.0,"turns":4.0},{"damage":26.0,"enemies":"Colosseum Nobs","floor":28.0,"turns":4.0},{"damage":5.0,"enemies":"Shelled Parasite and Fungi","floor":31.0,"turns":3.0},{"damage":56.0,"enemies":"Automaton","floor":33.0,"turns":8.0},{"damage":0.0,"enemies":"3 Shapes","floor":35.0,"turns":4.0},{"damage":12.0,"enemies":"Orb Walker","floor":39.0,"turns":3.0},{"damage":6.0,"enemies":"4 Shapes","floor":41.0,"turns":2.0},{"damage":59.0,"enemies":"Maw","floor":42.0,"turns":6.0},{"damage":4.0,"enemies":"Writhing Mass","floor":44.0,"turns":4.0},{"damage":0.0,"enemies":"3 Darklings","floor":45.0,"turns":3.0},{"damage":11.0,"enemies":"Spire Growth","floor":46.0,"turns":4.0},{"damage":93,"enemies":"Awakened One","floor":50,"turns":8}],"seed_played":"-4354964558918125127","potions_obtained":[{"floor":3.0,"key":"BloodPotion"},{"floor":6.0,"key":"Ancient Potion"},{"floor":8.0,"key":"Regen Potion"},{"floor":28.0,"key":"Weak Potion"},{"floor":31.0,"key":"LiquidBronze"},{"floor":38.0,"key":"BlessingOfTheForge"}],"is_trial":false,"path_per_floor":["M","?","M","M","?","E","R","E","T","R","$","T","R","M","R","B",null,"M","M","M","?","M","E","M","M","T","R","?","R","?","M","R","B",null,"M","$","?","?","M","R","M","M","T","M","M","M","$","?","R","B",null],"character_chosen":"IRONCLAD","items_purchased":["Bludgeon","BloodPotion","Shuriken","FearPotion","Weak Potion","Fire Breathing","FairyPotion"],"campfire_rested":6,"item_purchase_floors":[11,11,36,36,36,36,47],"current_hp_per_floor":[87,69,69,62,62,47,47,25,25,51,51,51,51,57,57,26,88,76,69,37,37,32,35,31,41,41,67,26,52,52,53,79,39,88,88,88,88,88,82,88,88,35,35,37,43,43,43,43,88,32],"gold":49,"neow_bonus":"TEN_PERCENT_HP_BONUS","is_daily":false,"chose_seed":false,"campfire_upgraded":3,"win_rate":0.0,"timestamp":1613703636,"path_taken":["M","?","M","M","?","E","R","E","T","R","$","?","R","M","R","BOSS","M","M","?","?","?","E","M","?","T","R","?","R","?","?","R","BOSS","M","$","?","?","M","R","?","M","T","M","M","M","$","?","R","BOSS"],"items_purchased_type":["Card","Potion","Relic","Potion","Potion","Card","Potion"],"build_version":"2020-12-18","purchased_purges":0,"victory":true,"max_hp_per_floor":[88,88,88,88,88,88,88,88,88,88,88,88,88,88,88,88,88,88,88,88,88,88,88,88,88,88,88,88,88,88,88,88,88,88,88,88,88,88,88,88,88,88,88,88,88,88,88,88,88,88],"relic_stats":{"Gremlin Horn":[10,10],"counters":[8,34],"Shuriken":[15],"Eternal Feather":21,"Letter Opener":[25],"Boot":[3],"obtain_stats":[{"Gremlin Horn":0,"Eternal Feather":43,"Letter Opener":0,"Boot":0,"Burning Blood":0,"SlaversCollar":0,"Anchor":0,"Matryoshka":0,"HornCleat":43,"Shuriken":36,"Fusion Hammer":34,"Red Mask":37,"Toy Ornithopter":0,"TungstenRod":0,"Paper Frog":0},{"Gremlin Horn":0,"Eternal Feather":4,"Letter Opener":0,"Boot":0,"Burning Blood":0,"SlaversCollar":0,"Anchor":0,"Matryoshka":0,"HornCleat":4,"Shuriken":1,"Fusion Hammer":0,"Red Mask":1,"Toy Ornithopter":0,"TungstenRod":0,"Paper Frog":0},{"Gremlin Horn":0,"Eternal Feather":15,"Letter Opener":0,"Boot":0,"Burning Blood":0,"SlaversCollar":0,"Anchor":0,"Matryoshka":0,"HornCleat":15,"Shuriken":4,"Fusion Hammer":0,"Red Mask":4,"Toy Ornithopter":0,"TungstenRod":0,"Paper Frog":0}],"Burning Blood":42,"Toy Ornithopter":5,"TungstenRod":27},"card_choices":[{"not_picked":["Anger","Thunderclap"],"picked":"Battle Trance","floor":1.0},{"not_picked":["True Grit","Armaments"],"picked":"Inflame","floor":3.0},{"not_picked":["Inflame","Armaments"],"picked":"Bloodletting","floor":4.0},{"not_picked":["Thunderclap","Second Wind"],"picked":"Metallicize","floor":6.0},{"not_picked":["Pummel","Shrug It Off"],"picked":"Clash","floor":8.0},{"not_picked":["Disarm","Sword Boomerang"],"picked":"Anger","floor":14.0},{"not_picked":["Berserk","Corruption"],"picked":"Juggernaut","floor":16.0},{"not_picked":["Sword Boomerang","Pommel Strike"],"picked":"Blood for Blood+1","floor":18.0},{"not_picked":["Blood for Blood+1","True Grit+1"],"picked":"Shockwave","floor":19.0},{"not_picked":["True Grit+1","Flex"],"picked":"Sword Boomerang","floor":20.0},{"not_picked":["Blood for Blood","Flex"],"picked":"Pommel Strike","floor":22.0},{"not_picked":["Inflame","Feed"],"picked":"Twin Strike","floor":23.0},{"not_picked":["Shrug It Off","Thunderclap"],"picked":"Dual Wield","floor":24.0},{"not_picked":["Anger","Thunderclap"],"picked":"Infernal Blade","floor":25.0},{"not_picked":["Twin Strike+1","Shockwave"],"picked":"Inflame+1","floor":28.0},{"not_picked":["Warcry","Dual Wield"],"picked":"Shrug It Off+1","floor":31.0},{"not_picked":["Demon Form","Offering"],"picked":"Bludgeon","floor":33.0},{"not_picked":["Combust+1","Clash"],"picked":"Sword Boomerang+1","floor":35.0},{"not_picked":["Disarm+1","Sever Soul+1"],"picked":"Clash+1","floor":39.0},{"not_picked":["Clash","Iron Wave+1"],"picked":"Pommel Strike+1","floor":41.0},{"not_picked":["Sword Boomerang+1","Body Slam+1"],"picked":"Headbutt+1","floor":42.0},{"not_picked":["Pummel+1","Fire Breathing+1"],"picked":"Shrug It Off+1","floor":44.0},{"not_picked":["Thunderclap","Twin Strike"],"picked":"Perfected Strike","floor":45.0},{"not_picked":["Shrug It Off+1","Warcry+1"],"picked":"Double Tap","floor":46.0}],"player_experience":73770,"relics_obtained":[{"floor":6.0,"key":"Anchor"},{"floor":8.0,"key":"Boot"},{"floor":9.0,"key":"Toy Ornithopter"},{"floor":12.0,"key":"Gremlin Horn"},{"floor":23.0,"key":"Paper Frog"},{"floor":26.0,"key":"Matryoshka"},{"floor":28.0,"key":"TungstenRod"},{"floor":28.0,"key":"Letter Opener"},{"floor":43.0,"key":"HornCleat"},{"floor":43.0,"key":"Eternal Feather"}],"event_choices":[{"damage_healed":0.0,"max_hp_gain":0.0,"max_hp_loss":0.0,"gold_gain":0.0,"event_name":"Shining Light","player_choice":"Entered Light","floor":2.0,"gold_loss":0.0,"damage_taken":18.0,"cards_upgraded":["Strike_R","Strike_R"]},{"damage_healed":0.0,"max_hp_gain":0.0,"max_hp_loss":0.0,"gold_gain":0.0,"event_name":"Living Wall","player_choice":"Grow","floor":5.0,"gold_loss":0.0,"damage_taken":0.0,"cards_upgraded":["Inflame"]},{"damage_healed":0.0,"max_hp_gain":0.0,"max_hp_loss":0.0,"gold_gain":0.0,"event_name":"Duplicator","player_choice":"Copied","floor":21.0,"gold_loss":0.0,"damage_taken":0.0,"cards_obtained":["Bludgeon"]},{"damage_healed":0.0,"max_hp_gain":0.0,"max_hp_loss":0.0,"gold_gain":0.0,"event_name":"Colosseum","player_choice":"Fight","floor":28.0,"gold_loss":0.0,"damage_taken":0.0},{"damage_healed":0.0,"max_hp_gain":0.0,"max_hp_loss":0.0,"gold_gain":0.0,"event_name":"Colosseum","player_choice":"Fought Nobs","floor":28.0,"gold_loss":0.0,"damage_taken":0.0},{"damage_healed":0.0,"max_hp_gain":0.0,"max_hp_loss":0.0,"gold_gain":0.0,"event_name":"Accursed Blacksmith","player_choice":"Forge","floor":30.0,"gold_loss":0.0,"damage_taken":0.0,"cards_upgraded":["Dual Wield"]},{"damage_healed":0.0,"max_hp_gain":0.0,"max_hp_loss":0.0,"gold_gain":0.0,"event_name":"Tomb of Lord Red Mask","player_choice":"Paid","floor":37.0,"gold_loss":103.0,"damage_taken":0.0,"relics_obtained":["Red Mask"]},{"damage_healed":0.0,"max_hp_gain":0.0,"max_hp_loss":0.0,"gold_gain":0.0,"event_name":"Lab","player_choice":"Got Potions","floor":38.0,"gold_loss":0.0,"damage_taken":0.0},{"damage_healed":0.0,"max_hp_gain":0.0,"max_hp_loss":0.0,"gold_gain":0.0,"event_name":"Transmorgrifier","player_choice":"Ignored","floor":48.0,"gold_loss":0.0,"damage_taken":0.0}],"is_beta":true,"boss_relics":[{"not_picked":["Coffee Dripper","SacredBark"],"picked":"SlaversCollar"},{"not_picked":["Astrolabe","Black Star"],"picked":"Fusion Hammer"}],"items_purged_floors":[],"is_endless":false,"potions_floor_spawned":[3,6,8,16,20,22,28,28,31,41,44],"ascension_level":0}}