{"host":"9z6a73ubmgnn64m2","time":1613713683,"event":{"mods":["BaseMod","Bestiary","Highlight Path","Minty Spire (QoL Compilation)","Relic Stats"],"gold_per_floor":[113,125,138,152,166,193,193,210,233,233,276,295,330,353,353,477,477,502,525,101,101,101,101,126,126,126,3,3,34,49,65,65,65,65],"floor_reached":33,"language":"ENG","playtime":11967,"items_purged":["Pain"],"score":306,"play_id":"eb5424db-39ca-4d0f-b12c-5be7b52704ea","local_time":"20210219014803","is_ascension_mode":true,"campfire_choices":[{"floor":7,"key":"REST"},{"data":"Bash","floor":15,"key":"SMITH"},{"floor":23,"key":"REST"},{"data":"Corruption","floor":25,"key":"SMITH"},{"data":"Feel No Pain","floor":28,"key":"SMITH"},{"data":"Shrug It Off","floor":32,"key":"SMITH"}],"circlet_count":0,"master_deck":["Strike_R","Strike_R","Strike_R","Strike_R","Strike_R","Defend_R","Defend_R","Defend_R","Defend_R","Bash+1","Feel No Pain+1","Flame Barrier","Pommel Strike","Flex","Fire Breathing","Disarm","Body Slam","Cleave","Burning Pact","Flex","Corruption+1","Warcry","Shrug It Off+1","Shockwave","Anger","RitualDagger","Twin Strike","Decay","Inflame","Dropkick+1","Iron Wave"],"relics":["Burning Blood","Thread and Needle","Boot","Blood Vial","Golden Idol","Toy Ornithopter","Red Skull","Cursed Key","ClockworkSouvenir","Potion Belt","WarpedTongs","Ornamental Fan","Happy Flower"],"acts_visited":["Exordium","TheCity"],"potions_floor_usage":[8,12,13,16,33,33,33,33],"damage_taken":[{"damage":0,"enemies":"Small Slimes","floor":1,"turns":4},{"damage":0,"enemies":"2 Louse","floor":2,"turns":4},{"damage":0,"enemies":"Cultist","floor":3,"turns":4},{"damage":7,"enemies":"Gremlin Gang","floor":4,"turns":9},{"damage":2,"enemies":"3 Louse","floor":5,"turns":3},{"damage":34,"enemies":"Lagavulin","floor":6,"turns":8},{"damage":13,"enemies":"Exordium Thugs","floor":8,"turns":5},{"damage":13,"enemies":"3 Sentries","floor":11,"turns":7},{"damage":0,"enemies":"Exordium Wildlife","floor":12,"turns":5},{"damage":32,"enemies":"Lagavulin","floor":13,"turns":12},{"damage":8,"enemies":"2 Fungi Beasts","floor":14,"turns":4},{"damage":41,"enemies":"Hexaghost","floor":16,"turns":13},{"damage":19,"enemies":"3 Byrds","floor":18,"turns":6},{"damage":16,"enemies":"Spheric Guardian","floor":19,"turns":6},{"damage":12,"enemies":"Chosen and Byrds","floor":24,"turns":8},{"damage":13,"enemies":"Book of Stabbing","floor":29,"turns":5},{"damage":8,"enemies":"Centurion and Healer","floor":30,"turns":6},{"damage":0,"enemies":"Sentry and Sphere","floor":31,"turns":5},{"damage":85,"enemies":"Automaton","floor":33,"turns":10}],"seed_played":"4436264509662867202","potions_obtained":[{"floor":1,"key":"Block Potion"},{"floor":3,"key":"Fire Potion"},{"floor":11,"key":"Energy Potion"},{"floor":14,"key":"Regen Potion"},{"floor":16,"key":"GamblersBrew"},{"floor":31,"key":"Block Potion"}],"is_trial":false,"path_per_floor":["M","M","M","M","M","E","R","M","T","?","E","M","E","M","R","B",null,"M","M","$","?","?","R","M","R","T","$","R","E","M","M","R","B"],"character_chosen":"IRONCLAD","items_purchased":["ClockworkSouvenir","Potion Belt","Shockwave","SteroidPotion","Anger","SteroidPotion"],"campfire_rested":2,"item_purchase_floors":[20,20,20,20,20,27],"current_hp_per_floor":[72,72,72,71,72,44,65,58,58,58,53,66,46,46,46,27,67,54,46,46,40,40,60,56,56,56,56,56,51,51,59,59,0,0],"gold":65,"neow_bonus":"ONE_RARE_RELIC","is_daily":false,"chose_seed":false,"campfire_upgraded":4,"win_rate":0.0,"timestamp":1613713683,"path_taken":["M","M","M","M","M","E","R","M","T","?","E","M","E","M","R","BOSS","M","M","$","?","?","R","?","R","T","$","R","E","M","M","R","BOSS"],"items_purchased_type":["Relic","Relic","Card","Potion","Card","Potion"],"build_version":"2020-12-22","purchased_purges":1,"victory":false,"max_hp_per_floor":[72,72,72,72,72,72,72,72,72,67,67,67,67,67,67,67,67,67,67,67,67,67,67,67,67,67,67,67,67,67,67,67,67,67],"relic_stats":{"Blood Vial":21,"Happy Flower":[7],"counters":[19,124],"Golden Idol":77,"Ornamental Fan":[40],"Boot":[24],"Cursed Key":1,"obtain_stats":[{"Potion Belt":20,"Happy Flower":29,"Golden Idol":10,"Thread and Needle":0,"Boot":6,"Cursed Key":17,"Burning Blood":0,"ClockworkSouvenir":20,"WarpedTongs":22,"Blood Vial":9,"Ornamental Fan":26,"Toy Ornithopter":11,"Red Skull":13},{"Potion Belt":14,"Happy Flower":16,"Golden Idol":7,"Thread and Needle":0,"Boot":6,"Cursed Key":12,"Burning Blood":0,"ClockworkSouvenir":14,"WarpedTongs":14,"Blood Vial":7,"Ornamental Fan":15,"Toy Ornithopter":8,"Red Skull":10},{"Potion Belt":90,"Happy Flower":103,"Golden Idol":37,"Thread and Needle":0,"Boot":32,"Cursed Key":78,"Burning Blood":0,"ClockworkSouvenir":90,"WarpedTongs":90,"Blood Vial":37,"Ornamental Fan":98,"Toy Ornithopter":44,"Red Skull":61}],"Burning Blood":87,"Toy Ornithopter":35,"WarpedTongs":[34]},"card_choices":[{"not_picked":["Evolve","Wild Strike"],"picked":"Feel No Pain","floor":1},{"not_picked":["Anger","Perfected Strike"],"picked":"Flame Barrier","floor":2},{"not_picked":["Iron Wave","Evolve"],"picked":"Pommel Strike","floor":3},{"not_picked":["Rampage","Pommel Strike"],"picked":"Flex","floor":4},{"not_picked":["Wild Strike","Pommel Strike"],"picked":"Fire Breathing","floor":5},{"not_picked":["Warcry","Entrench"],"picked":"Disarm","floor":6},{"not_picked":["True Grit","Impervious"],"picked":"Body Slam","floor":8},{"not_picked":["Sword Boomerang","True Grit"],"picked":"Cleave","floor":11},{"not_picked":["Iron Wave","Headbutt"],"picked":"Burning Pact","floor":12},{"not_picked":["Battle Trance","Flex","Cleave"],"picked":"SKIP","floor":13},{"not_picked":["Burning Pact","Disarm"],"picked":"Flex","floor":14},{"not_picked":["Bludgeon","Reaper"],"picked":"Corruption","floor":16},{"not_picked":["Twin Strike","Pommel Strike+1"],"picked":"Warcry","floor":18},{"not_picked":["Cleave","Corruption"],"picked":"Shrug It Off","floor":19},{"not_picked":["Feel No Pain+1","Dropkick"],"picked":"Twin Strike","floor":24},{"not_picked":["Spot Weakness","Wild Strike+1"],"picked":"Inflame","floor":29},{"not_picked":["Shockwave","Searing Blow"],"picked":"Dropkick+1","floor":30},{"not_picked":["Anger","Shrug It Off+1"],"picked":"Iron Wave","floor":31}],"player_experience":116019,"relics_obtained":[{"floor":6,"key":"Boot"},{"floor":9,"key":"Blood Vial"},{"floor":11,"key":"Toy Ornithopter"},{"floor":13,"key":"Red Skull"},{"floor":26,"key":"Ornamental Fan"},{"floor":29,"key":"Happy Flower"}],"event_choices":[{"damage_healed":0,"gold_gain":0,"player_choice":"Lose Max HP","damage_taken":0,"relics_obtained":["Golden Idol"],"max_hp_gain":0,"max_hp_loss":5,"event_name":"Golden Idol","floor":10,"gold_loss":0},{"damage_healed":0,"gold_gain":0,"player_choice":"Joined the Cult","damage_taken":6,"max_hp_gain":0,"max_hp_loss":0,"event_name":"Nest","floor":21,"gold_loss":0,"cards_obtained":["RitualDagger"]},{"damage_healed":0,"gold_gain":0,"player_choice":"Rummage","damage_taken":0,"relics_obtained":["WarpedTongs"],"max_hp_gain":0,"max_hp_loss":0,"event_name":"Accursed Blacksmith","floor":22,"gold_loss":0,"cards_obtained":["Pain"]}],"is_beta":false,"boss_relics":[{"not_picked":["Coffee Dripper","Ectoplasm"],"picked":"Cursed Key"}],"items_purged_floors":[27],"is_endless":false,"potions_floor_spawned":[1,3,6,11,14,16,18,31],"killed_by":"Automaton","ascension_level":1}}