{"host":"l2dnabsh5e0fsksb","time":1613723175,"event":{"mods":["2.2 Compatiblity","BaseMod","Downfall","Minty Spire (QoL Compilation)","Quick Restart","StSLib"],"gold_per_floor":[117,135,310,310,326,351,351,385,385,385,396,427,427,438,438,537,537,557,572,572,497,277,277,98,98,123,123,141,155,187,187,187,290,290,307,307,317,335,105,105,155,170,217,248,248,277,288,288,288,288,288,288,2,2,2,2],"floor_reached":54,"language":"ENG","playtime":2294,"items_purged":["downfall:Haunted"],"score":1188,"play_id":"35d1a77f-9d48-439d-9a67-98696cd4bf70","local_time":"20210219185615","is_ascension_mode":true,"campfire_choices":[{"floor":7.0,"key":"RECALL"},{"data":"hexamod:BurningTouch","floor":13.0,"key":"SMITH"},{"floor":15.0,"key":"REST"},{"floor":23.0,"key":"REST"},{"floor":25.0,"key":"REST"},{"data":"hexamod:RainOfEmbers","floor":32.0,"key":"SMITH"},{"data":"hexamod:EmpoweredFlame","floor":40.0,"key":"SMITH"},{"floor":45.0,"key":"REST"},{"floor":49.0,"key":"REST"},{"data":"hexamod:GhostOfSpireFuture","floor":52,"key":"SMITH"}],"circlet_count":0,"master_deck":["hexamod:Strike+1","hexamod:Strike+1","hexamod:Strike+1","hexamod:Defend","hexamod:Defend+1","hexamod:Defend+1","hexamod:Defend","hexamod:Sear+1","hexamod:Float+1","hexamod:BurningTouch+1","hexamod:Incineration+1","hexamod:RainOfEmbers+1","hexamod:Hexaguard+1","hexamod:PowerFromBeyond+1","hexamod:FlamesFromBeyond+1","hexamod:BurningTouch+1","hexamod:HeatMetal+1","hexamod:SixthSeal","hexamod:FirstSeal","hexamod:SpectersWail+1","hexamod:ShieldOfDarkness","hexamod:GhostOfSpireFuture+1","hexamod:Hexaguard+1","hexamod:RainOfEmbers+1","hexamod:ForkedFlame+1","hexamod:ExtraCrispy","hexamod:Hexaguard","hexamod:RainOfEmbers+1","hexamod:EmpoweredFlame+1","hexamod:PowerFromBeyond+1","hexamod:InspiringFlames+1","hexamod:ApocalypseNow","hexamod:HeatMetal+1","hexamod:SpectersWail+1","Mayhem","Enlightenment"],"relics":["hexamod:SpiritBrand","Anchor","Pantograph","Torii","hexamod:SoulOfChaos","Darkstone Periapt","hexamod:IceCube","Chemical X","champ:Barbells","sneckomod:BabySnecko","Omamori","Empty Cage","hexamod:InflammatoryLetter","Whetstone","champ:DuelingGlove","Strawberry","Juzu Bracelet","Ice Cream"],"acts_visited":["Exordium","TheCity","TheBeyond","TheEnding"],"potions_floor_usage":[],"damage_taken":[{"damage":0.0,"enemies":"2 Louse","floor":1.0,"turns":4.0},{"damage":0.0,"enemies":"Jaw Worm","floor":2.0,"turns":3.0},{"damage":0.0,"enemies":"Small Slimes","floor":5.0,"turns":3.0},{"damage":20.0,"enemies":"3 Sentries","floor":6.0,"turns":9.0},{"damage":7.0,"enemies":"Gremlin Nob","floor":8.0,"turns":3.0},{"damage":0.0,"enemies":"Blue Slaver","floor":11.0,"turns":3.0},{"damage":1.0,"enemies":"Gremlin Gang","floor":12.0,"turns":3.0},{"damage":0.0,"enemies":"Red Slaver","floor":14.0,"turns":3.0},{"damage":24.0,"enemies":"Hexaghost","floor":16.0,"turns":11.0},{"damage":36.0,"enemies":"3 Byrds","floor":18.0,"turns":5.0},{"damage":10.0,"enemies":"2 Thieves","floor":19.0,"turns":4.0},{"damage":0.0,"enemies":"Chosen and Byrds","floor":28.0,"turns":4.0},{"damage":3.0,"enemies":"Shelled Parasite and Fungi","floor":29.0,"turns":4.0},{"damage":21.0,"enemies":"Slavers","floor":30.0,"turns":4.0},{"damage":75.0,"enemies":"Automaton","floor":33.0,"turns":9.0},{"damage":0.0,"enemies":"3 Shapes","floor":35.0,"turns":3.0},{"damage":8.0,"enemies":"Orb Walker","floor":37.0,"turns":4.0},{"damage":28.0,"enemies":"3 Darklings","floor":38.0,"turns":4.0},{"damage":58.0,"enemies":"2 Orb Walkers","floor":41.0,"turns":4.0},{"damage":14.0,"enemies":"Maw","floor":42.0,"turns":5.0},{"damage":0.0,"enemies":"Nemesis","floor":44.0,"turns":5.0},{"damage":19.0,"enemies":"Giant Head","floor":46.0,"turns":8.0},{"damage":15.0,"enemies":"Jaw Worm Horde","floor":47.0,"turns":4.0},{"damage":90.0,"enemies":"Donu and Deca","floor":50.0,"turns":9.0},{"damage":79,"enemies":"Shield and Spear","floor":54,"turns":5}],"seed_played":"-2310472217042636041","potions_obtained":[{"floor":1.0,"key":"Energy Potion"},{"floor":2.0,"key":"ColorlessPotion"},{"floor":11.0,"key":"EssenceOfSteel"},{"floor":12.0,"key":"Block Potion"},{"floor":19.0,"key":"PowerPotion"},{"floor":37.0,"key":"Regen Potion"},{"floor":41.0,"key":"Explosive Potion"},{"floor":44.0,"key":"Ancient Potion"},{"floor":46.0,"key":"Weak Potion"}],"is_trial":false,"path_per_floor":["M","M","?","?","M","E","R","E","T","?","M","M","R","M","R","B",null,"M","M","?","?","$","R","$","R","T","?","M","M","E","?","R","B",null,"M","?","M","M","$","R","?","M","T","E","R","E","M","?","R","B",null,"R","$","E"],"character_chosen":"THE_SPIRIT","items_purchased":["Chemical X","hexamod:ShieldOfDarkness","champ:Barbells","Whetstone","hexamod:EmpoweredFlame","Mayhem","Enlightenment"],"campfire_rested":5,"item_purchase_floors":[22,24,24,39,39,53,53],"current_hp_per_floor":[63,63,63,63,63,43,43,36,36,48,48,47,47,47,71,58,76,40,37,21,21,21,47,47,73,73,79,86,90,76,76,76,25,76,83,83,82,61,61,61,24,17,24,31,61,49,41,41,71,13,78,78,78,0,0,0],"gold":2,"neow_bonus":"RANDOM_COMMON_RELIC","is_daily":false,"chose_seed":false,"campfire_upgraded":4,"win_rate":0.0,"timestamp":1613723175,"path_taken":["M","M","?","?","M","E","R","E","T","?","M","M","R","?","R","BOSS","M","M","?","?","$","R","?","R","T","?","M","?","E","?","R","BOSS","M","?","?","M","?","R","?","M","T","E","R","E","M","?","R","BOSS","R","$","E"],"items_purchased_type":["Relic","Card","Relic","Relic","Card","Card","Card"],"build_version":"2020-12-22","purchased_purges":1,"victory":false,"max_hp_per_floor":[70,70,70,70,70,70,70,70,70,82,82,82,82,82,82,82,82,82,82,87,87,87,87,87,87,87,93,93,93,93,93,93,93,93,93,93,93,93,93,93,93,93,100,100,100,100,100,100,100,100,100,100,100,100,100,100],"card_choices":[{"not_picked":["hexamod:HeatShield","hexamod:RecurringNightmare"],"picked":"hexamod:BurningTouch","floor":1.0},{"not_picked":["hexamod:RainOfEmbers","hexamod:FlamesFromBeyond"],"picked":"hexamod:Incineration","floor":2.0},{"not_picked":["hexamod:SwordOfDarkness","hexamod:BurningTouch"],"picked":"hexamod:RainOfEmbers","floor":5.0},{"not_picked":["hexamod:Firestarter","hexamod:HauntingEcho"],"picked":"hexamod:Hexaguard","floor":6.0},{"not_picked":["hexamod:InspiringFlames","hexamod:ChargedBarrage"],"picked":"hexamod:PowerFromBeyond","floor":8.0},{"not_picked":["hexamod:BurningTouch","hexamod:SpectralSpark"],"picked":"hexamod:FlamesFromBeyond","floor":11.0},{"not_picked":["hexamod:SuperheatedStrike","hexamod:AdvancingGuard"],"picked":"hexamod:BurningTouch","floor":12.0},{"not_picked":["hexamod:Firestarter","hexamod:SkipABeat"],"picked":"hexamod:HeatMetal","floor":14.0},{"not_picked":["hexamod:ApocalypseNow","hexamod:FlameSwitch"],"picked":"hexamod:SixthSeal","floor":16.0},{"not_picked":["hexamod:SkipABeat","hexamod:SuperheatedStrike"],"picked":"hexamod:FirstSeal","floor":18.0},{"not_picked":["hexamod:HauntingEcho","hexamod:Rewind+1"],"picked":"hexamod:SpectersWail+1","floor":19.0},{"not_picked":["hexamod:EtherealExpedition+1","hexamod:RadiantFlame"],"picked":"hexamod:GhostOfSpireFuture","floor":28.0},{"not_picked":["hexamod:ThermalTransfer","hexamod:GhostShield"],"picked":"hexamod:Hexaguard+1","floor":29.0},{"not_picked":["hexamod:ParanormalForm","hexamod:PhantomCloak"],"picked":"hexamod:RainOfEmbers","floor":30.0},{"not_picked":["hexamod:SearingWound","hexamod:FifthSeal"],"picked":"hexamod:ForkedFlame","floor":33.0},{"not_picked":["hexamod:GhostflameBarrier","hexamod:SuperheatedStrike+1"],"picked":"hexamod:ExtraCrispy","floor":35.0},{"not_picked":["hexamod:BacktrackSmack","hexamod:SuperheatedStrike+1"],"picked":"hexamod:Hexaguard","floor":37.0},{"not_picked":["hexamod:BurningTouch","hexamod:FastForward+1"],"picked":"hexamod:RainOfEmbers","floor":38.0},{"not_picked":["hexamod:SuperheatedStrike+1","hexamod:SkipABeat+1"],"picked":"hexamod:PowerFromBeyond+1","floor":41.0},{"not_picked":["hexamod:Firestarter","hexamod:CatchUp+1"],"picked":"hexamod:InspiringFlames","floor":42.0},{"not_picked":["hexamod:Incineration","hexamod:AdvancingGuard"],"picked":"hexamod:ApocalypseNow","floor":44.0},{"not_picked":["hexamod:BurningTouch","hexamod:UnlimitedPower"],"picked":"hexamod:HeatMetal","floor":46.0},{"not_picked":["hexamod:FastForward","hexamod:GhostShield+1"],"picked":"hexamod:SpectersWail+1","floor":47.0}],"player_experience":1947190,"relics_obtained":[{"floor":6.0,"key":"Pantograph"},{"floor":8.0,"key":"Torii"},{"floor":9.0,"key":"hexamod:SoulOfChaos"},{"floor":30.0,"key":"Omamori"},{"floor":36.0,"key":"hexamod:InflammatoryLetter"},{"floor":41.0,"key":"champ:DuelingGlove"},{"floor":43.0,"key":"Strawberry"},{"floor":44.0,"key":"Juzu Bracelet"},{"floor":46.0,"key":"Ice Cream"}],"event_choices":[{"damage_healed":0.0,"max_hp_gain":0.0,"max_hp_loss":0.0,"gold_gain":175.0,"event_name":"Liars Game","player_choice":"AGREE","floor":3.0,"gold_loss":0.0,"damage_taken":0.0,"cards_obtained":["Doubt"]},{"cards_removed":["Doubt"],"damage_healed":0.0,"max_hp_gain":0.0,"max_hp_loss":0.0,"gold_gain":0.0,"event_name":"Living Wall","player_choice":"Forget","floor":4.0,"gold_loss":0.0,"damage_taken":0.0},{"damage_healed":0.0,"max_hp_gain":5.0,"max_hp_loss":0.0,"gold_gain":0.0,"event_name":"Forgotten Altar","player_choice":"Shed Blood","floor":20.0,"gold_loss":0.0,"damage_taken":21.0},{"cards_removed":["downfall:Haunted"],"damage_healed":0.0,"max_hp_gain":0.0,"max_hp_loss":0.0,"gold_gain":0.0,"event_name":"Beggar","player_choice":"Gave Gold","floor":21.0,"gold_loss":75.0,"damage_taken":0.0},{"damage_healed":0.0,"max_hp_gain":0.0,"max_hp_loss":0.0,"gold_gain":0.0,"event_name":"Wheel of Change","player_choice":"Relic","floor":36.0,"gold_loss":0.0,"damage_taken":0.0},{"damage_healed":0.0,"max_hp_gain":0.0,"max_hp_loss":0.0,"gold_gain":0.0,"event_name":"Mysterious Sphere","player_choice":"Fight","floor":41.0,"gold_loss":0.0,"damage_taken":0.0}],"is_beta":false,"boss_relics":[{"not_picked":["Snecko Eye","Pandora\u0027s Box"],"picked":"hexamod:IceCube"},{"not_picked":["Velvet Choker","SacredBark"],"picked":"Empty Cage"}],"items_purged_floors":[22],"is_endless":false,"potions_floor_spawned":[1,2,11,12,19,37,41,44,46],"killed_by":"Shield and Spear","ascension_level":9}}