{"host":"vt6dr1xq3iy14a3e","time":1613750885,"event":{"mods":["AchievementEnabler","BaseMod","Colored Map","DeckTracker","Minty Spire (QoL Compilation)","Relic Stats","StSLib","SuperFastMode"],"gold_per_floor":[109,109,109,125,140,140,159,171,240,240,254,284,79,79,79,157,157,168,168,44,44,60,60,60],"floor_reached":23,"language":"KOR","playtime":1182,"items_purged":["Strike_R"],"score":382,"play_id":"e5397842-35a4-43ee-8c8c-5122c0e2c65d","local_time":"20210220010805","is_ascension_mode":true,"campfire_choices":[{"floor":6.0,"key":"DIG"},{"data":"Whirlwind","floor":10.0,"key":"SMITH"},{"floor":15.0,"key":"REST"}],"circlet_count":0,"master_deck":["AscendersBane","Strike_R","Strike_R","Strike_R","Defend_R","Defend_R","Defend_R","Defend_R","Bash","Rampage","Whirlwind+1","Thunderclap","Bloodletting","Seeing Red","Power Through","Berserk","Second Wind","Combust","Wild Strike"],"relics":["Burning Blood","TungstenRod","Shovel","Vajra","Kunai","Regal Pillow","Busted Crown"],"acts_visited":["Exordium","TheCity"],"potions_floor_usage":[23],"damage_taken":[{"damage":7.0,"enemies":"Jaw Worm","floor":1.0,"turns":5.0},{"damage":0.0,"enemies":"Small Slimes","floor":4.0,"turns":4.0},{"damage":0.0,"enemies":"2 Louse","floor":5.0,"turns":1.0},{"damage":16.0,"enemies":"Blue Slaver","floor":7.0,"turns":4.0},{"damage":12.0,"enemies":"Exordium Thugs","floor":8.0,"turns":2.0},{"damage":16.0,"enemies":"Large Slime","floor":11.0,"turns":4.0},{"damage":21.0,"enemies":"Lagavulin","floor":12.0,"turns":5.0},{"damage":50.0,"enemies":"Hexaghost","floor":16.0,"turns":9.0},{"damage":8.0,"enemies":"2 Thieves","floor":18.0,"turns":2.0},{"damage":13.0,"enemies":"Chosen","floor":22.0,"turns":5.0},{"damage":49,"enemies":"Book of Stabbing","floor":23,"turns":5}],"seed_played":"-4900003095014523100","potions_obtained":[{"floor":4.0,"key":"Swift Potion"},{"floor":5.0,"key":"Dexterity Potion"},{"floor":19.0,"key":"LiquidMemories"},{"floor":19.0,"key":"Strength Potion"}],"is_trial":false,"path_per_floor":["M","?","?","M","M","R","M","M","T","R","M","E","$","?","R","B",null,"M","?","$","$","M","E"],"character_chosen":"IRONCLAD","items_purchased":["Berserk","BlessingOfTheForge","Second Wind","Combust"],"campfire_rested":1,"item_purchase_floors":[13,13,20,20],"current_hp_per_floor":[67,72,57,63,69,69,59,53,53,53,43,28,28,22,58,14,58,56,56,56,56,49,0,0],"gold":60,"neow_bonus":"ONE_RARE_RELIC","is_daily":false,"chose_seed":false,"campfire_upgraded":1,"win_rate":0.0,"timestamp":1613750885,"path_taken":["M","?","?","M","M","R","M","M","T","R","M","E","$","?","R","BOSS","M","?","?","$","M","E"],"items_purchased_type":["Card","Potion","Card","Card"],"build_version":"2020-12-22","purchased_purges":1,"victory":false,"max_hp_per_floor":[68,73,73,73,73,73,73,73,73,73,73,73,73,73,73,73,73,73,73,73,73,73,73,73],"relic_stats":{"Regal Pillow":15,"Shovel":1,"Busted Crown":4,"counters":[11,46],"Kunai":[7],"obtain_stats":[{"Regal Pillow":12,"Shovel":3,"Busted Crown":17,"Vajra":6,"Kunai":9,"Burning Blood":0,"TungstenRod":0},{"Regal Pillow":7,"Shovel":1,"Busted Crown":8,"Vajra":3,"Kunai":5,"Burning Blood":0,"TungstenRod":0},{"Regal Pillow":25,"Shovel":5,"Busted Crown":34,"Vajra":10,"Kunai":16,"Burning Blood":0,"TungstenRod":0}],"Burning Blood":60,"TungstenRod":42},"card_choices":[{"not_picked":["Pommel Strike","Sentinel"],"picked":"Rampage","floor":1.0},{"not_picked":["Rupture","Combust"],"picked":"Whirlwind","floor":4.0},{"not_picked":["Twin Strike","Havoc"],"picked":"Thunderclap","floor":5.0},{"not_picked":["Armaments","Searing Blow"],"picked":"Bloodletting","floor":7.0},{"not_picked":["Anger","Heavy Blade"],"picked":"Seeing Red","floor":8.0},{"not_picked":["Metallicize","Reckless Charge","Perfected Strike"],"picked":"SKIP","floor":11.0},{"not_picked":["Thunderclap","Armaments"],"picked":"Power Through","floor":12.0},{"not_picked":["Reckless Charge"],"picked":"SKIP","floor":18.0},{"not_picked":[],"picked":"Wild Strike","floor":22.0}],"player_experience":1058539,"relics_obtained":[{"floor":6.0,"key":"Vajra"},{"floor":9.0,"key":"Kunai"},{"floor":12.0,"key":"Regal Pillow"}],"event_choices":[{"damage_healed":0.0,"max_hp_gain":5.0,"max_hp_loss":0.0,"gold_gain":0.0,"event_name":"Big Fish","player_choice":"Donut","floor":2.0,"gold_loss":0.0,"damage_taken":0.0},{"damage_healed":0.0,"max_hp_gain":0.0,"max_hp_loss":0.0,"gold_gain":0.0,"event_name":"Scrap Ooze","player_choice":"Success","floor":3.0,"gold_loss":0.0,"damage_taken":18.0,"relics_obtained":["Shovel"]},{"cards_removed":["Strike_R"],"damage_healed":0.0,"max_hp_gain":0.0,"max_hp_loss":0.0,"gold_gain":0.0,"event_name":"Golden Wing","player_choice":"Card Removal","floor":14.0,"gold_loss":0.0,"damage_taken":7.0},{"damage_healed":0.0,"max_hp_gain":0.0,"max_hp_loss":0.0,"gold_gain":0.0,"event_name":"Lab","player_choice":"Got Potions","floor":19.0,"gold_loss":0.0,"damage_taken":0.0}],"is_beta":false,"boss_relics":[{"not_picked":["Fusion Hammer","Runic Dome"],"picked":"Busted Crown"}],"items_purged_floors":[13],"is_endless":false,"potions_floor_spawned":[4,5,7],"killed_by":"Book of Stabbing","ascension_level":20}}