{"host":"mydft8i2zzydgggw","time":1613727651,"event":{"mods":["AchievementEnabler","BaseMod","Colored Map","Colored Powertips","DeckTracker","Keyboard Shortcuts","Minty Spire (QoL Compilation)","Rare Cards Sparkle","Relic Stats","StSLib","SuperFastMode","Together in Spire","everything is the same but u backflip on backflip"],"gold_per_floor":[110,121,140,140,210,210,360,32,32,111,129,158,208,228,228,358,358,373,388,438,502,136,136,136],"floor_reached":23,"language":"KOR","playtime":514,"items_purged":["Clothesline"],"score":309,"play_id":"829e6bc0-d340-408d-8b73-0d49837ad038","local_time":"20210219184051","is_ascension_mode":true,"campfire_choices":[{"data":"Immolate","floor":6,"key":"SMITH"},{"data":"Body Slam","floor":15,"key":"SMITH"}],"circlet_count":0,"master_deck":["AscendersBane","Bash","Immolate+1","Perfected Strike","Shrug It Off","Entrench","Bloodletting","Warcry","Feed","Shrug It Off","Pommel Strike","Body Slam+1","Demon Form","Reaper","Battle Trance","Spot Weakness","Metallicize","Sentinel","Barricade","Whirlwind","Disarm","Offering","Shockwave","Shrug It Off"],"relics":["Burning Blood","SsserpentHead","Membership Card","Lantern","Prayer Wheel","Question Card","Odd Mushroom","Matryoshka","Golden Idol","Pandora\u0027s Box","Meat on the Bone","Mango","Orichalcum","Sling"],"acts_visited":["Exordium","TheCity"],"potions_floor_usage":[12,12,16,19,23,23],"damage_taken":[{"damage":12,"enemies":"Jaw Worm","floor":1,"turns":2},{"damage":1,"enemies":"Cultist","floor":2,"turns":3},{"damage":12,"enemies":"Small Slimes","floor":3,"turns":3},{"damage":6,"enemies":"2 Fungi Beasts","floor":5,"turns":2},{"damage":0,"enemies":"The Mushroom Lair","floor":10,"turns":1},{"damage":8,"enemies":"Blue Slaver","floor":11,"turns":3},{"damage":15,"enemies":"Lagavulin","floor":12,"turns":4},{"damage":10,"enemies":"Gremlin Gang","floor":14,"turns":2},{"damage":57,"enemies":"Hexaghost","floor":16,"turns":11},{"damage":34,"enemies":"Chosen","floor":18,"turns":5},{"damage":0,"enemies":"3 Byrds","floor":19,"turns":3},{"damage":64,"enemies":"3 Cultists","floor":21,"turns":6},{"damage":50,"enemies":"Book of Stabbing","floor":23,"turns":5}],"seed_played":"-8106593244371005544","potions_obtained":[{"floor":3,"key":"AttackPotion"},{"floor":11,"key":"SteroidPotion"},{"floor":12,"key":"Dexterity Potion"},{"floor":14,"key":"Explosive Potion"},{"floor":16,"key":"AttackPotion"},{"floor":21,"key":"SteroidPotion"}],"is_trial":false,"path_per_floor":["M","M","M","?","M","R","?","$","T","?","M","E","?","M","R","B",null,"M","M","?","M","$","E"],"character_chosen":"IRONCLAD","items_purchased":["Membership Card","Lantern","Prayer Wheel","Mango","Orichalcum","Sling","PowerPotion"],"campfire_rested":0,"item_purchase_floors":[8,8,8,22,22,22,22],"current_hp_per_floor":[66,71,65,65,65,65,65,65,65,71,69,63,63,62,62,11,57,35,41,41,34,48,0,0],"gold":136,"neow_bonus":"THREE_RARE_CARDS","is_daily":false,"chose_seed":false,"campfire_upgraded":2,"win_rate":0.0,"timestamp":1613727651,"path_taken":["M","M","M","?","?","R","?","?","T","?","M","E","?","M","R","BOSS","M","M","?","?","$","E"],"items_purchased_type":["Relic","Relic","Relic","Relic","Relic","Relic","Potion"],"build_version":"2020-12-22","purchased_purges":1,"victory":false,"max_hp_per_floor":[72,72,72,72,72,72,72,72,72,72,72,75,69,72,72,72,72,72,72,72,75,89,89,89],"relic_stats":{"SsserpentHead":350,"counters":[13,50],"Golden Idol":39,"Prayer Wheel":5,"Pandora\u0027s Box":["Battle Trance","Spot Weakness","Metallicize","Clothesline","Sentinel","Barricade","Whirlwind","Disarm","Offering"],"Orichalcum":[18],"Question Card":13,"obtain_stats":[{"Lantern":8,"Golden Idol":13,"Mango":22,"Odd Mushroom":10,"Orichalcum":22,"Question Card":9,"Sling":22,"Burning Blood":0,"SsserpentHead":4,"Matryoshka":12,"Prayer Wheel":8,"Pandora\u0027s Box":17,"Membership Card":8,"Meat on the Bone":20},{"Lantern":4,"Golden Idol":7,"Mango":12,"Odd Mushroom":5,"Orichalcum":12,"Question Card":4,"Sling":12,"Burning Blood":0,"SsserpentHead":3,"Matryoshka":7,"Prayer Wheel":4,"Pandora\u0027s Box":9,"Membership Card":4,"Meat on the Bone":11},{"Lantern":10,"Golden Idol":18,"Mango":45,"Odd Mushroom":11,"Orichalcum":45,"Question Card":10,"Sling":45,"Burning Blood":0,"SsserpentHead":8,"Matryoshka":18,"Prayer Wheel":10,"Pandora\u0027s Box":31,"Membership Card":10,"Meat on the Bone":39}],"Burning Blood":72,"Meat on the Bone":12},"card_choices":[{"not_picked":["Demon Form","Offering"],"picked":"Immolate","floor":0},{"not_picked":["Cleave","Clothesline"],"picked":"Perfected Strike","floor":1},{"not_picked":["Body Slam","Sword Boomerang"],"picked":"Shrug It Off","floor":2},{"not_picked":["Searing Blow","Clash"],"picked":"Entrench","floor":3},{"not_picked":["Infernal Blade","Second Wind"],"picked":"Bloodletting","floor":5},{"not_picked":["Iron Wave","Havoc","Clothesline"],"picked":"Warcry","floor":10},{"not_picked":["Twin Strike","Warcry","Bloodletting"],"picked":"Feed","floor":11},{"not_picked":["Clothesline","Twin Strike","Perfected Strike"],"picked":"Shrug It Off","floor":11},{"not_picked":["Dual Wield","Anger","Power Through"],"picked":"Pommel Strike","floor":12},{"not_picked":["Perfected Strike","Whirlwind","Rampage"],"picked":"Body Slam","floor":14},{"not_picked":["Uppercut","Heavy Blade","Searing Blow"],"picked":"Demon Form","floor":14},{"not_picked":["Bludgeon","Feed","Offering"],"picked":"Reaper","floor":16},{"not_picked":["Cleave","Anger","Perfected Strike"],"picked":"Shockwave","floor":18},{"not_picked":["Sword Boomerang","Body Slam","Perfected Strike","Twin Strike"],"picked":"SKIP","floor":18},{"not_picked":["Havoc","Wild Strike","Pommel Strike","Flex"],"picked":"SKIP","floor":19},{"not_picked":["Twin Strike","Spot Weakness","Cleave","Clash"],"picked":"SKIP","floor":19},{"not_picked":["True Grit","Rampage","Wild Strike"],"picked":"Shrug It Off","floor":21},{"not_picked":["Cleave","Twin Strike","Anger","Headbutt"],"picked":"SKIP","floor":21}],"player_experience":288585,"relics_obtained":[{"floor":9,"key":"Question Card"},{"floor":10,"key":"Odd Mushroom"},{"floor":12,"key":"Matryoshka"}],"event_choices":[{"damage_healed":0,"gold_gain":0,"player_choice":"Trade","damage_taken":0,"relics_obtained":["SsserpentHead"],"max_hp_gain":0,"max_hp_loss":0,"event_name":"FaceTrader","floor":4,"gold_loss":0},{"damage_healed":0,"gold_gain":100,"player_choice":"Pray","damage_taken":0,"max_hp_gain":0,"max_hp_loss":0,"event_name":"Golden Shrine","floor":7,"gold_loss":0},{"damage_healed":0,"gold_gain":0,"player_choice":"Fought Mushrooms","damage_taken":0,"max_hp_gain":0,"max_hp_loss":0,"event_name":"Mushrooms","floor":10,"gold_loss":0},{"damage_healed":0,"gold_gain":0,"player_choice":"Lose Max HP","damage_taken":0,"relics_obtained":["Golden Idol"],"max_hp_gain":0,"max_hp_loss":6,"event_name":"Golden Idol","floor":13,"gold_loss":0},{"damage_healed":0,"gold_gain":0,"player_choice":"Gave Potion","damage_taken":0,"relics_obtained":["Meat on the Bone"],"max_hp_gain":0,"max_hp_loss":0,"event_name":"WeMeetAgain","floor":20,"gold_loss":0}],"is_beta":false,"boss_relics":[{"not_picked":["Cursed Key","Calling Bell"],"picked":"Pandora\u0027s Box"}],"items_purged_floors":[22],"is_endless":false,"potions_floor_spawned":[3,11,12,14,16,21],"killed_by":"Book of Stabbing","ascension_level":12}}