{"host":"khwpnvgc3av0w6xd","time":1613735152,"event":{"mods":["BaseMod","Block Reminder","Colored Map","DeckTracker","Highlight Path","Minty Spire (QoL Compilation)","Quick Restart"],"gold_per_floor":[14,14,14,14,14,41,41,56,104,115,143,162,67,87,87,185,185,200,219,219,219,3,3,23,60,60,60,74,74,92,108,108,214,214,228,245,245,272,292,292,124,133,133,133,67,86,9,32,32,32,32,32,32,32,32],"floor_reached":54,"language":"DEU","playtime":4548,"items_purged":["Strike_B+1"],"score":736,"play_id":"5b078037-d1e3-44df-b7a9-5b17e6149915","local_time":"20210219124552","is_ascension_mode":true,"campfire_choices":[{"floor":7,"key":"REST"},{"floor":15,"key":"REST"},{"data":"Zap","floor":23,"key":"SMITH"},{"floor":29,"key":"RECALL"},{"floor":32,"key":"REST"},{"floor":40,"key":"REST"},{"data":"Creative AI","floor":44,"key":"SMITH"},{"data":"Dualcast","floor":49,"key":"SMITH"},{"data":"Loop","floor":52,"key":"SMITH"}],"circlet_count":0,"master_deck":["Defend_B+1","Defend_B+1","Defend_B+1","Zap+1","Dualcast+1","Tempest","Undo","Hello World+1","Hello World","Conserve Battery+1","Redo+1","Leap+1","Self Repair","Conserve Battery+1","Leap+1","Rainbow+1","CurseOfTheBell","Hologram+1","Electrodynamics","Creative AI+1","Amplify+1","Double Energy+1","Loop+1","Enlightenment+1","BootSequence+1","Redo+1"],"relics":["Cracked Core","Toxic Egg 2","Boot","PreservedInsect","CaptainsWheel","Calling Bell","CeramicFish","Sundial","Lizard Tail","Nilry\u0027s Codex","Bird Faced Urn","Empty Cage","Molten Egg 2","Bag of Preparation","Cables"],"acts_visited":["Exordium","TheCity","TheBeyond","TheEnding"],"potions_floor_usage":[6,11,25,31,33,33,39,39,50,50],"damage_taken":[{"damage":4,"enemies":"Small Slimes","floor":1,"turns":3},{"damage":11,"enemies":"Lagavulin","floor":6,"turns":6},{"damage":7,"enemies":"2 Louse","floor":8,"turns":2},{"damage":7,"enemies":"Jaw Worm","floor":10,"turns":4},{"damage":7,"enemies":"3 Sentries","floor":11,"turns":3},{"damage":0,"enemies":"Large Slime","floor":12,"turns":5},{"damage":6,"enemies":"Looter","floor":14,"turns":3},{"damage":36,"enemies":"The Guardian","floor":16,"turns":12},{"damage":6,"enemies":"Shell Parasite","floor":18,"turns":6},{"damage":3,"enemies":"Spheric Guardian","floor":19,"turns":6},{"damage":2,"enemies":"Centurion and Healer","floor":24,"turns":6},{"damage":23,"enemies":"Gremlin Leader","floor":25,"turns":6},{"damage":14,"enemies":"Snecko","floor":28,"turns":6},{"damage":8,"enemies":"3 Cultists","floor":30,"turns":4},{"damage":17,"enemies":"Snake Plant","floor":31,"turns":5},{"damage":34,"enemies":"Champ","floor":33,"turns":12},{"damage":8,"enemies":"3 Shapes","floor":35,"turns":3},{"damage":19,"enemies":"Orb Walker","floor":36,"turns":6},{"damage":51,"enemies":"Spire Growth","floor":38,"turns":11},{"damage":56,"enemies":"Transient","floor":39,"turns":5},{"damage":58,"enemies":"Maw","floor":46,"turns":10},{"damage":2,"enemies":"Sphere and 2 Shapes","floor":48,"turns":5},{"damage":72,"enemies":"Time Eater","floor":50,"turns":12},{"damage":91,"enemies":"Shield and Spear","floor":54,"turns":8}],"seed_played":"-3115752449121785305","potions_obtained":[{"floor":1,"key":"CultistPotion"},{"floor":10,"key":"Energy Potion"},{"floor":16,"key":"Dexterity Potion"},{"floor":18,"key":"Weak Potion"},{"floor":25,"key":"FearPotion"},{"floor":30,"key":"ColorlessPotion"},{"floor":31,"key":"Energy Potion"},{"floor":33,"key":"BlessingOfTheForge"},{"floor":35,"key":"Dexterity Potion"},{"floor":38,"key":"Ancient Potion"},{"floor":46,"key":"Dexterity Potion"}],"is_trial":false,"path_per_floor":["M","?","$","?","$","E","R","M","T","M","E","M","$","M","R","B",null,"M","M","?","?","$","R","M","E","T","?","M","R","M","M","R","B",null,"M","M","?","M","M","R","$","?","T","R","$","M","$","M","R","B",null,"R","$","E"],"character_chosen":"DEFECT","items_purchased":["Self Repair","Conserve Battery+1","Electrodynamics","Bag of Preparation","Loop","BootSequence+1","LiquidMemories"],"campfire_rested":4,"item_purchase_floors":[13,13,22,41,41,45,47],"current_hp_per_floor":[71,71,71,38,38,27,49,42,42,35,28,28,28,29,51,22,75,75,75,59,59,59,59,64,48,48,48,44,44,46,42,64,62,75,71,71,71,43,44,66,66,66,66,66,66,52,52,73,73,23,75,75,75,0,0],"gold":32,"neow_bonus":"TRANSFORM_TWO_CARDS","is_daily":false,"chose_seed":false,"campfire_upgraded":4,"win_rate":0.0,"timestamp":1613735152,"path_taken":["M","?","$","?","?","E","R","M","T","M","E","M","$","M","R","BOSS","M","M","?","?","?","R","?","E","T","?","M","R","M","M","R","BOSS","M","M","?","M","M","R","?","?","T","R","$","M","?","?","R","BOSS","R","$","E"],"items_purchased_type":["Card","Card","Card","Relic","Card","Card","Potion"],"build_version":"2020-12-22","purchased_purges":1,"victory":false,"max_hp_per_floor":[75,75,75,75,75,75,75,75,75,75,75,75,75,75,75,75,75,75,75,75,75,75,75,75,75,75,75,75,75,75,75,75,75,75,75,75,75,75,75,75,75,75,75,75,75,75,75,75,75,75,75,75,75,75,75],"card_choices":[{"not_picked":["Turbo","Reprogram"],"picked":"Hello World","floor":1},{"not_picked":["Go for the Eyes","Compile Driver"],"picked":"Hello World","floor":6},{"not_picked":["Sweeping Beam","Redo+1"],"picked":"Conserve Battery+1","floor":8},{"not_picked":["Melter","Beam Cell"],"picked":"Redo+1","floor":10},{"not_picked":["Darkness+1","Aggregate+1"],"picked":"Leap+1","floor":11},{"not_picked":["Scrape","Go for the Eyes","All For One"],"picked":"SKIP","floor":12},{"not_picked":["Redo+1","Recycle+1"],"picked":"Leap+1","floor":14},{"not_picked":["Core Surge","Machine Learning"],"picked":"Rainbow+1","floor":16},{"not_picked":["Conserve Battery+1","Sweeping Beam","Stack+1"],"picked":"SKIP","floor":18},{"not_picked":["Gash+1","Redo+1"],"picked":"Hologram+1","floor":19},{"not_picked":["Sweeping Beam","Steam+1","Rip and Tear"],"picked":"SKIP","floor":24},{"not_picked":["Consume+1","Force Field+1"],"picked":"Creative AI","floor":25},{"not_picked":["Ball Lightning","Sweeping Beam","Leap+1"],"picked":"SKIP","floor":28},{"not_picked":["Compile Driver","Reprogram+1","Ball Lightning"],"picked":"SKIP","floor":30},{"not_picked":["Consume+1","Steam Power+1","Go for the Eyes"],"picked":"SKIP","floor":31},{"not_picked":["Multi-Cast+1","Meteor Strike"],"picked":"Amplify+1","floor":33},{"not_picked":["Go for the Eyes","Redo+1","Coolheaded+1"],"picked":"SKIP","floor":35},{"not_picked":["Hello World+1","Fusion+1","Beam Cell"],"picked":"SKIP","floor":36},{"not_picked":["Rebound+1","Redo+1"],"picked":"Double Energy+1","floor":38},{"not_picked":["Barrage+1","Streamline+1","Recycle+1"],"picked":"SKIP","floor":39},{"not_picked":["Madness+1","Good Instincts+1"],"picked":"Enlightenment+1","floor":42},{"not_picked":["Compile Driver+1","Gash+1","Consume+1"],"picked":"SKIP","floor":46},{"not_picked":["Beam Cell+1","Steam Power+1"],"picked":"Redo+1","floor":48}],"player_experience":99038,"relics_obtained":[{"floor":6,"key":"Boot"},{"floor":9,"key":"PreservedInsect"},{"floor":11,"key":"CaptainsWheel"},{"floor":17,"key":"CeramicFish"},{"floor":17,"key":"Sundial"},{"floor":17,"key":"Lizard Tail"},{"floor":20,"key":"Nilry\u0027s Codex"},{"floor":25,"key":"Bird Faced Urn"},{"floor":43,"key":"Cables"}],"event_choices":[{"damage_healed":0,"gold_gain":0,"player_choice":"Grow","damage_taken":0,"max_hp_gain":0,"max_hp_loss":0,"event_name":"Living Wall","floor":2,"gold_loss":0,"cards_upgraded":["Hello World"]},{"damage_healed":0,"gold_gain":0,"player_choice":"Success","damage_taken":33,"relics_obtained":["Toxic Egg 2"],"max_hp_gain":0,"max_hp_loss":0,"event_name":"Scrap Ooze","floor":4,"gold_loss":0},{"damage_healed":0,"gold_gain":0,"player_choice":"Obtained Book","damage_taken":16,"max_hp_gain":0,"max_hp_loss":0,"event_name":"Cursed Tome","floor":20,"gold_loss":0},{"damage_healed":0,"gold_gain":0,"player_choice":"Simplicity","damage_taken":0,"max_hp_gain":0,"max_hp_loss":0,"event_name":"Back to Basics","floor":21,"gold_loss":0,"cards_upgraded":["Strike_B","Strike_B","Strike_B","Defend_B","Defend_B","Defend_B"]},{"damage_healed":0,"gold_gain":0,"player_choice":"Ignored","damage_taken":0,"max_hp_gain":0,"max_hp_loss":0,"event_name":"Vampires","floor":27,"gold_loss":0},{"damage_healed":0,"gold_gain":0,"player_choice":"Gave Potion","damage_taken":0,"relics_obtained":["Molten Egg 2"],"max_hp_gain":0,"max_hp_loss":0,"event_name":"WeMeetAgain","floor":37,"gold_loss":0},{"damage_healed":0,"gold_gain":0,"player_choice":"Memory 1","damage_taken":0,"max_hp_gain":0,"max_hp_loss":0,"event_name":"SensoryStone","floor":42,"gold_loss":0}],"is_beta":false,"boss_relics":[{"not_picked":["Philosopher\u0027s Stone","SacredBark"],"picked":"Calling Bell"},{"not_picked":["Astrolabe","Runic Dome"],"picked":"Empty Cage"}],"items_purged_floors":[22],"is_endless":false,"potions_floor_spawned":[1,10,16,18,25,30,31,33,35,38,46,48],"killed_by":"Shield and Spear","ascension_level":2}}