{"host":"f0gpob8hq9vgebej","time":1613726637,"event":{"mods":["AchievementEnabler","BaseMod","Minty Spire (QoL Compilation)","Quick Restart","SuperFastMode"],"gold_per_floor":[111,124,135,149,168,168,187,187,187,187,187],"floor_reached":10,"language":"KOR","playtime":350,"items_purged":[],"score":115,"play_id":"3f418e59-7508-43bb-8334-57840b5eb474","local_time":"20210219182357","is_ascension_mode":true,"campfire_choices":[{"data":"Crippling Poison","floor":6,"key":"SMITH"},{"data":"Deadly Poison","floor":8,"key":"SMITH"}],"circlet_count":0,"master_deck":["AscendersBane","Strike_G","Strike_G","Strike_G","Strike_G","Strike_G","Defend_G","Defend_G","Defend_G","Defend_G","Defend_G","Survivor","Neutralize","Dagger Throw","Crippling Poison+1","Deadly Poison+1","Sucker Punch"],"relics":["Ring of the Snake","Matryoshka"],"acts_visited":["Exordium"],"potions_floor_usage":[],"damage_taken":[{"damage":1,"enemies":"Small Slimes","floor":1,"turns":5},{"damage":1,"enemies":"2 Louse","floor":2,"turns":3},{"damage":0,"enemies":"Jaw Worm","floor":3,"turns":5},{"damage":19,"enemies":"Gremlin Gang","floor":4,"turns":5},{"damage":19,"enemies":"Large Slime","floor":5,"turns":7},{"damage":3,"enemies":"2 Fungi Beasts","floor":7,"turns":3},{"damage":21,"enemies":"3 Sentries","floor":10,"turns":6}],"seed_played":"792000517567558658","potions_obtained":[{"floor":7,"key":"Ancient Potion"}],"is_trial":false,"path_per_floor":["M","M","M","M","M","R","M","R","T","E"],"character_chosen":"THE_SILENT","items_purchased":[],"campfire_rested":0,"item_purchase_floors":[],"current_hp_per_floor":[64,63,63,44,25,25,22,22,22,1,1],"gold":187,"neow_bonus":"TEN_PERCENT_HP_BONUS","is_daily":false,"chose_seed":false,"campfire_upgraded":2,"win_rate":0.0,"timestamp":1613726637,"path_taken":["M","M","M","M","M","R","M","R","T","E"],"items_purchased_type":[],"build_version":"2020-12-22","purchased_purges":0,"victory":false,"max_hp_per_floor":[72,72,72,72,72,72,72,72,72,72,72],"card_choices":[{"not_picked":["Deflect","Sucker Punch"],"picked":"Dagger Throw","floor":1},{"not_picked":["PiercingWail","Underhanded Strike"],"picked":"Crippling Poison","floor":2},{"not_picked":["Cloak And Dagger","Poisoned Stab"],"picked":"Deadly Poison","floor":3},{"not_picked":["Night Terror","Poisoned Stab","Bane"],"picked":"SKIP","floor":4},{"not_picked":["Quick Slash","Acrobatics","Sucker Punch"],"picked":"SKIP","floor":5},{"not_picked":["Heel Hook","Expertise"],"picked":"Sucker Punch","floor":7}],"player_experience":389752,"relics_obtained":[{"floor":9,"key":"Matryoshka"}],"event_choices":[],"is_beta":false,"boss_relics":[],"items_purged_floors":[],"is_endless":false,"potions_floor_spawned":[7],"killed_by":"3 Sentries","ascension_level":17}}