{"host":"en4narc5947t7k9n","time":1613730788,"event":{"mods":["AchievementEnabler","BaseMod","Colored Map","Minty Spire (QoL Compilation)","SuperFastMode"],"gold_per_floor":[115,134,145,164,114,141,141,158,208,208,52,52,82,140,140,140,140],"floor_reached":16,"language":"KOR","playtime":895,"items_purged":[],"score":135,"play_id":"a1e57af0-894f-4a00-b63f-435d38a1fe35","local_time":"20210219193308","is_ascension_mode":false,"campfire_choices":[{"floor":10,"key":"RECALL"},{"data":"Immolate","floor":15,"key":"SMITH"}],"circlet_count":0,"master_deck":["Strike_R","Strike_R","Strike_R","Defend_R","Defend_R","Defend_R","Defend_R","Bash","Flame Barrier","Armaments","Anger","Flex","Sentinel","Inflame","Immolate+1","Warcry"],"relics":["Burning Blood","Centennial Puzzle","Lantern","Bottled Flame","Strawberry"],"acts_visited":["Exordium"],"potions_floor_usage":[13,14,14,16],"damage_taken":[{"damage":0,"enemies":"Small Slimes","floor":1,"turns":3},{"damage":10,"enemies":"Jaw Worm","floor":2,"turns":6},{"damage":0,"enemies":"Cultist","floor":3,"turns":5},{"damage":15,"enemies":"2 Fungi Beasts","floor":4,"turns":4},{"damage":41,"enemies":"3 Sentries","floor":6,"turns":12},{"damage":0,"enemies":"Exordium Wildlife","floor":8,"turns":3},{"damage":11,"enemies":"Gremlin Nob","floor":13,"turns":4},{"damage":26,"enemies":"Lagavulin Event","floor":14,"turns":6},{"damage":32,"enemies":"Hexaghost","floor":16,"turns":9}],"seed_played":"-1009017401710034259","potions_obtained":[{"floor":3,"key":"BlessingOfTheForge"},{"floor":6,"key":"Energy Potion"},{"floor":8,"key":"DistilledChaos"},{"floor":14,"key":"SteroidPotion"}],"is_trial":false,"path_per_floor":["M","M","M","M","?","E","?","M","T","R","$","?","E","?","R","B"],"character_chosen":"IRONCLAD","items_purchased":["Lantern"],"campfire_rested":0,"item_purchase_floors":[11],"current_hp_per_floor":[88,84,88,79,79,44,37,43,43,43,43,48,43,30,30,0,0],"gold":140,"neow_bonus":"TEN_PERCENT_HP_BONUS","is_daily":false,"chose_seed":false,"campfire_upgraded":1,"win_rate":0.0,"timestamp":1613730788,"path_taken":["M","M","M","M","?","E","?","M","T","R","$","?","E","?","R","BOSS"],"items_purchased_type":["Relic"],"build_version":"2020-12-22","purchased_purges":0,"victory":false,"max_hp_per_floor":[88,88,88,88,88,88,88,88,88,88,88,93,93,100,100,100,100],"card_choices":[{"not_picked":["Heavy Blade","Clothesline"],"picked":"Flame Barrier","floor":1},{"not_picked":["True Grit","Dark Embrace"],"picked":"Armaments","floor":2},{"not_picked":["Wild Strike","Shrug It Off"],"picked":"Anger","floor":3},{"not_picked":["Combust","Sword Boomerang"],"picked":"Flex","floor":4},{"not_picked":["True Grit","Metallicize"],"picked":"Sentinel","floor":6},{"not_picked":["Havoc","Twin Strike"],"picked":"Inflame","floor":8},{"not_picked":["Cleave","Flex"],"picked":"Immolate","floor":13},{"not_picked":["Body Slam","Anger"],"picked":"Warcry","floor":14}],"player_experience":80762,"relics_obtained":[{"floor":6,"key":"Centennial Puzzle"},{"floor":13,"key":"Bottled Flame"},{"floor":14,"key":"Strawberry"}],"event_choices":[{"cards_removed":["Strike_R"],"damage_healed":0,"gold_gain":0,"player_choice":"Card Removal","damage_taken":0,"max_hp_gain":0,"max_hp_loss":0,"event_name":"The Cleric","floor":5,"gold_loss":50},{"cards_removed":["Strike_R"],"damage_healed":0,"gold_gain":0,"player_choice":"Card Removal","damage_taken":7,"max_hp_gain":0,"max_hp_loss":0,"event_name":"Golden Wing","floor":7,"gold_loss":0},{"damage_healed":0,"gold_gain":0,"player_choice":"Donut","damage_taken":0,"max_hp_gain":5,"max_hp_loss":0,"event_name":"Big Fish","floor":12,"gold_loss":0},{"damage_healed":0,"gold_gain":0,"player_choice":"Searched \u00271\u0027 times","damage_taken":0,"max_hp_gain":0,"max_hp_loss":0,"event_name":"Dead Adventurer","floor":14,"gold_loss":0}],"is_beta":false,"boss_relics":[],"items_purged_floors":[],"is_endless":false,"potions_floor_spawned":[3,6,8,14],"killed_by":"Hexaghost","ascension_level":0}}