{"host":"j3dftr7v3bsikk26","time":1613744688,"event":{"mods":["AchievementEnabler","BaseMod","Bestiary","Better Note","Colored Map","Colored Powertips","Downfall","Minty Spire (QoL Compilation)","Relic Stats","StSLib"],"gold_per_floor":[99,113,125,125,142,169,238,238,255,255,270,270,270,40,55,132,132,132,149,161,177,177,177,177,193,193,193,193,219,219,250,260,338,338,238,258,258,273,286,320,320,205,217,276,292,308,108,118,128,128,128,159,9,9,9,9],"floor_reached":57,"language":"ENG","playtime":11728,"items_purged":["Guardian:Defend_Guardian","Guardian:Strike_Guardian","Guardian:Defend_Guardian","Guardian:Defend_Guardian"],"score":1955,"play_id":"0d69aeea-e18e-46dc-8b49-1f1063b746ee","local_time":"20210219152448","is_ascension_mode":true,"campfire_choices":[{"data":"Guardian:TwinSlam","floor":1,"key":"SMITH"},{"data":"Guardian:PiercingHide","floor":8,"key":"SMITH"},{"data":"Guardian:PrimingBeam","floor":12,"key":"SMITH"},{"data":"Guardian:Recover","floor":18,"key":"SMITH"},{"data":"Guardian:AncientConstruct","floor":27,"key":"SMITH"},{"floor":30,"key":"RECALL"},{"data":"Guardian:SphericShield","floor":35,"key":"SMITH"},{"data":"Guardian:BodySlam","floor":47,"key":"SMITH"},{"data":"Guardian:Repulse","floor":54,"key":"SMITH"}],"circlet_count":0,"master_deck":["AscendersBane","Guardian:Defend_Guardian","Guardian:CurlUp+1","Guardian:TwinSlam+1","Guardian:PrimingBeam+1","Guardian:Recover+1","Guardian:PiercingHide+1","Guardian:PiercingHide+1","Guardian:SentryBeam+1","Guardian:AncientConstruct+1","Guardian:PrismaticBarrier+1","Guardian:TemporalShield+1","RitualDagger+1","Guardian:SphericShield+1","Guardian:Repulse+1","Guardian:ArmoredProtocol","Guardian:BodySlam+1","Guardian:SphericShield","Guardian:ShieldSpikes","Guardian:Harden"],"relics":["Guardian:ModeShifter","Art of War","Bottled Lightning","Ornamental Fan","Philosopher\u0027s Stone","Eternal Feather","Lantern","Potion Belt","Runic Pyramid","downfall:HeartBlessingRed","Gremlin Horn","Bronze Scales","downfall:HeartBlessingGreen","downfall:HeartBlessingBlue","CaptainsWheel"],"acts_visited":["Exordium","TheCity","TheBeyond","TheEnding"],"potions_floor_usage":[20,33,44,50,55,56],"damage_taken":[{"damage":0,"enemies":"2 Louse","floor":2,"turns":5},{"damage":2,"enemies":"Jaw Worm","floor":3,"turns":4},{"damage":0,"enemies":"Cultist","floor":5,"turns":4},{"damage":17,"enemies":"3 Sentries","floor":6,"turns":14},{"damage":0,"enemies":"downfall:LooterAlt","floor":9,"turns":6},{"damage":5,"enemies":"Large Slime","floor":11,"turns":9},{"damage":0,"enemies":"downfall:FleeingMerchant","floor":14,"turns":4},{"damage":0,"enemies":"Blue Slaver","floor":15,"turns":4},{"damage":14,"enemies":"DF_ARCHETYPE_STREAMLINE","floor":16,"turns":15},{"damage":0,"enemies":"Spheric Guardian","floor":19,"turns":5},{"damage":2,"enemies":"3 Byrds","floor":20,"turns":4},{"damage":12,"enemies":"Shelled Parasite and Fungi","floor":21,"turns":7},{"damage":4,"enemies":"Snake Plant","floor":25,"turns":5},{"damage":11,"enemies":"Gremlin Leader","floor":29,"turns":8},{"damage":9,"enemies":"Book of Stabbing","floor":31,"turns":6},{"damage":7,"enemies":"Snecko","floor":32,"turns":8},{"damage":0,"enemies":"WA_ARCHETYPE_CALM","floor":33,"turns":14},{"damage":0,"enemies":"3 Darklings","floor":36,"turns":7},{"damage":0,"enemies":"3 Shapes","floor":38,"turns":5},{"damage":0,"enemies":"Writhing Mass","floor":39,"turns":7},{"damage":3,"enemies":"Nemesis","floor":40,"turns":13},{"damage":0,"enemies":"downfall:FleeingMerchant","floor":42,"turns":4},{"damage":0,"enemies":"Sphere and 2 Shapes","floor":43,"turns":6},{"damage":0,"enemies":"downfall:FleeingMerchant","floor":44,"turns":4},{"damage":0,"enemies":"Spire Growth","floor":45,"turns":4},{"damage":0,"enemies":"Maw","floor":46,"turns":6},{"damage":0,"enemies":"Jaw Worm Horde","floor":48,"turns":3},{"damage":0,"enemies":"4 Shapes","floor":49,"turns":5},{"damage":38,"enemies":"SI_POISON_ARCHETYPE","floor":50,"turns":10},{"damage":0,"enemies":"downfall:CharBossMerchant","floor":52,"turns":7},{"damage":0,"enemies":"downfall:NeowBoss","floor":55,"turns":20},{"damage":37,"enemies":"downfall:NeowBossFinal","floor":56,"turns":8}],"seed_played":"-1959222211367429705","potions_obtained":[{"floor":3,"key":"hexamod:SoulburnPotion"},{"floor":6,"key":"Guardian:DefensiveModePotion"},{"floor":20,"key":"BlessingOfTheForge"},{"floor":21,"key":"Swift Potion"},{"floor":26,"key":"CultistPotion"},{"floor":38,"key":"GamblersBrew"},{"floor":39,"key":"Strength Potion"},{"floor":43,"key":"Guardian:DefensiveModePotion"},{"floor":45,"key":"Energy Potion"},{"floor":46,"key":"Guardian:DefensiveModePotion"}],"is_trial":false,"path_per_floor":["R","M","M","?","M","E","T","R","M","?","M","R","?","$","M","B",null,"R","M","M","M","?","?","T","M","?","R","?","E","R","E","M","B",null,"R","M","?","M","M","E","T","$","M","?","M","M","R","M","M","B",null,"E","$","R","B","B",null],"character_chosen":"GUARDIAN","items_purchased":["Guardian:Gem_Synthetic","Bronze Scales"],"campfire_rested":0,"item_purchase_floors":[14,44],"current_hp_per_floor":[65,65,63,45,45,28,28,28,28,28,23,23,23,23,23,9,51,51,51,49,37,37,29,29,25,25,34,34,23,32,23,16,16,53,62,62,62,62,62,59,59,59,59,59,59,59,75,75,75,37,66,66,66,75,75,38],"gold":9,"neow_bonus":"REMOVE_TWO","is_daily":false,"chose_seed":false,"campfire_upgraded":8,"win_rate":0.0,"timestamp":1613744688,"path_taken":["R","M","M","?","M","E","T","R","M","?","?","R","?","$","M","BOSS","R","M","M","M","?","?","T","?","?","R","?","E","R","E","M","BOSS","R","M","?","?","M","E","T","?","M","?","M","M","R","M","M","BOSS","E","$","R","BOSS","BOSS"],"items_purchased_type":["Card","Relic"],"build_version":"2020-12-22","purchased_purges":4,"victory":true,"max_hp_per_floor":[65,65,65,65,65,65,65,65,65,65,65,65,65,65,65,65,65,65,65,65,65,65,65,65,65,65,65,65,65,65,65,65,65,65,65,65,65,65,65,65,65,65,65,65,65,65,75,75,75,75,75,75,75,75,75,75],"relic_stats":{"Gremlin Horn":[9,9],"counters":[32,231],"Ornamental Fan":[136],"Bronze Scales":[114],"Eternal Feather":42,"Art of War":[26],"obtain_stats":[{"Potion Belt":31,"Lantern":29,"downfall:HeartBlessingRed":35,"Gremlin Horn":40,"Guardian:ModeShifter":0,"Eternal Feather":24,"downfall:HeartBlessingGreen":47,"CaptainsWheel":52,"downfall:BrokenWingStatue":13,"Ornamental Fan":7,"downfall:HeartBlessingBlue":47,"Bronze Scales":44,"Philosopher\u0027s Stone":17,"Art of War":4,"Bottled Lightning":6,"Runic Pyramid":34},{"Potion Belt":15,"Lantern":14,"downfall:HeartBlessingRed":17,"Gremlin Horn":21,"Guardian:ModeShifter":0,"Eternal Feather":12,"downfall:HeartBlessingGreen":26,"CaptainsWheel":30,"downfall:BrokenWingStatue":6,"Ornamental Fan":4,"downfall:HeartBlessingBlue":26,"Bronze Scales":24,"Philosopher\u0027s Stone":9,"Art of War":2,"Bottled Lightning":4,"Runic Pyramid":17},{"Potion Belt":100,"Lantern":94,"downfall:HeartBlessingRed":122,"Gremlin Horn":154,"Guardian:ModeShifter":0,"Eternal Feather":81,"downfall:HeartBlessingGreen":178,"CaptainsWheel":203,"downfall:BrokenWingStatue":42,"Ornamental Fan":27,"downfall:HeartBlessingBlue":178,"Bronze Scales":168,"Philosopher\u0027s Stone":65,"Art of War":9,"Bottled Lightning":27,"Runic Pyramid":122}]},"card_choices":[{"not_picked":["Guardian:WalkerClaw","Guardian:VentSteam"],"picked":"Guardian:PrimingBeam","floor":2},{"not_picked":["Guardian:Suspension","Guardian:Gem_Lightblue"],"picked":"Guardian:Gem_Green","floor":3},{"not_picked":["Guardian:PrismaticBarrier","Guardian:Incinerate"],"picked":"Guardian:Recover","floor":5},{"not_picked":["Guardian:RollAttack","Guardian:PolyBeam"],"picked":"Guardian:PiercingHide","floor":6},{"not_picked":["Guardian:Incinerate","Guardian:Gem_Red","Guardian:FuturePlans"],"picked":"SKIP","floor":9},{"not_picked":["Guardian:Incinerate","Guardian:WalkerClaw"],"picked":"Guardian:Gem_Green","floor":11},{"not_picked":["Guardian:PolyBeam","Guardian:PrismaticBeam","Guardian:TemporalStrike"],"picked":"SKIP","floor":14},{"not_picked":["Guardian:Recover","Guardian:Incinerate"],"picked":"Guardian:SentryBeam","floor":15},{"not_picked":["Guardian:BaubleBeam","Guardian:HyperBeam_Guardian"],"picked":"Guardian:AncientConstruct","floor":16},{"not_picked":["Guardian:ShieldCharger","Guardian:RollAttack"],"picked":"Guardian:PrismaticBarrier+1","floor":19},{"not_picked":["Guardian:Gem_Red","Guardian:BronzeOrb"],"picked":"Guardian:Gem_Lightblue","floor":20},{"not_picked":["Guardian:Recover","Guardian:FuturePlans+1","Guardian:CrystalBeam"],"picked":"SKIP","floor":21},{"not_picked":["Guardian:PolyBeam","Guardian:RefractedBeam"],"picked":"Guardian:TemporalShield+1","floor":25},{"not_picked":["Guardian:Recover","Guardian:Gem_Green"],"picked":"Guardian:Gem_Synthetic","floor":29},{"not_picked":["Guardian:TemporalStrike","Guardian:Recover"],"picked":"Guardian:Gem_Orange","floor":31},{"not_picked":["Guardian:ShieldCharger","Guardian:Planning","Guardian:VentSteam"],"picked":"SKIP","floor":32},{"not_picked":["Guardian:GatlingBeam","Guardian:StasisEngine"],"picked":"Guardian:SphericShield","floor":33},{"not_picked":["Guardian:Incinerate+1","Guardian:TemporalStrike","Guardian:Gem_Cyan"],"picked":"SKIP","floor":36},{"not_picked":["Guardian:Gem_Cyan","Guardian:Gem_Lightblue"],"picked":"Guardian:Repulse","floor":38},{"not_picked":["Guardian:Planning","Guardian:VentSteam+1"],"picked":"Guardian:ArmoredProtocol","floor":39},{"not_picked":["Guardian:Gem_Fragmented","Guardian:ChargeUp+1"],"picked":"Guardian:BodySlam","floor":40},{"not_picked":["Guardian:RollAttack","Guardian:BodySlam+1"],"picked":"Guardian:Gem_Cyan","floor":42},{"not_picked":["Guardian:PiercingHide","Guardian:Emergency"],"picked":"Guardian:Gem_White","floor":43},{"not_picked":["Guardian:Gem_Green","Guardian:Gem_Lightblue"],"picked":"Guardian:SphericShield","floor":44},{"not_picked":["Guardian:TimeBomb+1","Guardian:GuardianWhirl","Guardian:TemporalShield+1"],"picked":"SKIP","floor":45},{"not_picked":["Guardian:Gem_Green","Guardian:PrimingBeam","Guardian:ChargeCore+1"],"picked":"SKIP","floor":46},{"not_picked":["Guardian:SentryBeam","Guardian:RollAttack"],"picked":"Guardian:ShieldSpikes","floor":48},{"not_picked":["Guardian:Orbwalk","Guardian:Emergency","Guardian:PolyBeam"],"picked":"SKIP","floor":49},{"not_picked":["Guardian:ChargeUp","Guardian:WalkerClaw"],"picked":"Guardian:Harden","floor":52}],"player_experience":1408641,"relics_obtained":[{"floor":6,"key":"Bottled Lightning"},{"floor":7,"key":"Ornamental Fan"},{"floor":24,"key":"Eternal Feather"},{"floor":29,"key":"Lantern"},{"floor":31,"key":"Potion Belt"},{"floor":40,"key":"Gremlin Horn"},{"floor":52,"key":"CaptainsWheel"}],"event_choices":[{"damage_healed":0,"gold_gain":0,"player_choice":"Success","damage_taken":18,"relics_obtained":["Art of War"],"max_hp_gain":0,"max_hp_loss":0,"event_name":"Scrap Ooze","floor":4,"gold_loss":0},{"damage_healed":0,"gold_gain":0,"player_choice":"Ignored","damage_taken":0,"max_hp_gain":0,"max_hp_loss":0,"event_name":"Ghosts","floor":22,"gold_loss":0}],"is_beta":false,"boss_relics":[{"not_picked":["Cursed Key","Tiny House"],"picked":"Philosopher\u0027s Stone"},{"not_picked":["SacredBark","Fusion Hammer"],"picked":"Runic Pyramid"}],"items_purged_floors":[14,42,44,53],"is_endless":false,"potions_floor_spawned":[3,6,20,21,29,38,39,43,45,46],"ascension_level":14}}