{"host":"8yon5n5je7lh4vc0","time":1613731509,"event":{"mods":["AchievementEnabler","BaseMod","BetterRewards","Downfall","Gold Saver","Highlight Path","Hubris","Infinite Spire","Minty Spire (QoL Compilation)","Permanent Neow","Quick Restart","Remilia（蕾米莉亚）","Remove Card Discount Mod","Replay The Spire","Shop Mod","Spicy Shops","StSLib","SuperFastMode","TestMod","The Jungle","Transform Curses","篝火指南"],"gold_per_floor":[109,217,217,229,99,99,113,130,182,182,182,182,194,212,212,314,314,331,331,348,348,378,378,393,411,411,428,428,428,196,215,56,161,161,177,177,195,208,208,208],"floor_reached":39,"language":"ZHS","playtime":2249,"items_purged":["Defend_R","Strike_R","Strike_R","Defend_R","Strike_R","Bash","Strike_R","Strike_R","Pain"],"score":500,"play_id":"f30126c4-0d7e-42de-9e3b-0b338d0f7128","local_time":"20210219184509","is_ascension_mode":false,"campfire_choices":[{"data":"HalloweenModCandy","floor":6.0,"key":"SMITH"},{"data":"Inflame","floor":6.0,"key":"SMITH"},{"data":"HalloweenModTrick","floor":12.0,"key":"SMITH"},{"data":"HalloweenModGhostCostume","floor":12.0,"key":"SMITH"},{"data":"HalloweenModTrick","floor":15,"key":"SMITH"},{"data":"HalloweenModTrick","floor":15,"key":"SMITH"},{"data":"Massacre","floor":23,"key":"SMITH"},{"data":"Defend_R","floor":23,"key":"SMITH"},{"data":"HalloweenModTrick","floor":29,"key":"SMITH"},{"data":"HalloweenModTrick","floor":29,"key":"SMITH"}],"circlet_count":0,"master_deck":["Defend_R","Defend_R+1","Inflame+1","HalloweenModGhostCostume+1","Massacre+1","HalloweenModCandy+1","HalloweenModTrick+1","HalloweenModCandy+1","HalloweenModTrick+1","HalloweenModTrick+1","HalloweenModTrick+1","HalloweenModTrick+1","HalloweenModCandy+1","HalloweenModTrick+1","HalloweenModTrick+1","HalloweenModTrick+1","HalloweenModCandy+1","Massacre+1","HalloweenModTrick+1","Dual Wield","HalloweenModGhostCostume+1","HalloweenModTrick+1","HalloweenModTrick","HalloweenModCandy"],"relics":["Burning Blood","testmod-TestBox","HalloweenModHalloween","Blue Candle","Blue Doll","testmod-Alchemist","Replay:Arrowhead","testmod-Motorcycle","infinitespire:Beetle Shell","hubris:MysteriousPyramids","testmod-BatchProcessingSystem","Red Mask","infinitespire:ShieldingShard","WarpedTongs","MerchantsRug","hubris:SlimyHat","SlaversCollar"],"acts_visited":["Exordium","TheCity","TheBeyond"],"potions_floor_usage":[14,16,16,33,39,39],"damage_taken":[{"damage":0.0,"enemies":"Small Slimes","floor":1.0,"turns":3.0},{"damage":11.0,"enemies":"Jaw Worm","floor":4.0,"turns":2.0},{"damage":7.0,"enemies":"Cultist","floor":7.0,"turns":4.0},{"damage":7.0,"enemies":"Exordium Thugs","floor":8.0,"turns":2.0},{"damage":16.0,"enemies":"Exordium Wildlife","floor":13.0,"turns":2.0},{"damage":0,"enemies":"Large Slime","floor":14,"turns":2},{"damage":30,"enemies":"Hexaghost","floor":16,"turns":3},{"damage":24,"enemies":"2 Thieves","floor":18,"turns":3},{"damage":0,"enemies":"Spheric Guardian","floor":20,"turns":1},{"damage":0,"enemies":"Masked Bandits","floor":22,"turns":1},{"damage":0,"enemies":"Snecko","floor":24,"turns":2},{"damage":1,"enemies":"Centurion and Healer","floor":25,"turns":2},{"damage":0,"enemies":"Chosen and Byrds","floor":27,"turns":1},{"damage":0,"enemies":"Snake Plant","floor":31,"turns":1},{"damage":0,"enemies":"Pondfish","floor":33,"turns":3},{"damage":8,"enemies":"3 Shapes","floor":35,"turns":2},{"damage":2,"enemies":"Orb Walker","floor":37,"turns":3},{"damage":19,"enemies":"Maw","floor":38,"turns":3},{"damage":0,"enemies":"infinitespire:Three Voidlings","floor":39,"turns":1},{"damage":149,"enemies":"Nightmare_Alpha","floor":39,"turns":6}],"seed_played":"-3567274837257779003","potions_obtained":[{"floor":4.0,"key":"FairyPotion"},{"floor":7.0,"key":"Energy Potion"},{"floor":13.0,"key":"Adrenaline Potion"},{"floor":14,"key":"Swift Potion"},{"floor":16,"key":"AttackPotion"},{"floor":24,"key":"Languid Potion"},{"floor":31,"key":"SkillPotion"},{"floor":37,"key":"BloodPotion"}],"is_trial":false,"path_per_floor":["M","?","?","M","$","R","M","M","T","T","?","R","M","M","R","B",null,"M","?","M","?","?","R","M","M","T","M","?","R","$","M","R","B",null,"M","?","M","M","?"],"character_chosen":"IRONCLAD","items_purchased":["Blue Doll","Inflame","Replay:Bottled Snecko","testmod-Motorcycle","Pet Ghost","MerchantsRug","Massacre+1","hubris:SlimyHat","Dual Wield"],"campfire_rested":0,"item_purchase_floors":[0,0,0,5,30,30,30,32,32],"current_hp_per_floor":[42,42,42,37,37,37,44,47,47,47,47,47,41,51,51,31,80,66,66,72,64,70,70,76,80,80,80,80,80,80,80,80,80,80,78,75,80,79,0,0],"gold":208,"neow_bonus":"","is_daily":false,"chose_seed":false,"campfire_upgraded":10,"win_rate":0.0,"timestamp":1613731509,"path_taken":["M","?","?","M","$","R","M","?","T","?","?","R","M","M","R","BOSS","M","?","M","?","?","R","M","?","T","M","?","R","$","?","R","BOSS","M","?","M","?","?"],"items_purchased_type":["Relic","Card","Relic","Relic","Relic","Relic","Card","Relic","Card"],"build_version":"2020-12-22","purchased_purges":9,"victory":false,"max_hp_per_floor":[80,80,80,80,80,80,80,80,80,80,80,80,80,80,80,80,80,80,80,80,80,80,80,80,80,80,80,80,80,80,80,80,80,80,80,80,80,80,80,80],"card_choices":[{"not_picked":["HalloweenModCandy","HalloweenModTrick"],"picked":"HalloweenModGhostCostume","floor":1.0},{"not_picked":["ReplayTheSpireMod:Strike From Hell","Twin Strike"],"picked":"Massacre","floor":2.0},{"not_picked":["HalloweenModTrick","HalloweenModGhostCostume"],"picked":"HalloweenModCandy","floor":4.0},{"not_picked":["HalloweenModGhostCostume","HalloweenModCandy"],"picked":"HalloweenModTrick","floor":7.0},{"not_picked":["HalloweenModTrick","HalloweenModGhostCostume"],"picked":"HalloweenModCandy","floor":8.0},{"not_picked":["HalloweenModGhostCostume","HalloweenModCandy"],"picked":"HalloweenModTrick","floor":13.0},{"not_picked":["HalloweenModGhostCostume","HalloweenModCandy"],"picked":"HalloweenModTrick","floor":14},{"not_picked":["HalloweenModCandy","HalloweenModGhostCostume"],"picked":"HalloweenModTrick","floor":16},{"not_picked":["HalloweenModCandy+1","HalloweenModGhostCostume+1"],"picked":"HalloweenModTrick+1","floor":18},{"not_picked":["HalloweenModGhostCostume","HalloweenModTrick"],"picked":"HalloweenModCandy+1","floor":20},{"not_picked":["HalloweenModCandy","HalloweenModGhostCostume+1"],"picked":"HalloweenModTrick+1","floor":22},{"not_picked":["HalloweenModGhostCostume","HalloweenModCandy"],"picked":"HalloweenModTrick","floor":24},{"not_picked":["HalloweenModGhostCostume","HalloweenModCandy"],"picked":"HalloweenModTrick","floor":25},{"not_picked":["HalloweenModGhostCostume","HalloweenModTrick"],"picked":"HalloweenModCandy+1","floor":27},{"not_picked":["HalloweenModCandy","HalloweenModGhostCostume"],"picked":"HalloweenModTrick+1","floor":31},{"not_picked":["HalloweenModTrick","HalloweenModCandy"],"picked":"HalloweenModGhostCostume+1","floor":33},{"not_picked":["HalloweenModGhostCostume+1","HalloweenModCandy+1"],"picked":"HalloweenModTrick+1","floor":35},{"not_picked":["HalloweenModGhostCostume","HalloweenModCandy"],"picked":"HalloweenModTrick","floor":37},{"not_picked":["HalloweenModGhostCostume+1","HalloweenModTrick"],"picked":"HalloweenModCandy","floor":38}],"player_experience":10502,"relics_obtained":[{"floor":9.0,"key":"infinitespire:Beetle Shell"},{"floor":10.0,"key":"hubris:MysteriousPyramids"},{"floor":22,"key":"Red Mask"},{"floor":26,"key":"infinitespire:ShieldingShard"}],"event_choices":[{"cards_removed":["ReplayTheSpireMod:Splinters"],"damage_healed":0.0,"max_hp_gain":0.0,"max_hp_loss":0.0,"gold_gain":0.0,"event_name":"Purifier","player_choice":"Purged","floor":3.0,"gold_loss":0.0,"damage_taken":0.0},{"damage_healed":0.0,"max_hp_gain":0.0,"max_hp_loss":0.0,"gold_gain":0.0,"event_name":"Living Wall","player_choice":"Grow","floor":11.0,"gold_loss":0.0,"damage_taken":0.0,"cards_upgraded":["HalloweenModCandy"]},{"damage_healed":0,"gold_gain":0,"player_choice":"Ignored","damage_taken":8,"max_hp_gain":0,"max_hp_loss":0,"event_name":"恩洛斯的盘子","floor":21,"gold_loss":0},{"damage_healed":0,"gold_gain":0,"player_choice":"Fought Bandits","damage_taken":0,"max_hp_gain":0,"max_hp_loss":0,"event_name":"Masked Bandits","floor":22,"gold_loss":0},{"damage_healed":0,"gold_gain":0,"player_choice":"Rummage","damage_taken":0,"relics_obtained":["WarpedTongs"],"max_hp_gain":0,"max_hp_loss":0,"event_name":"Accursed Blacksmith","floor":28,"gold_loss":0,"cards_obtained":["Pain"]},{"damage_healed":0,"gold_gain":0,"player_choice":"Punched","damage_taken":3,"max_hp_gain":0,"max_hp_loss":0,"event_name":"Designer","floor":36,"gold_loss":0}],"is_beta":false,"boss_relics":[{"not_picked":["hubris:TerracottaHorce","Ectoplasm"],"picked":"testmod-BatchProcessingSystem"},{"not_picked":["Kintsugi","Replay:Grab Bag"],"picked":"SlaversCollar"}],"items_purged_floors":[0,0,5,5,30,30,30,30,30],"is_endless":false,"potions_floor_spawned":[4,7,13,14,16,24,31,37],"killed_by":"Nightmare_Alpha","ascension_level":0}}