{"host":"tzwikg9s6mkzv6w0","time":1613748336,"event":{"mods":["BaseMod","Good Game Mod","Minty Spire (QoL Compilation)","Spicy Shops","StSLib"],"gold_per_floor":[115,115,131,144,219,219,253,253,324,349,191,211,35,63,63,141,141,155,155,155,155,174,228,275,304,372,426,426,482,54,94,94,191,191,211,250,285,285,326,379,379,438,464,464,522,522,522,599,599,629,629,629,73,98,98],"floor_reached":56,"language":"ZHS","playtime":2250,"items_purged":["Defend_P","FlyingSleeves","EmptyMind+1"],"score":2595,"play_id":"0e838572-32e3-4b14-9716-7ee92d9a21df","local_time":"20210219232536","is_ascension_mode":true,"campfire_choices":[{"data":"Eruption","floor":6.0,"key":"SMITH"},{"data":"Scrawl","floor":8.0,"key":"SMITH"},{"data":"Fasting2","floor":15.0,"key":"SMITH"},{"floor":28.0,"key":"REST"},{"data":"Adaptation","floor":32.0,"key":"SMITH"},{"data":"Ragnarok","floor":44.0,"key":"SMITH"},{"floor":46.0,"key":"RECALL"},{"data":"Wish","floor":49.0,"key":"SMITH"},{"data":"Panacea","floor":52.0,"key":"SMITH"}],"circlet_count":0,"master_deck":["AscendersBane","Eruption+1","Vigilance","Scrawl+1","FlurryOfBlows+1","Adaptation+1","Scrawl","Fasting2+1","DevaForm","Wish+1","Establishment","BattleHymn","Crescendo","Scrawl+1","ClearTheMind+1","Indignation","Ragnarok+1","Wallop+1","Master of Strategy","Panacea+1","Adaptation","FearNoEvil","Tantrum"],"relics":["HolyWater","REME:ComplimentaryCards","NeowsBlessing","Oddly Smooth Stone","Pear","Whetstone","Medical Kit","Odd Mushroom","Pandora\u0027s Box","Enchiridion","Mummified Hand","Bottled Lightning","Du-Vu Doll","Tiny Chest","Omamori","Lee\u0027s Waffle","Shuriken","Ornamental Fan","Peace Pipe","Ancient Tea Set","Thread and Needle","TeardropLocket","Damaru"],"acts_visited":["Exordium","TheCity","TheBeyond","TheEnding"],"potions_floor_usage":[],"damage_taken":[{"damage":0.0,"enemies":"Small Slimes","floor":1.0,"turns":1.0},{"damage":0.0,"enemies":"2 Louse","floor":3.0,"turns":1.0},{"damage":0.0,"enemies":"Jaw Worm","floor":4.0,"turns":1.0},{"damage":17.0,"enemies":"Lagavulin","floor":7.0,"turns":6.0},{"damage":0.0,"enemies":"Gremlin Nob","floor":10.0,"turns":2.0},{"damage":13.0,"enemies":"The Mushroom Lair","floor":12.0,"turns":4.0},{"damage":1.0,"enemies":"3 Sentries","floor":14.0,"turns":5.0},{"damage":12.0,"enemies":"The Guardian","floor":16.0,"turns":5.0},{"damage":0.0,"enemies":"Spheric Guardian","floor":18.0,"turns":2.0},{"damage":7.0,"enemies":"3 Byrds","floor":22.0,"turns":4.0},{"damage":9.0,"enemies":"Book of Stabbing","floor":23.0,"turns":3.0},{"damage":0.0,"enemies":"3 Cultists","floor":24.0,"turns":4.0},{"damage":8.0,"enemies":"Slavers","floor":25.0,"turns":3.0},{"damage":0.0,"enemies":"Gremlin Leader","floor":27.0,"turns":4.0},{"damage":0.0,"enemies":"Book of Stabbing","floor":29.0,"turns":2.0},{"damage":0.0,"enemies":"Snecko","floor":31.0,"turns":1.0},{"damage":0.0,"enemies":"Champ","floor":33.0,"turns":3.0},{"damage":0.0,"enemies":"Orb Walker","floor":35.0,"turns":1.0},{"damage":0.0,"enemies":"3 Darklings","floor":36.0,"turns":1.0},{"damage":0.0,"enemies":"Spire Growth","floor":37.0,"turns":2.0},{"damage":0.0,"enemies":"Writhing Mass","floor":39.0,"turns":2.0},{"damage":4.0,"enemies":"Giant Head","floor":40.0,"turns":2.0},{"damage":0.0,"enemies":"Nemesis","floor":42.0,"turns":1.0},{"damage":0.0,"enemies":"Reptomancer","floor":45.0,"turns":1.0},{"damage":0.0,"enemies":"2 Orb Walkers","floor":48.0,"turns":1.0},{"damage":3.0,"enemies":"Time Eater","floor":50.0,"turns":4.0},{"damage":0,"enemies":"Shield and Spear","floor":54,"turns":1},{"damage":44,"enemies":"The Heart","floor":55,"turns":4}],"seed_played":"5765699435016159206","potions_obtained":[{"floor":7.0,"key":"DuplicationPotion"},{"floor":14.0,"key":"Explosive Potion"},{"floor":16.0,"key":"GamblersBrew"},{"floor":23.0,"key":"BlessingOfTheForge"},{"floor":25.0,"key":"AttackPotion"},{"floor":29.0,"key":"Ancient Potion"}],"is_trial":false,"path_per_floor":["M","?","M","M","?","R","E","R","T","E","$","?","$","E","R","B",null,"M","?","?","?","M","E","M","E","T","E","R","E","$","M","R","B",null,"M","M","M","?","M","E","?","E","T","R","E","R","T","?","R","B",null,"R","$","E","B",null],"character_chosen":"WATCHER","items_purchased":["Medical Kit","Fasting2","Omamori","Lee\u0027s Waffle","TeardropLocket","Adaptation","FearNoEvil"],"campfire_rested":1,"item_purchase_floors":[11,13,30,30,53,53,53],"current_hp_per_floor":[61,54,54,54,43,43,26,26,36,36,36,23,23,22,22,10,61,61,61,40,40,33,24,24,16,16,16,39,39,85,85,85,85,85,85,85,85,85,85,81,76,76,76,76,76,76,76,76,76,73,82,82,82,82,38],"gold":98,"neow_bonus":"THREE_ENEMY_KILL","is_daily":false,"chose_seed":false,"campfire_upgraded":7,"win_rate":0.0,"timestamp":1613748336,"path_taken":["M","?","M","M","?","R","E","R","T","E","$","?","$","E","R","BOSS","M","?","?","?","M","E","?","E","T","E","R","E","$","M","R","BOSS","M","?","M","?","M","E","?","E","T","R","E","R","?","?","R","BOSS","R","$","E","BOSS"],"items_purchased_type":["Relic","Card","Relic","Relic","Relic","Card","Card"],"build_version":"2020-12-22","purchased_purges":3,"victory":true,"max_hp_per_floor":[68,68,68,68,68,68,68,68,78,78,78,78,78,78,78,78,78,78,78,78,78,78,78,78,78,78,78,78,78,85,85,85,85,85,85,85,85,85,85,85,85,85,85,85,85,85,85,85,85,85,85,85,85,85,85],"card_choices":[{"not_picked":["Prostrate","EmptyFist"],"picked":"FlurryOfBlows","floor":1.0},{"not_picked":["Pray","ClearTheMind","ReachHeaven"],"picked":"SKIP","floor":3.0},{"not_picked":["Nirvana","ClearTheMind"],"picked":"Adaptation","floor":4.0},{"not_picked":["Collect","Nirvana","Consecrate"],"picked":"SKIP","floor":7.0},{"not_picked":["PathToVictory","FearNoEvil"],"picked":"Scrawl","floor":10.0},{"not_picked":["SashWhip","FlurryOfBlows"],"picked":"DevaForm","floor":14.0},{"not_picked":["Blasphemy","DevaForm"],"picked":"Wish","floor":16.0},{"not_picked":["EmptyFist","FlyingSleeves+1","Perseverance"],"picked":"SKIP","floor":18.0},{"not_picked":["FlyingSleeves","SignatureMove"],"picked":"ClearTheMind+1","floor":22.0},{"not_picked":["DeceiveReality","Protect","FlyingSleeves"],"picked":"SKIP","floor":23.0},{"not_picked":["CarveReality","DevaForm","WaveOfTheHand"],"picked":"SKIP","floor":24.0},{"not_picked":["FollowUp","Halt","Wireheading"],"picked":"SKIP","floor":25.0},{"not_picked":["EmptyFist+1","FlurryOfBlows","SashWhip"],"picked":"SKIP","floor":27.0},{"not_picked":["PathToVictory","Protect","JustLucky"],"picked":"SKIP","floor":29.0},{"not_picked":["LessonLearned","Worship+1"],"picked":"Indignation","floor":31.0},{"not_picked":["Blasphemy","ConjureBlade"],"picked":"Ragnarok","floor":33.0},{"not_picked":["EmptyBody","Crescendo+1","Protect+1"],"picked":"SKIP","floor":35.0},{"not_picked":["BowlingBash","CrushJoints"],"picked":"Wallop+1","floor":36.0},{"not_picked":["Conclude","ReachHeaven","CutThroughFate"],"picked":"SKIP","floor":37.0},{"not_picked":["FlyingSleeves","Crescendo"],"picked":"EmptyMind+1","floor":39.0},{"not_picked":["CrushJoints","ConjureBlade","Indignation"],"picked":"SKIP","floor":40.0},{"not_picked":["Deep Breath","Jack Of All Trades"],"picked":"Master of Strategy","floor":41.0},{"not_picked":["Mind Blast","Enlightenment"],"picked":"Panacea","floor":41.0},{"not_picked":["Protect+1","ThirdEye+1","FollowUp+1"],"picked":"SKIP","floor":42.0},{"not_picked":["LikeWater","Wallop","CarveReality"],"picked":"SKIP","floor":45.0},{"not_picked":["WheelKick","Evaluate"],"picked":"Tantrum","floor":54}],"player_experience":160497,"relics_obtained":[{"floor":7.0,"key":"Oddly Smooth Stone"},{"floor":9.0,"key":"Pear"},{"floor":10.0,"key":"Whetstone"},{"floor":12.0,"key":"Odd Mushroom"},{"floor":20.0,"key":"Enchiridion"},{"floor":25.0,"key":"Mummified Hand"},{"floor":26.0,"key":"Bottled Lightning"},{"floor":27.0,"key":"Du-Vu Doll"},{"floor":29.0,"key":"Tiny Chest"},{"floor":40.0,"key":"Shuriken"},{"floor":42.0,"key":"Ornamental Fan"},{"floor":45.0,"key":"Peace Pipe"},{"floor":47.0,"key":"Ancient Tea Set"},{"floor":48.0,"key":"Thread and Needle"},{"floor":54,"key":"Damaru"}],"event_choices":[{"cards_removed":["Defend_P"],"damage_healed":0.0,"max_hp_gain":0.0,"max_hp_loss":0.0,"gold_gain":0.0,"event_name":"Golden Wing","player_choice":"Card Removal","floor":2.0,"gold_loss":0.0,"damage_taken":7.0},{"damage_healed":0.0,"max_hp_gain":0.0,"max_hp_loss":0.0,"gold_gain":75.0,"event_name":"World of Goop","player_choice":"Gather Gold","floor":5.0,"gold_loss":0.0,"damage_taken":11.0},{"damage_healed":0.0,"max_hp_gain":0.0,"max_hp_loss":0.0,"gold_gain":0.0,"event_name":"Mushrooms","player_choice":"Fought Mushrooms","floor":12.0,"gold_loss":0.0,"damage_taken":0.0},{"cards_removed":["Pray"],"damage_healed":0.0,"max_hp_gain":0.0,"max_hp_loss":0.0,"gold_gain":0.0,"event_name":"Back to Basics","player_choice":"Elegance","floor":19.0,"gold_loss":0.0,"damage_taken":0.0},{"damage_healed":0.0,"max_hp_gain":0.0,"max_hp_loss":0.0,"gold_gain":0.0,"event_name":"Cursed Tome","player_choice":"Obtained Book","floor":20.0,"gold_loss":0.0,"damage_taken":21.0},{"damage_healed":0.0,"max_hp_gain":0.0,"max_hp_loss":0.0,"gold_gain":0.0,"event_name":"Duplicator","player_choice":"Copied","floor":21.0,"gold_loss":0.0,"damage_taken":0.0,"cards_obtained":["Scrawl"]},{"cards_removed":["WindmillStrike"],"damage_healed":0.0,"max_hp_gain":0.0,"max_hp_loss":0.0,"gold_gain":0.0,"event_name":"Falling","player_choice":"Removed Attack","floor":38.0,"gold_loss":0.0,"damage_taken":0.0},{"damage_healed":0.0,"max_hp_gain":0.0,"max_hp_loss":0.0,"gold_gain":0.0,"event_name":"SensoryStone","player_choice":"Memory 2","floor":41.0,"gold_loss":0.0,"damage_taken":5.0},{"damage_healed":0.0,"max_hp_gain":0.0,"max_hp_loss":0.0,"gold_gain":0.0,"event_name":"Mysterious Sphere","player_choice":"Fight","floor":48.0,"gold_loss":0.0,"damage_taken":0.0}],"is_beta":false,"boss_relics":[{"not_picked":["SacredBark","SlaversCollar"],"picked":"Pandora\u0027s Box"},{"not_picked":["Busted Crown","Astrolabe"],"picked":"HolyWater"}],"items_purged_floors":[11,30,53],"is_endless":false,"potions_floor_spawned":[7,14,16,23,25,27,29,35,42,45],"ascension_level":17}}