{"host":"w4b7hmige5bnqipq","time":1613732037,"event":{"mods":["2.2 Compatiblity","BaseMod","Colored Map","DeckTracker","Keyboard Shortcuts","Minty Spire (QoL Compilation)","Permanent Neow","Rare Cards Sparkle","SuperFastMode","everything is the same but u backflip on backflip","slay the spire mod where everything is the same but ironclad has a cowboy hat"],"gold_per_floor":[362,35,35,35,35,70,70,70,70,101,101,115,130,146,146,218,218,230,230,230,247,7,7,7],"floor_reached":23,"language":"KOR","playtime":576,"items_purged":["Strike_B"],"score":374,"play_id":"fecd535d-2af9-4c2b-a6b4-c5f1e31dbe0a","local_time":"20210219185357","is_ascension_mode":true,"campfire_choices":[{"floor":8,"key":"REST"},{"data":"Coolheaded","floor":11,"key":"SMITH"},{"data":"Zap","floor":15,"key":"SMITH"}],"circlet_count":0,"master_deck":["AscendersBane","Strike_B","Strike_B","Defend_B","Defend_B","Defend_B","Defend_B","Zap+1","Dualcast","Coolheaded+1","FTL","Reboot","Genetic Algorithm+1","Buffer","Rebound","Core Surge","Loop","Capacitor","Aggregate+1"],"relics":["Cracked Core","DataDisk","Medical Kit","Symbiotic Virus","Toxic Egg 2","TungstenRod","Cursed Key","ClockworkSouvenir"],"acts_visited":["Exordium","TheCity"],"potions_floor_usage":[6,21],"damage_taken":[{"damage":1,"enemies":"Cultist","floor":1,"turns":3},{"damage":32,"enemies":"Gremlin Nob","floor":6,"turns":4},{"damage":10,"enemies":"Lagavulin","floor":10,"turns":5},{"damage":0,"enemies":"2 Louse","floor":12,"turns":3},{"damage":0,"enemies":"Jaw Worm","floor":13,"turns":3},{"damage":2,"enemies":"Blue Slaver","floor":14,"turns":3},{"damage":21,"enemies":"Hexaghost","floor":16,"turns":12},{"damage":1,"enemies":"3 Byrds","floor":18,"turns":6},{"damage":5,"enemies":"2 Thieves","floor":21,"turns":4},{"damage":50,"enemies":"Slavers","floor":23,"turns":4}],"seed_played":"-3086822427567424975","potions_obtained":[{"floor":1,"key":"DuplicationPotion"},{"floor":13,"key":"Swift Potion"},{"floor":14,"key":"GamblersBrew"}],"is_trial":false,"path_per_floor":["M","$","?","?","$","E","$","R","T","E","R","M","M","M","R","B",null,"M","?","?","M","$","E"],"character_chosen":"DEFECT","items_purchased":["DataDisk","Medical Kit","ClockworkSouvenir"],"campfire_rested":1,"item_purchase_floors":[2,2,22],"current_hp_per_floor":[63,63,56,56,56,24,24,45,45,35,35,35,35,33,33,12,56,55,55,55,50,50,0,0],"gold":7,"neow_bonus":"TWO_FIFTY_GOLD","is_daily":false,"chose_seed":false,"campfire_upgraded":2,"win_rate":0.0,"timestamp":1613732037,"path_taken":["M","?","?","?","$","E","?","R","T","E","R","M","M","M","R","BOSS","M","?","?","M","$","E"],"items_purchased_type":["Relic","Relic","Relic"],"build_version":"2020-12-22","purchased_purges":1,"victory":false,"max_hp_per_floor":[71,71,71,71,71,71,71,71,71,71,71,71,71,71,71,71,71,71,71,71,71,71,71,71],"card_choices":[{"not_picked":["Gash","Redo"],"picked":"Coolheaded","floor":1},{"not_picked":["Tempest","Rebound"],"picked":"Reboot","floor":6},{"not_picked":["Cold Snap","Sweeping Beam"],"picked":"Genetic Algorithm+1","floor":10},{"not_picked":["Cold Snap","Steam+1","Leap+1"],"picked":"SKIP","floor":12},{"not_picked":["BootSequence+1","Auto Shields+1"],"picked":"Buffer","floor":13},{"not_picked":["Heatsinks","Compile Driver"],"picked":"Rebound","floor":14},{"not_picked":["Rainbow+1","Reboot+1"],"picked":"Core Surge","floor":16},{"not_picked":["Leap+1","Streamline"],"picked":"Loop","floor":18},{"not_picked":["Scrape","Barrage"],"picked":"Aggregate+1","floor":21}],"player_experience":783053,"relics_obtained":[{"floor":6,"key":"Symbiotic Virus"},{"floor":9,"key":"Toxic Egg 2"},{"floor":10,"key":"TungstenRod"}],"event_choices":[{"cards_removed":["Normality"],"damage_healed":0,"gold_gain":0,"player_choice":"Card Removal","damage_taken":7,"max_hp_gain":0,"max_hp_loss":0,"event_name":"Golden Wing","floor":3,"gold_loss":0},{"damage_healed":0,"gold_gain":0,"cards_transformed":["Strike_B"],"player_choice":"Change","damage_taken":0,"max_hp_gain":0,"max_hp_loss":0,"event_name":"Living Wall","floor":4,"gold_loss":0,"cards_obtained":["FTL"]},{"damage_healed":0,"gold_gain":0,"player_choice":"Read","damage_taken":0,"max_hp_gain":0,"max_hp_loss":0,"event_name":"The Library","floor":19,"gold_loss":0,"cards_obtained":["Capacitor"]},{"damage_healed":0,"gold_gain":0,"player_choice":"Ignored","damage_taken":0,"max_hp_gain":0,"max_hp_loss":0,"event_name":"Ghosts","floor":20,"gold_loss":0}],"is_beta":false,"boss_relics":[{"not_picked":["Pandora\u0027s Box","Runic Pyramid"],"picked":"Cursed Key"}],"items_purged_floors":[22],"is_endless":false,"potions_floor_spawned":[1,13,14,16],"killed_by":"Slavers","ascension_level":18}}