{"host":"lxu17chzujqn8whl","time":1613704029,"event":{"mods":["BaseMod","Minty Spire (QoL Compilation)","Relic Stats","StSLib"],"gold_per_floor":[119,119,135,310,310,310,340,340,421,41,71,84,117,181,193,205,205],"floor_reached":16,"language":"ENG","playtime":398,"items_purged":["Doubt"],"score":116,"play_id":"1cb8067c-8b89-4135-85d5-f03ff1124037","local_time":"20210218190709","is_ascension_mode":false,"campfire_choices":[{"data":"Zap","floor":6,"key":"SMITH"},{"data":"Dualcast","floor":8,"key":"SMITH"},{"floor":15,"key":"REST"}],"circlet_count":0,"master_deck":["Strike_B","Strike_B","Strike_B","Strike_B","Defend_B","Defend_B","Defend_B","Defend_B","Zap+1","Dualcast+1","Sunder+1","Coolheaded+1","Dramatic Entrance","Turbo","Hologram","Sweeping Beam"],"relics":["Cracked Core","Pantograph","Question Card","Blood Vial","Singing Bowl","MawBank","Toy Ornithopter"],"acts_visited":["Exordium"],"potions_floor_usage":[13,16],"damage_taken":[{"damage":0,"enemies":"Cultist","floor":1,"turns":3},{"damage":0,"enemies":"2 Louse","floor":3,"turns":2},{"damage":27,"enemies":"3 Sentries","floor":7,"turns":6},{"damage":12,"enemies":"Lagavulin","floor":11,"turns":5},{"damage":0,"enemies":"Small Slimes","floor":12,"turns":2},{"damage":11,"enemies":"3 Sentries","floor":13,"turns":6},{"damage":36,"enemies":"Hexaghost","floor":16,"turns":3}],"seed_played":"828410684980123568","potions_obtained":[{"floor":1,"key":"Weak Potion"},{"floor":11,"key":"SteroidPotion"},{"floor":12,"key":"LiquidMemories"}],"is_trial":false,"path_per_floor":["M","?","M","?","?","R","E","R","T","$","E","M","E","T","R","B"],"character_chosen":"DEFECT","items_purchased":["Dramatic Entrance","Turbo","Blood Vial"],"campfire_rested":1,"item_purchase_floors":[10,10,10],"current_hp_per_floor":[82,82,82,82,82,82,55,55,55,55,45,47,40,40,65,48,48],"gold":205,"neow_bonus":"TEN_PERCENT_HP_BONUS","is_daily":false,"chose_seed":false,"campfire_upgraded":2,"win_rate":0.0,"timestamp":1613704029,"path_taken":["M","?","?","?","?","R","E","R","T","$","E","M","E","?","R","BOSS"],"items_purchased_type":["Card","Card","Relic"],"build_version":"2020-12-22","purchased_purges":1,"victory":false,"max_hp_per_floor":[82,82,82,82,82,82,82,82,82,82,82,82,84,84,84,84,84],"relic_stats":{"Blood Vial":8,"Singing Bowl":2,"counters":[7,27],"Pantograph":17,"Question Card":3,"MawBank":36,"obtain_stats":[{"Blood Vial":10,"Singing Bowl":11,"Pantograph":7,"Cracked Core":0,"Question Card":9,"MawBank":13,"Toy Ornithopter":14},{"Blood Vial":3,"Singing Bowl":4,"Pantograph":3,"Cracked Core":0,"Question Card":3,"MawBank":6,"Toy Ornithopter":6},{"Blood Vial":11,"Singing Bowl":16,"Pantograph":11,"Cracked Core":0,"Question Card":11,"MawBank":24,"Toy Ornithopter":24}],"Toy Ornithopter":0},"card_choices":[{"not_picked":["Turbo","Reinforced Body"],"picked":"Sunder","floor":1},{"not_picked":["Barrage","Gash"],"picked":"Coolheaded","floor":3},{"not_picked":["Go for the Eyes","Gash","Sunder"],"picked":"SKIP","floor":7},{"not_picked":["Loop","Coolheaded","Darkness"],"picked":"Hologram","floor":11},{"not_picked":["Hologram","Go for the Eyes","Rip and Tear"],"picked":"Sweeping Beam","floor":12},{"not_picked":["Double Energy","Redo","Steam","Scrape"],"picked":"Singing Bowl","floor":13}],"player_experience":710016,"relics_obtained":[{"floor":7,"key":"Pantograph"},{"floor":9,"key":"Question Card"},{"floor":11,"key":"Singing Bowl"},{"floor":13,"key":"MawBank"},{"floor":14,"key":"Toy Ornithopter"}],"event_choices":[{"damage_healed":0,"gold_gain":0,"player_choice":"Forge","damage_taken":0,"max_hp_gain":0,"max_hp_loss":0,"event_name":"Accursed Blacksmith","floor":2,"gold_loss":0,"cards_upgraded":["Sunder"]},{"damage_healed":0,"gold_gain":175,"player_choice":"AGREE","damage_taken":0,"max_hp_gain":0,"max_hp_loss":0,"event_name":"Liars Game","floor":4,"gold_loss":0,"cards_obtained":["Doubt"]},{"damage_healed":0,"gold_gain":0,"player_choice":"Grow","damage_taken":0,"max_hp_gain":0,"max_hp_loss":0,"event_name":"Living Wall","floor":5,"gold_loss":0,"cards_upgraded":["Coolheaded"]}],"is_beta":false,"boss_relics":[],"items_purged_floors":[10],"is_endless":false,"potions_floor_spawned":[1,11,12],"killed_by":"Hexaghost","ascension_level":0}}