{"host":"mhzgc0zma59jtmoj","time":1613696001,"event":{"mods":["BaseMod","BetterRewards","Custom Start","Glutton Mod","Ironclad Rager","Minty Spire (QoL Compilation)","Replay The Spire","Somnambulant","StSLib","The Cursed","The Hierophant","The Jungle","Treasure Hunter"],"gold_per_floor":[16,27,27,27,27,52,67,77,101,133,153,153,186,202,202,302,302,315,326,326,181,106,106,106],"floor_reached":23,"language":"ENG","playtime":1215,"items_purged":[],"score":248,"play_id":"cc9fdeb9-a60c-43cd-bcc3-b79df0105a2b","local_time":"20210218195321","is_ascension_mode":true,"campfire_choices":[{"data":"Rampage","floor":12.0,"key":"SMITH"},{"data":"Flame Barrier","floor":15.0,"key":"SMITH"}],"circlet_count":0,"master_deck":["Amnesia","Twin Strike","Twin Strike","Twin Strike","Iron Wave","Iron Wave","Pummel","Impervious","Rampage+1","Combust","Intimidate","Metallicize","Spot Weakness","Flame Barrier+1","Blood for Blood+1","Shame","Clash","Pommel Strike+1","ICR:Frenzy"],"relics":["Burning Blood","Happy Flower","Replay:Bottled Snecko","Blood Vial","King of Hearts","Boot","Replay:Drink Me","Paper Frog","Orrery"],"acts_visited":["Exordium","TheCity"],"potions_floor_usage":[],"damage_taken":[{"damage":1.0,"enemies":"Cultist","floor":1.0,"turns":3.0},{"damage":5.0,"enemies":"Small Slimes","floor":2.0,"turns":3.0},{"damage":8.0,"enemies":"Gremlin Nob","floor":6.0,"turns":4.0},{"damage":0.0,"enemies":"Jaw Worm","floor":7.0,"turns":3.0},{"damage":18.0,"enemies":"Gremlin Gang","floor":8.0,"turns":4.0},{"damage":19.0,"enemies":"Lagavulin","floor":10.0,"turns":6.0},{"damage":3.0,"enemies":"Large Slime","floor":11.0,"turns":4.0},{"damage":4.0,"enemies":"3 Sentries","floor":13.0,"turns":6.0},{"damage":8.0,"enemies":"2 Fungi Beasts","floor":14.0,"turns":3.0},{"damage":25.0,"enemies":"The Guardian","floor":16.0,"turns":7.0},{"damage":0.0,"enemies":"3 Byrds","floor":18.0,"turns":1.0},{"damage":35.0,"enemies":"Spheric Guardian","floor":19.0,"turns":6.0},{"damage":28,"enemies":"Gremlin Leader","floor":23,"turns":5}],"seed_played":"-2322242257138305358","potions_obtained":[{"floor":2.0,"key":"Block Potion"},{"floor":7.0,"key":"Adrenaline Potion"},{"floor":8.0,"key":"Reflective Coating"},{"floor":13.0,"key":"Swift Potion"},{"floor":14.0,"key":"Strength Potion"}],"is_trial":false,"path_per_floor":["M","M","?","?","$","E","M","M","T","E","M","R","E","M","R","B",null,"M","M","?","$","?","E"],"character_chosen":"IRONCLAD","items_purchased":["Orrery"],"campfire_rested":0,"item_purchase_floors":[21],"current_hp_per_floor":[56,57,57,39,39,37,43,31,31,20,25,25,29,29,29,12,54,54,25,25,25,25,0,0],"gold":106,"neow_bonus":"IRONCLAD_BERSERKER","is_daily":false,"chose_seed":false,"campfire_upgraded":2,"win_rate":0.0,"timestamp":1613696001,"path_taken":["M","M","?","?","?","E","M","M","T","E","M","R","E","?","R","BOSS","M","M","?","$","?","E"],"items_purchased_type":["Relic"],"build_version":"2020-12-22","purchased_purges":0,"victory":false,"max_hp_per_floor":[72,72,72,72,72,72,72,72,72,72,72,72,72,72,72,72,54,54,54,54,54,54,54,54],"card_choices":[{"not_picked":["Dropkick","Clothesline","Heavy Blade"],"picked":"SKIP","floor":1.0},{"not_picked":["Shrug It Off","ReplayTheSpireMod:Strike From Hell"],"picked":"Pummel","floor":2.0},{"not_picked":["Pommel Strike","Rage"],"picked":"Rampage","floor":6.0},{"not_picked":["TH:CopperCoins","TH:DeckOfManyThings"],"picked":"SKIP","floor":6.0},{"not_picked":["Body Slam","Cleave"],"picked":"Combust","floor":7.0},{"not_picked":["Wild Strike","Sentinel","ReplayTheSpireMod:Strike From Hell"],"picked":"SKIP","floor":8.0},{"not_picked":["TH:PixieDust","TH:ArmorSpikes"],"picked":"SKIP","floor":9.0},{"not_picked":["Thunderclap","Juggernaut"],"picked":"Intimidate","floor":10.0},{"not_picked":["TH:DeckOfManyThings","TH:ArmorSpikes"],"picked":"SKIP","floor":10.0},{"not_picked":["Sword Boomerang","Pommel Strike"],"picked":"Metallicize","floor":11.0},{"not_picked":["Thunderclap","Life Link"],"picked":"Spot Weakness","floor":13.0},{"not_picked":["TH:ArmorSpikes","TH:PixieDust"],"picked":"SKIP","floor":13.0},{"not_picked":["Clash","Searing Blow"],"picked":"Flame Barrier","floor":14.0},{"not_picked":["Thunderclap","Armaments"],"picked":"Blood for Blood+1","floor":18.0},{"not_picked":["Flex","Headbutt","Searing Blow+1"],"picked":"SKIP","floor":19.0},{"not_picked":["Perfected Strike+1","Limit Break"],"picked":"Clash","floor":21.0},{"not_picked":["Twin Strike+1","Searing Blow+1"],"picked":"Pommel Strike+1","floor":21.0},{"not_picked":["ReplayTheSpireMod:Stacked","Body Slam"],"picked":"ICR:Frenzy","floor":21.0}],"player_experience":298544,"relics_obtained":[{"floor":6.0,"key":"Replay:Bottled Snecko"},{"floor":9.0,"key":"Blood Vial"},{"floor":10.0,"key":"King of Hearts"},{"floor":13.0,"key":"Boot"}],"event_choices":[{"damage_healed":0.0,"max_hp_gain":0.0,"max_hp_loss":0.0,"gold_gain":0.0,"cards_transformed":["Bash"],"event_name":"Living Wall","player_choice":"Change","floor":3.0,"gold_loss":0.0,"damage_taken":0.0,"cards_obtained":["Impervious"]},{"damage_healed":0.0,"max_hp_gain":0.0,"max_hp_loss":0.0,"gold_gain":0.0,"event_name":"Scrap Ooze","player_choice":"Success","floor":4.0,"gold_loss":0.0,"damage_taken":18.0,"relics_obtained":["Happy Flower"]},{"damage_healed":0.0,"max_hp_gain":0.0,"max_hp_loss":0.0,"gold_gain":0.0,"event_name":"Addict","player_choice":"Stole Relic","floor":20.0,"gold_loss":0.0,"damage_taken":0.0,"relics_obtained":["Paper Frog"],"cards_obtained":["Shame"]},{"cards_removed":["Twin Strike"],"damage_healed":0.0,"max_hp_gain":0.0,"max_hp_loss":0.0,"gold_gain":0.0,"event_name":"Beggar","player_choice":"Gave Gold","floor":22.0,"gold_loss":75.0,"damage_taken":0.0}],"is_beta":false,"boss_relics":[{"not_picked":["Painkiller Herb","Replay:Bronze Core"],"picked":"Replay:Drink Me"}],"items_purged_floors":[],"is_endless":false,"potions_floor_spawned":[2,7,8,13,14],"killed_by":"Gremlin Leader","ascension_level":1}}