{"host":"9v3x998ddbx8o276","time":1613703222,"event":{"mods":["AchievementEnabler","BaseMod","Colored Map","Colored Powertips","Highlight Path","Minty Spire (QoL Compilation)","Quick Restart","Rare Cards Sparkle"],"gold_per_floor":[116,116,135,148,69,107,107,107,107,132,132,132],"floor_reached":11,"language":"ENG","playtime":251,"items_purged":[],"score":146,"play_id":"abbc82cf-948f-4355-93e7-6b130a53dc21","local_time":"20210219132342","is_ascension_mode":true,"campfire_choices":[{"floor":7.0,"key":"REST"}],"circlet_count":0,"master_deck":["AscendersBane","Strike_G","Strike_G","Strike_G","Strike_G","Defend_G","Defend_G","Defend_G","Defend_G","Defend_G","Survivor","Neutralize","Predator","Distraction","Noxious Fumes","Quick Slash","Slice","Dagger Spray+1","Catalyst"],"relics":["Ring of the Snake","NeowsBlessing","Golden Idol","Molten Egg 2","Juzu Bracelet"],"acts_visited":["Exordium"],"potions_floor_usage":[],"damage_taken":[{"damage":0.0,"enemies":"Jaw Worm","floor":1.0,"turns":1.0},{"damage":0.0,"enemies":"Cultist","floor":3.0,"turns":1.0},{"damage":0.0,"enemies":"2 Louse","floor":4.0,"turns":1.0},{"damage":37.0,"enemies":"3 Sentries","floor":6.0,"turns":9.0},{"damage":20.0,"enemies":"Large Slime","floor":10.0,"turns":7.0},{"damage":0,"enemies":"Lagavulin","floor":11,"turns":1}],"seed_played":"4614121375786027028","potions_obtained":[{"floor":1.0,"key":"FearPotion"},{"floor":4.0,"key":"LiquidBronze"},{"floor":10.0,"key":"SpeedPotion"}],"is_trial":false,"path_per_floor":["M","?","M","M","$","E","R","?","T","M","E"],"character_chosen":"THE_SILENT","items_purchased":["Quick Slash","Slice"],"campfire_rested":1,"item_purchase_floors":[5,5],"current_hp_per_floor":[59,59,59,59,59,22,40,40,40,20,20,20],"gold":132,"neow_bonus":"THREE_ENEMY_KILL","is_daily":false,"chose_seed":false,"campfire_upgraded":0,"win_rate":0.0,"timestamp":1613703222,"path_taken":["M","?","M","M","$","E","R","?","T","M","E"],"items_purchased_type":["Card","Card"],"build_version":"2020-12-22","purchased_purges":0,"victory":false,"max_hp_per_floor":[66,60,60,60,60,60,60,60,60,60,60,60],"card_choices":[{"not_picked":["Masterful Stab","Terror"],"picked":"Predator","floor":1.0},{"not_picked":["Outmaneuver","Sucker Punch"],"picked":"Distraction","floor":3.0},{"not_picked":["Prepared","Outmaneuver"],"picked":"Noxious Fumes","floor":4.0},{"not_picked":["Dagger Throw+1","Quick Slash+1"],"picked":"Dagger Spray+1","floor":6.0},{"not_picked":["Outmaneuver","Tactician"],"picked":"Catalyst","floor":10.0}],"player_experience":2246974,"relics_obtained":[{"floor":6.0,"key":"Molten Egg 2"},{"floor":9.0,"key":"Juzu Bracelet"}],"event_choices":[{"damage_healed":0.0,"max_hp_gain":0.0,"max_hp_loss":6.0,"gold_gain":0.0,"event_name":"Golden Idol","player_choice":"Lose Max HP","floor":2.0,"gold_loss":0.0,"damage_taken":0.0,"relics_obtained":["Golden Idol"]},{"cards_removed":["Strike_G"],"damage_healed":0.0,"max_hp_gain":0.0,"max_hp_loss":0.0,"gold_gain":0.0,"event_name":"Bonfire Elementals","player_choice":"Offered Basic","floor":8.0,"gold_loss":0.0,"damage_taken":0.0}],"is_beta":false,"boss_relics":[],"items_purged_floors":[],"is_endless":false,"potions_floor_spawned":[1,4,10],"killed_by":"Lagavulin","ascension_level":20}}