{"host":"dscols65uipasqd2","time":1613771704,"event":{"mods":["2.2 Compatiblity","AchievementEnabler","Aspiration","BaseMod","Colored Powertips","Downfall","Energized Spire","GifTheSpireLib","Hermit","Hubris","Infinite Spire","Jorbs\u0027s Wanderer Trilogy","Minty Spire (QoL Compilation)","Rare Cards Sparkle","Relic Stats","Replay The Spire","Robot Space Explorer","Shade Mod","StSLib","Stuff the Spire","The Blue Laboratory","The Cursed","The Disciple","The Forsaken","The Hierophant","The Judge","The Jungle","The Mystic","The Runesmith","TheFirefly","Wandering Minibosses"],"gold_per_floor":[99,99,99,99,99,131,131,147,47,61,61,77,77,177,191,291,291,291,301,36,49,49,49,49,49],"floor_reached":23,"language":"ENG","playtime":1664,"items_purged":[],"score":252,"play_id":"01a4bf0f-4575-44ba-835e-bd7abfa3b2c0","local_time":"20210219165504","is_ascension_mode":true,"campfire_choices":[{"floor":1.0,"key":"RECALL"},{"floor":9.0,"key":"REST"},{"floor":11.0,"key":"REST"},{"data":"sneckomod:SnekBite","floor":18,"key":"SMITH"}],"circlet_count":0,"master_deck":["sneckomod:Strike","sneckomod:Strike","sneckomod:Strike","sneckomod:Defend","sneckomod:Defend","sneckomod:Defend","sneckomod:TailWhip","sneckomod:SnekBite+1","sneckomod:Unknown","sneckomod:Unknown","sneckomod:Unknown0Cost+1","sneckomod:PureSnecko","sneckomod:UnknownDraw","sneckomod:SnekBite","sneckomod:UnknownVulnerable","sneckomod:WideSting","sneckomod:WideSting","sneckomod:ImprovisedGuard","sneckomod:UnknownCommonSkill","sneckomod:SnekBeam","sneckomod:SerpentIdol","sneckomod:Unknown1Cost","sneckomod:QuickBite","sneckomod:UnlimitedRolls","sneckomod:IronFang","sneckomod:RainOfDice+1","sneckomod:UnknownColorless+1","sneckomod:UnknownColorless","sneckomod:DiceCrush+1","sneckomod:UnknownUncommonAttack"],"relics":["sneckomod:SneckoSoul","downfall:HeartsMalice","Prayer Wheel","Mirror","downfall:HeartBlessingRed","Potion Belt","infinitespire:EmpoweringShard"],"acts_visited":["Exordium","TheCity"],"potions_floor_usage":[],"damage_taken":[{"damage":0.0,"enemies":"Cultist","floor":2.0,"turns":1.0},{"damage":0.0,"enemies":"2 Louse","floor":3.0,"turns":1.0},{"damage":0.0,"enemies":"Jaw Worm","floor":4.0,"turns":1.0},{"damage":52.0,"enemies":"Gremlin Nob","floor":6.0,"turns":6.0},{"damage":0.0,"enemies":"2 Fungi Beasts","floor":8.0,"turns":4.0},{"damage":16.0,"enemies":"Lots of Slimes","floor":10.0,"turns":3.0},{"damage":9.0,"enemies":"3 Louse","floor":12.0,"turns":2.0},{"damage":8.0,"enemies":"downfall:LadyInBlue","floor":14.0,"turns":7.0},{"damage":6.0,"enemies":"Large Slime","floor":15.0,"turns":9.0},{"damage":14.0,"enemies":"WA_ARCHETYPE_RETAIN","floor":16.0,"turns":4.0},{"damage":21,"enemies":"downfall:LooterAlt2","floor":19,"turns":5},{"damage":5,"enemies":"downfall:FleeingMerchant","floor":20,"turns":4},{"damage":38,"enemies":"Shell Parasite","floor":21,"turns":6},{"damage":7,"enemies":"Book of Stabbing","floor":23,"turns":3}],"seed_played":"-378182823021694057","potions_obtained":[{"floor":6.0,"key":"blueLaboratory:Moonshine"},{"floor":10.0,"key":"Fire Potion"},{"floor":12.0,"key":"Weak Potion"},{"floor":14.0,"key":"Death Potion"},{"floor":14.0,"key":"Doom Potion"},{"floor":14.0,"key":"blueLaboratory:RecallPotion"},{"floor":14.0,"key":"blueLaboratory:StoneskinPotion"},{"floor":19,"key":"Energy Potion"}],"is_trial":false,"path_per_floor":["R","M","M","M","?","E","T","M","R","M","R","M","?","?","M","B",null,"R","M","$","M","?","E"],"character_chosen":"THE_SNECKO","items_purchased":["infinitespire:EmpoweringShard"],"campfire_rested":2,"item_purchase_floors":[20],"current_hp_per_floor":[81,81,81,81,81,29,29,29,56,40,67,58,58,50,44,30,75,75,54,49,11,11,4,4,4],"gold":49,"neow_bonus":"THREE_ENEMY_KILL","is_daily":false,"chose_seed":false,"campfire_upgraded":1,"win_rate":0.0,"timestamp":1613771704,"path_taken":["R","M","?","M","?","E","T","?","R","M","R","M","?","?","M","BOSS","R","M","?","M","?","E"],"items_purchased_type":["Relic"],"build_version":"2020-12-22","purchased_purges":0,"victory":false,"max_hp_per_floor":[90,90,90,90,90,90,90,90,90,90,90,90,90,90,90,90,90,90,90,90,90,90,90,90,90],"relic_stats":{"counters":[14,53],"Prayer Wheel":6,"obtain_stats":[{"Potion Belt":14,"downfall:HeartBlessingRed":9,"downfall:HeartsMalice":0,"Prayer Wheel":6,"infinitespire:EmpoweringShard":20,"sneckomod:SneckoSoul":0,"Mirror":7},{"Potion Belt":8,"downfall:HeartBlessingRed":5,"downfall:HeartsMalice":0,"Prayer Wheel":4,"infinitespire:EmpoweringShard":12,"sneckomod:SneckoSoul":0,"Mirror":4},{"Potion Belt":22,"downfall:HeartBlessingRed":10,"downfall:HeartsMalice":0,"Prayer Wheel":6,"infinitespire:EmpoweringShard":44,"sneckomod:SneckoSoul":0,"Mirror":6}]},"card_choices":[{"not_picked":["sneckomod:UnknownX","sneckomod:SoulRoll"],"picked":"sneckomod:Unknown0Cost","floor":2.0},{"not_picked":["sneckomod:DiceBlock","sneckomod:Unknown0Cost"],"picked":"sneckomod:PureSnecko","floor":3.0},{"not_picked":["sneckomod:Memorize","sneckomod:UnknownBlock"],"picked":"sneckomod:UnknownDraw","floor":4.0},{"not_picked":["sneckomod:SoulCleanse","sneckomod:DiceBlock"],"picked":"sneckomod:UnknownVulnerable","floor":6.0},{"not_picked":["sneckomod:RainOfDice","sneckomod:Memorize"],"picked":"sneckomod:WideSting","floor":8.0},{"not_picked":["sneckomod:DiceBoulder","sneckomod:RainOfDice"],"picked":"sneckomod:UnknownCommonSkill","floor":8.0},{"not_picked":["sneckomod:SoulDraw","sneckomod:Nope"],"picked":"sneckomod:WideSting","floor":10.0},{"not_picked":["sneckomod:DefensiveFlair","sneckomod:Unknown1Cost"],"picked":"sneckomod:ImprovisedGuard","floor":10.0},{"not_picked":["sneckomod:Nope","sneckomod:SoulCleanse"],"picked":"sneckomod:UnknownCommonSkill","floor":12.0},{"not_picked":["sneckomod:SoulCleanse","sneckomod:MasterEye"],"picked":"sneckomod:SnekBeam","floor":12.0},{"not_picked":["sneckomod:CheapStock","sneckomod:UnendingSupply"],"picked":"sneckomod:SerpentIdol","floor":14.0},{"not_picked":["sneckomod:UnlimitedRolls","sneckomod:UnknownX"],"picked":"sneckomod:Unknown1Cost","floor":15.0},{"not_picked":["sneckomod:SoulDraw","sneckomod:SoulCleanse"],"picked":"sneckomod:QuickBite","floor":15.0},{"not_picked":["sneckomod:GlitteringGambit","sneckomod:SerpentMind"],"picked":"sneckomod:UnlimitedRolls","floor":16.0},{"not_picked":["sneckomod:Rotation","sneckomod:DiceCrush"],"picked":"sneckomod:IronFang","floor":19},{"not_picked":["sneckomod:SnakeSap","sneckomod:DiceBlock"],"picked":"sneckomod:RainOfDice+1","floor":19},{"not_picked":["sneckomod:UnknownUncommonAttack","sneckomod:UnknownClassTHE_CURSED_PURPLE+1"],"picked":"sneckomod:UnknownColorless+1","floor":20},{"not_picked":["sneckomod:DiceBoulder","sneckomod:Memorize"],"picked":"sneckomod:UnknownColorless","floor":21},{"not_picked":["sneckomod:UnknownBlock","sneckomod:Memorize+1"],"picked":"sneckomod:DiceCrush+1","floor":21}],"player_experience":651661,"relics_obtained":[{"floor":6.0,"key":"Prayer Wheel"},{"floor":7.0,"key":"Mirror"},{"floor":14.0,"key":"Potion Belt"}],"event_choices":[],"is_beta":false,"boss_relics":[{"not_picked":["hubris:BlackHole","Runic Pyramid","Empty Cage"]}],"items_purged_floors":[],"is_endless":false,"potions_floor_spawned":[6,8,10,12,14,19],"killed_by":"Book of Stabbing","ascension_level":7}}