{"host":"Kdaddybrian","time":1613693855,"event":{"mods":["AchievementEnabler","BaseMod","Bestiary","Colored Map","Colored Powertips","Minty Spire (QoL Compilation)","Potion Indicator Mod","Quick Restart","Rare Cards Sparkle","Relic Stats","StSLib","Uncapped","Weighted Paths"],"gold_per_floor":[115,126,126,126,139,139,174,249,276,292,6,21,46,121,121,223,223,236,249,249,164,182,182,193,193,217,248,265,265,298,313,313,414,414,424,443,460,65,115,150,150,176,185,185,220,220,229,229,229,229,229,229,73,112,112,112],"floor_reached":55,"language":"ENG","playtime":3138,"items_purged":[],"score":1238,"play_id":"aaac9029-a2cc-4cf1-83fe-58cc62919ced","local_time":"20210218191735","is_ascension_mode":true,"campfire_choices":[{"data":"Meditate","floor":6,"key":"SMITH"},{"floor":15,"key":"REST"},{"data":"TalkToTheHand","floor":23,"key":"SMITH"},{"data":"Eruption","floor":25,"key":"SMITH"},{"floor":32,"key":"DIG"},{"floor":41,"key":"RECALL"},{"floor":49,"key":"REST"},{"floor":52,"key":"DIG"}],"circlet_count":0,"master_deck":["AscendersBane","Defend_P","Defend_P+1","Defend_P+1","Defend_P","Eruption+1","Vigilance","Meditate+1","CarveReality","FollowUp+1","FlurryOfBlows+1","ThirdEye","Scrawl","TalkToTheHand+1","FearNoEvil","Halt","EmptyBody","SpiritShield","ClearTheMind","Scrawl","Wallop+1","Tantrum","Bite","Bite","Bite","Bite","Bite","Crescendo","MentalFortress","ClearTheMind+1","Conclude","FlurryOfBlows","Omniscience","FlurryOfBlows+1","InnerPeace+1","EmptyMind","TalkToTheHand","Fasting2","Regret","Perseverance+1","Dark Shackles","Finesse","FearNoEvil"],"relics":["Runic Pyramid","Happy Flower","Boot","War Paint","Orrery","Shovel","VioletLotus","Bronze Scales","Art of War","Ginger","Pocketwatch","Toy Ornithopter","Cursed Key","Shuriken","PreservedInsect","Mango","CeramicFish","Juzu Bracelet","Eternal Feather","Whetstone"],"acts_visited":["TheCity","TheBeyond","TheEnding"],"potions_floor_usage":[22,33,33,50,54,55],"damage_taken":[{"damage":0,"enemies":"Cultist","floor":1,"turns":3},{"damage":0,"enemies":"2 Louse","floor":2,"turns":2},{"damage":0,"enemies":"Small Slimes","floor":5,"turns":2},{"damage":10,"enemies":"Lagavulin","floor":7,"turns":4},{"damage":0,"enemies":"Red Slaver","floor":10,"turns":2},{"damage":0,"enemies":"2 Fungi Beasts","floor":12,"turns":2},{"damage":20,"enemies":"Gremlin Nob","floor":13,"turns":5},{"damage":16,"enemies":"Hexaghost","floor":16,"turns":14},{"damage":2,"enemies":"Shell Parasite","floor":18,"turns":5},{"damage":0,"enemies":"Chosen","floor":19,"turns":5},{"damage":14,"enemies":"Shelled Parasite and Fungi","floor":22,"turns":3},{"damage":0,"enemies":"Snecko","floor":24,"turns":3},{"damage":14,"enemies":"Book of Stabbing","floor":27,"turns":4},{"damage":0,"enemies":"Cultist and Chosen","floor":28,"turns":5},{"damage":4,"enemies":"Gremlin Leader","floor":30,"turns":7},{"damage":3,"enemies":"Chosen and Byrds","floor":31,"turns":6},{"damage":32,"enemies":"Champ","floor":33,"turns":10},{"damage":11,"enemies":"Orb Walker","floor":35,"turns":3},{"damage":33,"enemies":"3 Darklings","floor":36,"turns":6},{"damage":0,"enemies":"Maw","floor":37,"turns":7},{"damage":0,"enemies":"Mind Bloom Boss Battle","floor":39,"turns":5},{"damage":23,"enemies":"Nemesis","floor":40,"turns":3},{"damage":31,"enemies":"Transient","floor":42,"turns":5},{"damage":18,"enemies":"Reptomancer","floor":45,"turns":4},{"damage":21,"enemies":"Time Eater","floor":50,"turns":6},{"damage":0,"enemies":"Shield and Spear","floor":54,"turns":3},{"damage":73,"enemies":"The Heart","floor":55,"turns":5}],"seed_played":"-7314111653628186064","potions_obtained":[{"floor":2,"key":"Weak Potion"},{"floor":5,"key":"Strength Potion"},{"floor":10,"key":"StancePotion"},{"floor":12,"key":"EssenceOfSteel"},{"floor":27,"key":"GamblersBrew"},{"floor":33,"key":"Strength Potion"},{"floor":35,"key":"FairyPotion"},{"floor":54,"key":"EssenceOfSteel"}],"is_trial":false,"path_per_floor":["M","M","?","?","M","R","E","?","T","M","$","M","E","?","R","B",null,"M","M","?","?","M","R","M","R","T","E","M","?","E","M","R","B",null,"M","M","M","$","?","E","R","M","T","?","E","?","?","?","R","B",null,"R","$","E","B"],"character_chosen":"WATCHER","items_purchased":["Orrery","SpiritShield","Shuriken","PreservedInsect","DuplicationPotion","Finesse"],"campfire_rested":2,"item_purchase_floors":[11,11,38,38,53,53],"current_hp_per_floor":[65,65,62,62,62,62,52,45,45,45,45,45,25,14,35,19,59,57,57,50,50,40,40,42,42,42,34,40,40,46,50,50,40,48,43,20,38,38,58,43,43,20,20,56,42,42,37,37,52,40,50,50,50,53,0,0],"gold":112,"neow_bonus":"BOSS_RELIC","is_daily":false,"chose_seed":false,"campfire_upgraded":3,"win_rate":0.0,"timestamp":1613693855,"path_taken":["M","M","?","?","M","R","E","?","T","?","?","M","E","?","R","BOSS","M","M","?","?","M","R","M","R","T","E","?","?","E","?","R","BOSS","M","M","M","$","?","E","R","M","T","?","E","?","?","?","R","BOSS","R","$","E","BOSS"],"items_purchased_type":["Relic","Card","Relic","Relic","Potion","Card"],"build_version":"2020-12-18","purchased_purges":0,"victory":false,"max_hp_per_floor":[72,72,72,72,72,72,72,72,72,72,72,72,72,72,72,72,72,72,72,50,50,50,50,50,50,50,50,50,50,50,50,50,50,50,50,50,50,50,64,64,64,64,64,56,56,53,53,53,53,53,53,53,53,53,53,53],"relic_stats":{"Happy Flower":[41],"counters":[27,129],"CeramicFish":63,"Eternal Feather":0,"PreservedInsect":187,"Juzu Bracelet":1,"Ginger":[18],"Whetstone":["FlurryOfBlows","FollowUp"],"War Paint":["Defend_P","Defend_P"],"Boot":[194],"Cursed Key":1,"Shovel":2,"Shuriken":[38],"Bronze Scales":[318],"VioletLotus":[39],"Art of War":[1],"obtain_stats":[{"Happy Flower":3,"CeramicFish":40,"Mango":39,"Eternal Feather":52,"PreservedInsect":38,"Juzu Bracelet":45,"Ginger":27,"Whetstone":54,"War Paint":9,"Boot":7,"Cursed Key":34,"Shovel":13,"Shuriken":38,"Bronze Scales":21,"Orrery":11,"VioletLotus":17,"Art of War":26,"PureWater":0,"Toy Ornithopter":32,"Runic Pyramid":0,"Pocketwatch":30},{"Happy Flower":2,"CeramicFish":22,"Mango":21,"Eternal Feather":25,"PreservedInsect":20,"Juzu Bracelet":24,"Ginger":13,"Whetstone":26,"War Paint":4,"Boot":4,"Cursed Key":17,"Shovel":7,"Shuriken":20,"Bronze Scales":10,"Orrery":5,"VioletLotus":8,"Art of War":12,"PureWater":0,"Toy Ornithopter":16,"Runic Pyramid":0,"Pocketwatch":15},{"Happy Flower":5,"CeramicFish":106,"Mango":103,"Eternal Feather":121,"PreservedInsect":98,"Juzu Bracelet":115,"Ginger":54,"Whetstone":124,"War Paint":11,"Boot":11,"Cursed Key":82,"Shovel":20,"Shuriken":98,"Bronze Scales":44,"Orrery":13,"VioletLotus":34,"Art of War":50,"PureWater":0,"Toy Ornithopter":72,"Runic Pyramid":0,"Pocketwatch":66}],"Toy Ornithopter":10,"Pocketwatch":[6]},"card_choices":[{"not_picked":["Crescendo","ClearTheMind"],"picked":"Meditate","floor":1},{"not_picked":["BowlingBash","ForeignInfluence"],"picked":"CarveReality","floor":2},{"not_picked":["JustLucky","Indignation"],"picked":"FollowUp","floor":5},{"not_picked":["EmptyBody","Evaluate"],"picked":"FlurryOfBlows","floor":7},{"not_picked":["ClearTheMind","Pray"],"picked":"ThirdEye","floor":10},{"not_picked":["EmptyBody","Prostrate"],"picked":"Scrawl","floor":11},{"not_picked":["Indignation","ThirdEye"],"picked":"TalkToTheHand","floor":11},{"not_picked":["Consecrate","Study"],"picked":"FearNoEvil","floor":11},{"not_picked":["PathToVictory","BowlingBash"],"picked":"Halt","floor":11},{"not_picked":["MasterReality","Protect"],"picked":"EmptyBody","floor":11},{"not_picked":["Consecrate","JustLucky"],"picked":"ClearTheMind","floor":12},{"not_picked":["Consecrate","SandsOfTime","Evaluate"],"picked":"SKIP","floor":13},{"not_picked":["MasterReality","Blasphemy"],"picked":"Scrawl","floor":16},{"not_picked":["FlurryOfBlows+1","PathToVictory"],"picked":"Wallop+1","floor":18},{"not_picked":["Halt","FollowUp"],"picked":"Tantrum","floor":19},{"not_picked":["FollowUp+1","CutThroughFate"],"picked":"Crescendo","floor":22},{"not_picked":["ThirdEye","Evaluate","Protect"],"picked":"SKIP","floor":24},{"not_picked":["Judgement","CrushJoints+1"],"picked":"MentalFortress","floor":27},{"not_picked":["SignatureMove","Prostrate+1"],"picked":"ClearTheMind+1","floor":28},{"not_picked":["JustLucky+1","Evaluate"],"picked":"Conclude","floor":30},{"not_picked":["Weave","Prostrate"],"picked":"FlurryOfBlows","floor":31},{"not_picked":["Devotion","Blasphemy"],"picked":"Omniscience","floor":33},{"not_picked":["ClearTheMind+1","JustLucky+1"],"picked":"FlurryOfBlows+1","floor":35},{"not_picked":["CarveReality","ThirdEye"],"picked":"InnerPeace+1","floor":36},{"not_picked":["SignatureMove+1","BattleHymn","JustLucky"],"picked":"SKIP","floor":37},{"not_picked":["CrushJoints","Fasting2+1"],"picked":"EmptyMind","floor":39},{"not_picked":["Prostrate","Collect"],"picked":"TalkToTheHand","floor":40},{"not_picked":["WreathOfFlame","Evaluate"],"picked":"Fasting2","floor":42},{"not_picked":["SignatureMove+1","Devotion"],"picked":"Perseverance+1","floor":45},{"not_picked":["Panache","Purity"],"picked":"Dark Shackles","floor":47},{"not_picked":["FollowUp","BowlingBash+1"],"picked":"FearNoEvil","floor":54}],"player_experience":3047490,"relics_obtained":[{"floor":7,"key":"Boot"},{"floor":9,"key":"War Paint"},{"floor":13,"key":"Shovel"},{"floor":26,"key":"Art of War"},{"floor":27,"key":"Ginger"},{"floor":30,"key":"Pocketwatch"},{"floor":32,"key":"Toy Ornithopter"},{"floor":39,"key":"Mango"},{"floor":40,"key":"CeramicFish"},{"floor":45,"key":"Juzu Bracelet"},{"floor":52,"key":"Eternal Feather"},{"floor":54,"key":"Whetstone"}],"event_choices":[{"damage_healed":0,"gold_gain":0,"player_choice":"Success","damage_taken":3,"relics_obtained":["Happy Flower"],"max_hp_gain":0,"max_hp_loss":0,"event_name":"Scrap Ooze","floor":3,"gold_loss":0},{"damage_healed":0,"gold_gain":0,"player_choice":"Leave","damage_taken":0,"max_hp_gain":0,"max_hp_loss":0,"event_name":"The Cleric","floor":4,"gold_loss":0},{"damage_healed":0,"gold_gain":75,"player_choice":"Touch","damage_taken":7,"max_hp_gain":0,"max_hp_loss":0,"event_name":"FaceTrader","floor":8,"gold_loss":0},{"damage_healed":0,"gold_gain":75,"player_choice":"Gather Gold","damage_taken":11,"max_hp_gain":0,"max_hp_loss":0,"event_name":"World of Goop","floor":14,"gold_loss":0},{"damage_healed":0,"gold_gain":0,"player_choice":"Became a vampire","damage_taken":0,"max_hp_gain":0,"max_hp_loss":22,"event_name":"Vampires","floor":20,"gold_loss":0,"cards_obtained":["Bite","Bite","Bite","Bite","Bite"]},{"damage_healed":0,"gold_gain":0,"player_choice":"Obtained Relic","damage_taken":0,"relics_obtained":["Bronze Scales"],"max_hp_gain":0,"max_hp_loss":0,"event_name":"Addict","floor":21,"gold_loss":85},{"damage_healed":0,"gold_gain":0,"player_choice":"Bought 0 Potions","damage_taken":0,"max_hp_gain":0,"max_hp_loss":0,"event_name":"The Woman in Blue","floor":29,"gold_loss":0},{"damage_healed":0,"gold_gain":0,"player_choice":"Fight","damage_taken":0,"max_hp_gain":0,"max_hp_loss":0,"event_name":"MindBloom","floor":39,"gold_loss":0},{"damage_healed":56,"gold_gain":0,"player_choice":"Heal","damage_taken":0,"max_hp_gain":0,"max_hp_loss":8,"event_name":"The Moai Head","floor":44,"gold_loss":0},{"damage_healed":0,"gold_gain":0,"player_choice":"Max HP","damage_taken":0,"max_hp_gain":0,"max_hp_loss":3,"event_name":"Winding Halls","floor":46,"gold_loss":0},{"damage_healed":0,"gold_gain":0,"player_choice":"Memory 2","damage_taken":5,"max_hp_gain":0,"max_hp_loss":0,"event_name":"SensoryStone","floor":47,"gold_loss":0},{"damage_healed":0,"gold_gain":0,"player_choice":"Ignored","damage_taken":0,"max_hp_gain":0,"max_hp_loss":0,"event_name":"Tomb of Lord Red Mask","floor":48,"gold_loss":0}],"is_beta":true,"boss_relics":[{"not_picked":["Busted Crown","Black Star"],"picked":"VioletLotus"},{"not_picked":["Runic Dome","Astrolabe"],"picked":"Cursed Key"}],"items_purged_floors":[],"is_endless":false,"potions_floor_spawned":[2,5,10,12,16,27,30,31,33,35,40,42,54],"killed_by":"The Heart","ascension_level":11}}