{"host":"ocsd3j449d90eo7k","time":1613715477,"event":{"mods":["BaseMod","Colored Map","Colored Powertips","Minty Spire (QoL Compilation)"],"gold_per_floor":[111,126,201,201,225,225,263,286,286,286,286,310,344,344,344,463,463,488,509,509,121,145,188,203,216,216,216,235,40,71,14,14,145,145,163,163,98,123,123,60,91,91,118,118,157,157,180,213,213,213,213,213,31,70,70],"floor_reached":56,"language":"ENG","playtime":5909,"items_purged":["Pain","Defend_P"],"score":1625,"play_id":"e490aa44-8f61-4044-a3d1-8b3ecf5fa9f2","local_time":"20210218221757","is_ascension_mode":true,"campfire_choices":[{"data":"Evaluate","floor":6.0,"key":"SMITH"},{"floor":11.0,"key":"REST"},{"floor":15.0,"key":"REST"},{"data":"CrushJoints","floor":27.0,"key":"SMITH"},{"data":"Tantrum","floor":32,"key":"SMITH"},{"floor":46,"key":"RECALL"},{"data":"TalkToTheHand","floor":49,"key":"SMITH"},{"data":"MentalFortress","floor":52,"key":"SMITH"}],"circlet_count":0,"master_deck":["Strike_P","Strike_P","Strike_P","Strike_P","Defend_P","Defend_P","Defend_P","Eruption","Vigilance","EmptyBody+1","Crescendo","Evaluate+1","FlyingSleeves","Wallop","Protect+1","DeusExMachina","Scrawl","ThirdEye","BowlingBash","FlurryOfBlows","FearNoEvil","CrushJoints+1","SashWhip+1","ThirdEye+1","MentalFortress+1","MentalFortress","Tantrum+1","CurseOfTheBell","Blind","ClearTheMind","Scrawl","TalkToTheHand+1","Wireheading+1","ThirdEye+1","ReachHeaven+1","Fasting2"],"relics":["PureWater","Tiny Chest","Golden Idol","Bird Faced Urn","Question Card","The Courier","StrikeDummy","Busted Crown","WarpedTongs","HornCleat","Pen Nib","Pantograph","Kunai","Gambling Chip","Calling Bell","Sundial","War Paint","TungstenRod","Bag of Marbles","Mango","Bottled Tornado","Eternal Feather","Gremlin Horn","Du-Vu Doll","Bronze Scales","Lantern"],"acts_visited":["TheCity","TheBeyond","TheEnding"],"potions_floor_usage":[41,48,55,55],"damage_taken":[{"damage":2.0,"enemies":"Jaw Worm","floor":1.0,"turns":3.0},{"damage":0.0,"enemies":"Small Slimes","floor":2.0,"turns":5.0},{"damage":0.0,"enemies":"Cultist","floor":5.0,"turns":4.0},{"damage":45.0,"enemies":"3 Sentries","floor":7.0,"turns":9.0},{"damage":9.0,"enemies":"Red Slaver","floor":8.0,"turns":4.0},{"damage":13.0,"enemies":"Exordium Thugs","floor":12.0,"turns":4.0},{"damage":21.0,"enemies":"Lagavulin","floor":13.0,"turns":10.0},{"damage":24.0,"enemies":"Hexaghost","floor":16.0,"turns":13.0},{"damage":0.0,"enemies":"Chosen","floor":18.0,"turns":3.0},{"damage":1.0,"enemies":"2 Thieves","floor":19.0,"turns":4.0},{"damage":13.0,"enemies":"3 Cultists","floor":22.0,"turns":6.0},{"damage":21.0,"enemies":"Slavers","floor":23.0,"turns":5.0},{"damage":0.0,"enemies":"Centurion and Healer","floor":24.0,"turns":3.0},{"damage":0.0,"enemies":"Sentry and Sphere","floor":25.0,"turns":3.0},{"damage":4.0,"enemies":"Snake Plant","floor":28.0,"turns":3.0},{"damage":5.0,"enemies":"Book of Stabbing","floor":30.0,"turns":3.0},{"damage":0,"enemies":"Collector","floor":33,"turns":6},{"damage":5,"enemies":"3 Darklings","floor":35,"turns":4},{"damage":0,"enemies":"Orb Walker","floor":38,"turns":2},{"damage":0,"enemies":"Nemesis","floor":41,"turns":5},{"damage":0,"enemies":"Reptomancer","floor":45,"turns":4},{"damage":0,"enemies":"Jaw Worm Horde","floor":47,"turns":2},{"damage":0,"enemies":"Nemesis","floor":48,"turns":7},{"damage":39,"enemies":"Awakened One","floor":50,"turns":10},{"damage":5,"enemies":"Shield and Spear","floor":54,"turns":6},{"damage":141,"enemies":"The Heart","floor":55,"turns":10}],"seed_played":"4843849322851697917","potions_obtained":[{"floor":1.0,"key":"SteroidPotion"},{"floor":8.0,"key":"Regen Potion"},{"floor":13.0,"key":"BottledMiracle"},{"floor":19.0,"key":"StancePotion"},{"floor":24.0,"key":"Swift Potion"},{"floor":28.0,"key":"PowerPotion"},{"floor":45,"key":"FairyPotion"},{"floor":54,"key":"Energy Potion"}],"is_trial":false,"path_per_floor":["M","M","?","?","M","R","E","M","T","?","R","M","E","T","R","B",null,"M","M","?","$","M","E","M","M","T","R","M","$","E","$","R","B",null,"M","T","$","M","?","$","E","T","T","T","E","R","M","E","R","B",null,"R","$","E","B",null],"character_chosen":"WATCHER","items_purchased":["HornCleat","Pen Nib","MentalFortress","MentalFortress","Tantrum","Blind","TalkToTheHand","Bronze Scales","Fasting2"],"campfire_rested":2,"item_purchase_floors":[21,21,29,29,31,37,40,53,53],"current_hp_per_floor":[70,70,59,59,59,59,14,5,5,5,25,12,6,6,26,2,67,67,66,66,66,53,32,32,32,32,32,28,28,25,25,25,54,67,62,62,62,64,64,64,80,80,80,80,81,81,81,81,81,46,81,81,81,80,23],"gold":70,"neow_bonus":"RANDOM_COMMON_RELIC","is_daily":false,"chose_seed":false,"campfire_upgraded":5,"win_rate":0.0,"timestamp":1613715477,"path_taken":["M","M","?","?","M","R","E","M","T","?","R","M","E","?","R","BOSS","BOSS","M","M","?","$","M","E","?","M","T","R","M","$","E","?","R","BOSS","M","?","$","?","?","?","E","?","T","?","E","R","?","E","R","BOSS","R","$","E","BOSS"],"items_purchased_type":["Relic","Relic","Card","Card","Card","Card","Card","Relic","Card"],"build_version":"2020-12-22","purchased_purges":2,"victory":true,"max_hp_per_floor":[72,72,72,67,67,67,67,67,67,67,67,67,67,67,67,67,67,67,67,67,67,67,67,67,67,67,67,67,67,67,67,67,67,67,67,67,67,67,67,67,81,81,81,81,81,81,81,81,81,81,81,81,81,81,81],"card_choices":[{"not_picked":["SandsOfTime","JustLucky"],"picked":"EmptyBody","floor":1.0},{"not_picked":["Protect","Perseverance"],"picked":"Crescendo","floor":2.0},{"not_picked":["Crescendo","PathToVictory"],"picked":"Evaluate","floor":5.0},{"not_picked":["Halt","Weave"],"picked":"FlyingSleeves","floor":7.0},{"not_picked":["SashWhip","BowlingBash"],"picked":"Wallop","floor":8.0},{"not_picked":["Adaptation","FollowUp","Prostrate"],"picked":"Protect","floor":12.0},{"not_picked":["WindmillStrike","InnerPeace","Protect"],"picked":"DeusExMachina","floor":13.0},{"not_picked":["Alpha","DevaForm","ConjureBlade"],"picked":"Scrawl","floor":16.0},{"not_picked":["Evaluate"],"picked":"ThirdEye","floor":18.0},{"not_picked":["EmptyBody"],"picked":"BowlingBash","floor":19.0},{"not_picked":["EmptyBody"],"picked":"FlurryOfBlows","floor":22.0},{"not_picked":["Judgement"],"picked":"FearNoEvil","floor":23.0},{"not_picked":["Study+1"],"picked":"CrushJoints","floor":24.0},{"not_picked":["JustLucky"],"picked":"SashWhip+1","floor":25.0},{"not_picked":["FlurryOfBlows"],"picked":"ThirdEye+1","floor":28.0},{"not_picked":["Prostrate","EmptyBody"],"picked":"SKIP","floor":30.0},{"not_picked":["Prostrate","Study+1"],"picked":"SKIP","floor":35},{"not_picked":["Wish"],"picked":"ClearTheMind","floor":38},{"not_picked":["Nirvana"],"picked":"Wireheading+1","floor":41},{"not_picked":["ClearTheMind+1"],"picked":"ThirdEye+1","floor":45},{"not_picked":["PathToVictory","ThirdEye"],"picked":"SKIP","floor":47},{"not_picked":["SashWhip"],"picked":"ReachHeaven+1","floor":48},{"not_picked":["Pray","Sanctity"],"picked":"SKIP","floor":54}],"player_experience":345930,"relics_obtained":[{"floor":7.0,"key":"Bird Faced Urn"},{"floor":9.0,"key":"Question Card"},{"floor":13.0,"key":"The Courier"},{"floor":14.0,"key":"StrikeDummy"},{"floor":23.0,"key":"Pantograph"},{"floor":26.0,"key":"Kunai"},{"floor":30.0,"key":"Gambling Chip"},{"floor":34,"key":"Sundial"},{"floor":34,"key":"War Paint"},{"floor":34,"key":"TungstenRod"},{"floor":36,"key":"Bag of Marbles"},{"floor":41,"key":"Mango"},{"floor":42,"key":"Bottled Tornado"},{"floor":44,"key":"Eternal Feather"},{"floor":45,"key":"Gremlin Horn"},{"floor":48,"key":"Du-Vu Doll"},{"floor":54,"key":"Lantern"}],"event_choices":[{"damage_healed":0.0,"max_hp_gain":0.0,"max_hp_loss":0.0,"gold_gain":75.0,"event_name":"World of Goop","player_choice":"Gather Gold","floor":3.0,"gold_loss":0.0,"damage_taken":11.0},{"damage_healed":0.0,"max_hp_gain":0.0,"max_hp_loss":5.0,"gold_gain":0.0,"event_name":"Golden Idol","player_choice":"Lose Max HP","floor":4.0,"gold_loss":0.0,"damage_taken":0.0,"relics_obtained":["Golden Idol"]},{"damage_healed":0.0,"max_hp_gain":0.0,"max_hp_loss":0.0,"gold_gain":0.0,"event_name":"Shining Light","player_choice":"Ignored","floor":10.0,"gold_loss":0.0,"damage_taken":0.0},{"damage_healed":0.0,"max_hp_gain":0.0,"max_hp_loss":0.0,"gold_gain":0.0,"event_name":"Accursed Blacksmith","player_choice":"Rummage","floor":20.0,"gold_loss":0.0,"damage_taken":0.0,"relics_obtained":["WarpedTongs"],"cards_obtained":["Pain"]},{"damage_healed":0,"gold_gain":0,"player_choice":"Copied","damage_taken":0,"max_hp_gain":0,"max_hp_loss":0,"event_name":"Duplicator","floor":39,"gold_loss":0,"cards_obtained":["Scrawl"]}],"is_beta":false,"boss_relics":[{"not_picked":["Runic Dome","Astrolabe"],"picked":"Busted Crown"},{"not_picked":["Runic Pyramid","Velvet Choker"],"picked":"Calling Bell"}],"items_purged_floors":[21,29],"is_endless":false,"potions_floor_spawned":[1,8,13,19,24,28,33,35,45,54],"ascension_level":4}}