{"host":"0fupymmp6wdjyqoi","time":1613753176,"event":{"mods":["BaseMod","Bestiary","Clockwork Mod","Conspire","Downfall","GifTheSpireLib","Hubris","Infinite Spire","Minty Spire (QoL Compilation)","Replay The Spire","StSLib","The Construct","The Senshi"],"gold_per_floor":[118,118,137,150,25,25,39,114,114,64,64,92,92,108,108,203,203,213,213,229,529,549,549,549,95,95,95,110,121,121,121,121,222,222,241,241,257,14,30,30,45,45,45,45,45,45,70,46,46,46,46],"floor_reached":50,"language":"ENG","playtime":5600,"items_purged":["downfall:Icky","construct:AttackMode","Replay:Sssssssssstrike"],"score":543,"play_id":"f832a9b2-488e-46f2-873c-59568df9e1a2","local_time":"20210219174616","is_ascension_mode":false,"campfire_choices":[{"data":"Armaments","floor":6,"key":"SMITH"},{"data":"ReplayTheSpireMod:Muscle Training","floor":15,"key":"SMITH"},{"data":"Replay:Fractal Strike","floor":23,"key":"SMITH"},{"data":"Bloodletting","floor":30,"key":"SMITH"},{"data":"Bite","floor":32,"key":"SMITH"},{"data":"Bite","floor":40,"key":"SMITH"},{"data":"Reaper","floor":42,"key":"SMITH"},{"data":"Bite","floor":44,"key":"SMITH"},{"floor":46,"key":"REST"},{"data":"Bite","floor":49,"key":"SMITH"}],"circlet_count":0,"master_deck":["Defend_R","Defend_R","Defend_R","Bash","Armaments+1","Battle Trance","Perfected Strike","Whirlwind","Clash","ReplayTheSpireMod:Muscle Training+1","Uppercut","Inflame","Hemogenesis","Writhe","Double Tap","Replay:Fractal Strike+1","ReplayTheSpireMod:LeadingStrike+1","Replay:Fractal Strike","Clothesline","infinitespire:Starlight","infinitespire:Gouge","infinitespire:UltimateForm","hubris:SharpeningStone+1","Bite+1","Bite+1","Bite+1","Bite+1","Bite","Combust","Bloodletting+1","Bloodletting","Reaper+1","Dual Wield+1","Pommel Strike+1","Parasite","True Grit"],"relics":["Burning Blood","Thread and Needle","Boot","Sundial","infinitespire:CursedDice","ReplayTheSpireMod:SealedPack","construct:ClawGrip","Old Coin","Mango","Pantograph","conspire:RunicOctahedron","Bag of Preparation","conspire:DeflatedDodgeball","Happy Flower"],"acts_visited":["Exordium","TheCity","TheBeyond"],"potions_floor_usage":[37,37],"damage_taken":[{"damage":0,"enemies":"2 Louse","floor":1,"turns":4},{"damage":0,"enemies":"Small Slimes","floor":3,"turns":4},{"damage":0,"enemies":"Jaw Worm","floor":4,"turns":4},{"damage":0,"enemies":"Red Slaver","floor":7,"turns":5},{"damage":19,"enemies":"Gremlin Nob","floor":12,"turns":4},{"damage":1,"enemies":"Looter","floor":14,"turns":3},{"damage":86,"enemies":"Fading Forest","floor":16,"turns":11},{"damage":17,"enemies":"2 Thieves","floor":18,"turns":3},{"damage":21,"enemies":"Chosen","floor":20,"turns":6},{"damage":19,"enemies":"conspire:HollyBat","floor":22,"turns":7},{"damage":23,"enemies":"Chosen and Byrds","floor":28,"turns":5},{"damage":38,"enemies":"Shelled Parasite and Fungi","floor":29,"turns":5},{"damage":59,"enemies":"hubris:MusketHawk","floor":33,"turns":7},{"damage":13,"enemies":"3 Shapes","floor":35,"turns":2},{"damage":36,"enemies":"3 Darklings","floor":37,"turns":6},{"damage":89,"enemies":"Writhing Mass","floor":39,"turns":8},{"damage":27,"enemies":"Maw","floor":41,"turns":6},{"damage":19,"enemies":"Giant Head","floor":47,"turns":6},{"damage":80,"enemies":"Replay:Hell Engine","floor":50,"turns":5}],"seed_played":"4804944546221795735","potions_obtained":[{"floor":3,"key":"Venom Potion"},{"floor":4,"key":"Energy Potion"},{"floor":16,"key":"ElixirPotion"},{"floor":28,"key":"Block Potion"},{"floor":47,"key":"Strength Potion"}],"is_trial":false,"path_per_floor":["M","?","M","M","$","R","M","?","T","?","T","E","?","M","R","B",null,"M","?","M","AVR","M","R","?","$","T","?","M","M","R","?","R","B",null,"M","?","M","$","M","R","M","R","T","R","?","R","E","$","R","B"],"character_chosen":"IRONCLAD","items_purchased":["Clash","Combust","Bloodletting","Mango","Bag of Preparation","True Grit"],"campfire_rested":1,"item_purchase_floors":[5,25,25,25,38,48],"current_hp_per_floor":[80,80,80,80,80,80,80,69,69,69,69,56,56,61,61,37,80,69,69,59,59,56,56,56,70,70,70,57,50,50,50,50,44,70,63,63,70,70,18,18,29,29,29,29,29,48,66,66,66,0,0],"gold":46,"neow_bonus":"ONE_RARE_RELIC","is_daily":false,"chose_seed":false,"campfire_upgraded":9,"win_rate":0.0,"timestamp":1613753176,"path_taken":["M","?","M","M","$","R","M","?","T","?","?","E","?","M","R","BOSS","M","?","?","AVR","M","R","?","?","T","?","M","?","R","?","R","BOSS","M","?","M","$","M","R","M","R","T","R","?","R","E","?","R","BOSS"],"items_purchased_type":["Card","Card","Card","Relic","Relic","Card"],"build_version":"2020-12-22","purchased_purges":3,"victory":false,"max_hp_per_floor":[80,80,80,80,80,80,80,80,80,80,80,80,80,80,80,80,80,80,80,80,80,80,80,56,70,70,70,70,70,70,70,70,70,70,70,70,70,70,70,70,70,70,70,70,66,66,66,66,66,66,66],"card_choices":[{"not_picked":["Iron Wave","Sword Boomerang"],"picked":"Armaments","floor":1},{"not_picked":["Metallicize","Ghostly Armor"],"picked":"Perfected Strike","floor":3},{"not_picked":["Run Through","Eclipse"],"picked":"Whirlwind","floor":4},{"not_picked":["hubris:CleavingFinish","Ghostly Armor"],"picked":"ReplayTheSpireMod:Muscle Training","floor":7},{"not_picked":["Pommel Strike","conspire:Charge"],"picked":"Uppercut","floor":12},{"not_picked":["Blood for Blood","Burning Pact"],"picked":"Inflame","floor":14},{"not_picked":["Bludgeon","Eclipse"],"picked":"Hemogenesis","floor":16},{"not_picked":["sneckomod:TailWhip","Slimebound:Split"],"picked":"construct:AttackMode","floor":17},{"not_picked":["Bludgeon","Berserk"],"picked":"Double Tap","floor":17},{"not_picked":["Jack Of All Trades","ReplayTheSpireMod:Uncanny Aura"],"picked":"Replay:Sssssssssstrike","floor":17},{"not_picked":["ReplayTheSpireMod:Black Plague","hubris:Rewind"],"picked":"Replay:Fractal Strike","floor":17},{"not_picked":["Thunderclap","Reckless Charge"],"picked":"ReplayTheSpireMod:LeadingStrike+1","floor":18},{"not_picked":["Cleave","Life Link"],"picked":"Clothesline","floor":20},{"not_picked":["Metallicize","ReplayTheSpireMod:Limb From Limb"],"picked":"hubris:SharpeningStone+1","floor":22},{"not_picked":["Infernal Blade+1","Inflame","Headbutt"],"picked":"SKIP","floor":28},{"not_picked":["Burning Pact+1","Flame Barrier"],"picked":"Bloodletting","floor":29},{"not_picked":["Eclipse","Offering"],"picked":"Reaper","floor":33},{"not_picked":["Feel No Pain","Intimidate"],"picked":"Dual Wield+1","floor":35},{"not_picked":["ReplayTheSpireMod:Limb From Limb","Abandon"],"picked":"Pommel Strike+1","floor":37},{"not_picked":["Defy Death+1","Limit Break","Rampage"],"picked":"SKIP","floor":39},{"not_picked":["Perfected Strike","ReplayTheSpireMod:Muscle Training+1","hubris:CleavingFinish+1"],"picked":"SKIP","floor":41},{"not_picked":["Pommel Strike","Shrug It Off+1","Twin Strike+1"],"picked":"SKIP","floor":47}],"player_experience":53317,"relics_obtained":[{"floor":9,"key":"Boot"},{"floor":11,"key":"Sundial"},{"floor":12,"key":"infinitespire:CursedDice"},{"floor":26,"key":"Pantograph"},{"floor":43,"key":"conspire:DeflatedDodgeball"},{"floor":47,"key":"Happy Flower"}],"event_choices":[{"damage_healed":0,"gold_gain":0,"cards_transformed":["Strike_R"],"player_choice":"Change","damage_taken":0,"max_hp_gain":0,"max_hp_loss":0,"event_name":"Living Wall","floor":2,"gold_loss":0,"cards_obtained":["Battle Trance"]},{"damage_healed":0,"gold_gain":75,"player_choice":"Gather Gold","damage_taken":11,"max_hp_gain":0,"max_hp_loss":0,"event_name":"World of Goop","floor":8,"gold_loss":0},{"cards_removed":["Defend_R"],"damage_healed":0,"gold_gain":0,"player_choice":"Card Removal","damage_taken":0,"max_hp_gain":0,"max_hp_loss":0,"event_name":"The Cleric","floor":10,"gold_loss":50},{"damage_healed":0,"gold_gain":0,"player_choice":"Disagree","damage_taken":0,"max_hp_gain":0,"max_hp_loss":0,"event_name":"conspire:LoneGhost","floor":13,"gold_loss":0},{"damage_healed":0,"gold_gain":0,"player_choice":"Copied","damage_taken":0,"max_hp_gain":0,"max_hp_loss":0,"event_name":"Duplicator","floor":19,"gold_loss":0,"cards_obtained":["Replay:Fractal Strike"]},{"damage_healed":0,"gold_gain":0,"player_choice":"Became a vampire","damage_taken":0,"max_hp_gain":0,"max_hp_loss":24,"event_name":"Vampires","floor":24,"gold_loss":0,"cards_obtained":["Bite","Bite","Bite","Bite","Bite"]},{"damage_healed":0,"gold_gain":0,"player_choice":"Leave","damage_taken":0,"max_hp_gain":0,"max_hp_loss":0,"event_name":"conspire:Investor","floor":31,"gold_loss":0},{"damage_healed":0,"gold_gain":0,"player_choice":"Max HP","damage_taken":0,"max_hp_gain":0,"max_hp_loss":4,"event_name":"Winding Halls","floor":45,"gold_loss":0}],"is_beta":false,"boss_relics":[{"not_picked":["ReplayTheSpireMod:DimensionalGlitch","Fusion Hammer"],"picked":"ReplayTheSpireMod:SealedPack"},{"not_picked":["Cursed Key","Snecko Eye"],"picked":"conspire:RunicOctahedron"}],"items_purged_floors":[5,21,38],"is_endless":false,"potions_floor_spawned":[3,4,16,20,28,47],"killed_by":"Replay:Hell Engine","ascension_level":0}}