{"host":"7qjyzxi5zjrbio0h","time":1613732207,"event":{"mods":["AchievementEnabler","BaseMod","Colored Powertips","Downfall","Hermit","Minty Spire (QoL Compilation)","StSLib","The Necromancer"],"gold_per_floor":[115,127,147,222,222,232,79,155,207,282,302,312,312,312,312,417,417,357,357],"floor_reached":18,"language":"ENG","playtime":1186,"items_purged":[],"score":152,"play_id":"c43ed9d0-66ff-421d-8fd0-b27c1846e88f","local_time":"20210219025647","is_ascension_mode":false,"campfire_choices":[{"data":"hermit:Combo","floor":15,"key":"SMITH"}],"circlet_count":0,"master_deck":["hermit:Strike_Hermit","hermit:Strike_Hermit","hermit:Strike_Hermit","hermit:Strike_Hermit","hermit:Defend_Hermit","hermit:Defend_Hermit","hermit:Defend_Hermit+1","hermit:Defend_Hermit","hermit:Snapshot","hermit:Covet","hermit:Gestalt","hermit:Quickdraw","Regret","hermit:Horror","hermit:Manifest","hermit:Manifest+1","hermit:FinalCanter","hermit:Vantage","hermit:Combo+1","hermit:CalledShot"],"relics":["hermit:ClaspedLocket","NeowsBlessing","PreservedInsect","Orrery","hermit:RyeStalk"],"acts_visited":["Exordium","TheCity"],"potions_floor_usage":[12,12],"damage_taken":[{"damage":0,"enemies":"Cultist","floor":1,"turns":1},{"damage":0,"enemies":"Small Slimes","floor":2,"turns":1},{"damage":0,"enemies":"Jaw Worm","floor":3,"turns":1},{"damage":0,"enemies":"3 Louse","floor":6,"turns":2},{"damage":0,"enemies":"2 Fungi Beasts","floor":11,"turns":4},{"damage":2,"enemies":"Red Slaver","floor":12,"turns":2},{"damage":36,"enemies":"Slime Boss","floor":16,"turns":14},{"damage":0,"enemies":"2 Thieves","floor":18,"turns":3}],"seed_played":"8690836958371548763","potions_obtained":[{"floor":2,"key":"Swift Potion"},{"floor":6,"key":"Fruit Juice"},{"floor":11,"key":"Fire Potion"}],"is_trial":false,"path_per_floor":["M","M","M","?","?","M","$","?","T","?","M","M","?","?","R","B",null,"M"],"character_chosen":"HERMIT","items_purchased":["Orrery"],"campfire_rested":0,"item_purchase_floors":[7],"current_hp_per_floor":[75,75,75,64,64,64,64,64,64,57,57,60,60,44,44,8,80,80,80],"gold":357,"neow_bonus":"THREE_ENEMY_KILL","is_daily":false,"chose_seed":false,"campfire_upgraded":1,"win_rate":0.0,"timestamp":1613732207,"path_taken":["M","M","M","?","?","M","?","?","T","?","?","M","?","?","R","BOSS","M"],"items_purchased_type":["Relic"],"build_version":"2020-12-22","purchased_purges":0,"victory":false,"max_hp_per_floor":[75,75,75,75,75,75,75,75,75,75,75,80,80,80,80,80,80,80,80],"card_choices":[{"not_picked":["hermit:BodyArmor","hermit:CalledShot","hermit:Feint"],"picked":"SKIP","floor":1},{"not_picked":["hermit:Brawl","hermit:Scavenge"],"picked":"hermit:Gestalt","floor":2},{"not_picked":["hermit:Virtue","hermit:HighCaliber"],"picked":"hermit:Quickdraw","floor":3},{"not_picked":["hermit:Feint","hermit:Misfire","hermit:Dive"],"picked":"SKIP","floor":6},{"not_picked":["hermit:Desperado","hermit:Malice"],"picked":"hermit:Horror","floor":7},{"not_picked":["hermit:DeadMansHand","hermit:Malice"],"picked":"hermit:Manifest","floor":7},{"not_picked":["hermit:BodyArmor","hermit:ItchyTrigger"],"picked":"hermit:Manifest","floor":7},{"not_picked":["hermit:BigShot","hermit:Manifest"],"picked":"hermit:FinalCanter","floor":7},{"not_picked":["hermit:Dive","hermit:Snipe"],"picked":"hermit:Vantage","floor":7},{"not_picked":["hermit:HoleUp","hermit:Coalescence"],"picked":"hermit:Combo","floor":11},{"not_picked":["hermit:Dive","hermit:BodyArmor"],"picked":"hermit:CalledShot","floor":12}],"player_experience":17860,"relics_obtained":[{"floor":9,"key":"hermit:RyeStalk"}],"event_choices":[{"damage_healed":0,"gold_gain":75,"player_choice":"Gather Gold","damage_taken":11,"max_hp_gain":0,"max_hp_loss":0,"event_name":"World of Goop","floor":4,"gold_loss":0},{"damage_healed":0,"gold_gain":0,"player_choice":"Box","damage_taken":0,"relics_obtained":["PreservedInsect"],"max_hp_gain":0,"max_hp_loss":0,"event_name":"Big Fish","floor":5,"gold_loss":0,"cards_obtained":["Regret"]},{"damage_healed":0,"gold_gain":76,"player_choice":"Gained Gold","damage_taken":0,"max_hp_gain":0,"max_hp_loss":0,"event_name":"Golden Wing","floor":8,"gold_loss":0},{"damage_healed":0,"gold_gain":75,"player_choice":"Touch","damage_taken":7,"max_hp_gain":0,"max_hp_loss":0,"event_name":"FaceTrader","floor":10,"gold_loss":0},{"damage_healed":0,"gold_gain":0,"player_choice":"Ignored","damage_taken":0,"max_hp_gain":0,"max_hp_loss":0,"event_name":"Golden Idol","floor":13,"gold_loss":0},{"damage_healed":0,"gold_gain":0,"player_choice":"Entered Light","damage_taken":16,"max_hp_gain":0,"max_hp_loss":0,"event_name":"Shining Light","floor":14,"gold_loss":0,"cards_upgraded":["hermit:Manifest","hermit:Defend_Hermit"]}],"is_beta":false,"boss_relics":[{"not_picked":["SacredBark","Busted Crown"],"picked":"hermit:ClaspedLocket"}],"items_purged_floors":[],"is_endless":false,"potions_floor_spawned":[2,6,11],"killed_by":"2 Thieves","ascension_level":0}}