{"host":"06x7ibqulglyn97c","time":1613707256,"event":{"mods":["AchievementEnabler","BaseMod","Downfall","Minty Spire (QoL Compilation)","Rare Cards Sparkle","Relic Sorter","Relic Stats","StSLib","The Awakened One except there are too many feathers"],"gold_per_floor":[99,116,140,140,152,164,164,39,54,54,68,168,187,179,189,300,300,400,420,420,420,436,436,436,336,354,368,380,380,399,507,534,534,534,534],"floor_reached":33,"language":"ENG","playtime":1935,"items_purged":["downfall:Haunted"],"score":243,"play_id":"cd59165f-d861-49e4-89a4-01ab8cdac8d4","local_time":"20210219040056","is_ascension_mode":false,"campfire_choices":[{"floor":1.0,"key":"RECALL"},{"data":"hexamod:SkipABeat","floor":10.0,"key":"SMITH"},{"data":"hexamod:Incineration","floor":18,"key":"SMITH"},{"data":"hexamod:BurningTouch","floor":23,"key":"SMITH"},{"data":"hexamod:AdvancingGuard","floor":25,"key":"SMITH"},{"floor":29,"key":"REST"}],"circlet_count":0,"master_deck":["hexamod:Strike","hexamod:Strike+1","hexamod:Strike","hexamod:Strike","hexamod:Defend","hexamod:Defend+1","hexamod:Defend+1","hexamod:Defend+1","hexamod:Sear+1","hexamod:Float+1","hexamod:BurningTouch+1","hexamod:SkipABeat+1","hexamod:Incineration+1","hexamod:StepThrough+1","hexamod:DynamicBlow+1","hexamod:AdvancingGuard+1","hexamod:SpectersWail+1","hexamod:HeatCrush+1","hexamod:SecondSeal","hexamod:FourthSeal","hexamod:ThermalTransfer+1","hexamod:SixthSeal","hexamod:SwordOfDarkness+1","hexamod:PhantomFireball+1","hexamod:ShieldOfDarkness+1","hexamod:DynamicBlow+1"],"relics":["hexamod:SpiritBrand","downfall:GremlinWheel","Akabeko","Du-Vu Doll","Molten Egg 2","downfall:GremlinWheel","Black Star","downfall:HeartBlessingRed","downfall:HeartBlessingBlue"],"acts_visited":["Exordium","TheCity"],"potions_floor_usage":[13,19,22,27,28,28,32,33,33,33],"damage_taken":[{"damage":0.0,"enemies":"Cultist","floor":2.0,"turns":3.0},{"damage":5.0,"enemies":"Small Slimes","floor":5.0,"turns":3.0},{"damage":1.0,"enemies":"Jaw Worm","floor":6.0,"turns":3.0},{"damage":0.0,"enemies":"downfall:FleeingMerchant","floor":8.0,"turns":4.0},{"damage":1.0,"enemies":"2 Fungi Beasts","floor":9.0,"turns":3.0},{"damage":15.0,"enemies":"Exordium Thugs","floor":11.0,"turns":3.0},{"damage":8,"enemies":"Exordium Thugs","floor":12,"turns":3},{"damage":0,"enemies":"Gremlin Gang","floor":13,"turns":3},{"damage":1,"enemies":"3 Louse","floor":15,"turns":3},{"damage":10,"enemies":"SI_SHIV_ARCHETYPE","floor":16,"turns":5},{"damage":26,"enemies":"Spheric Guardian","floor":19,"turns":5},{"damage":0,"enemies":"Chosen","floor":22,"turns":3},{"damage":0,"enemies":"Centurion and Healer","floor":26,"turns":5},{"damage":22,"enemies":"Cultist and Chosen","floor":27,"turns":6},{"damage":0,"enemies":"Snecko","floor":28,"turns":2},{"damage":29,"enemies":"Shelled Parasite and Fungi","floor":30,"turns":5},{"damage":0,"enemies":"Shelled Parasite and Fungi","floor":31,"turns":3},{"damage":10,"enemies":"Centurion and Healer","floor":32,"turns":6},{"damage":24,"enemies":"DF_ARCHETYPE_CLAW","floor":33,"turns":3}],"seed_played":"7269103700231266476","potions_obtained":[{"floor":2.0,"key":"Weak Potion"},{"floor":11,"key":"GamblersBrew"},{"floor":12,"key":"Fire Potion"},{"floor":13,"key":"FearPotion"},{"floor":15,"key":"Weak Potion"},{"floor":16,"key":"sneckomod:MuddlingPotion"},{"floor":19,"key":"BlessingOfTheForge"},{"floor":22,"key":"Slimebound:ThreeZeroPotion"},{"floor":27,"key":"LiquidMemories"},{"floor":28,"key":"Energy Potion"},{"floor":30,"key":"FearPotion"},{"floor":32,"key":"FearPotion"}],"is_trial":false,"path_per_floor":["R","M","T","?","M","M","T","$","M","R","M","?","M","?","M","B",null,"R","M","?","?","M","R","T","R","M","M","M","R","M","?","M","B"],"character_chosen":"THE_SPIRIT","items_purchased":["hexamod:DynamicBlow+1"],"campfire_rested":1,"item_purchase_floors":[8],"current_hp_per_floor":[70,70,70,70,65,64,64,64,63,63,48,40,40,40,39,29,70,70,44,44,44,44,44,44,54,54,32,32,56,27,27,17,0,0,0],"gold":534,"neow_bonus":"UPGRADE_CARD","is_daily":false,"chose_seed":false,"campfire_upgraded":4,"win_rate":0.0,"timestamp":1613707256,"path_taken":["R","M","?","?","M","M","T","$","M","R","M","?","?","?","M","BOSS","R","M","?","?","?","R","T","R","M","M","M","R","?","?","M","BOSS"],"items_purchased_type":["Card"],"build_version":"2020-12-22","purchased_purges":1,"victory":false,"max_hp_per_floor":[70,70,70,70,70,70,70,70,70,70,70,70,70,70,70,70,70,70,70,70,70,70,70,70,80,80,80,80,80,80,80,80,80,80,80],"relic_stats":{"counters":[19,71],"Black Star":0,"obtain_stats":[{"Du-Vu Doll":4,"downfall:GremlinWheel":12,"downfall:HeartBlessingRed":18,"downfall:HeartBlessingBlue":25,"Molten Egg 2":7,"Black Star":17,"hexamod:SpiritBrand":0,"Akabeko":3},{"Du-Vu Doll":1,"downfall:GremlinWheel":7,"downfall:HeartBlessingRed":10,"downfall:HeartBlessingBlue":12,"Molten Egg 2":3,"Black Star":10,"hexamod:SpiritBrand":0,"Akabeko":1},{"Du-Vu Doll":3,"downfall:GremlinWheel":22,"downfall:HeartBlessingRed":33,"downfall:HeartBlessingBlue":41,"Molten Egg 2":9,"Black Star":33,"hexamod:SpiritBrand":0,"Akabeko":3}]},"card_choices":[{"not_picked":["hexamod:RetreatToShadows","hexamod:RainOfEmbers"],"picked":"hexamod:BurningTouch","floor":2.0},{"not_picked":["hexamod:ExtraCrispy","hexamod:BurningTouch"],"picked":"hexamod:SkipABeat","floor":5.0},{"not_picked":["hexamod:GhostflameBarrier","hexamod:AdvancingGuard"],"picked":"hexamod:Incineration","floor":6.0},{"not_picked":["hexamod:NightmareGuise","hexamod:GhostOfSpireFuture"],"picked":"hexamod:StepThrough+1","floor":8.0},{"not_picked":["hexamod:Again","hexamod:SpectralAdrenaline"],"picked":"hexamod:AdvancingGuard","floor":9.0},{"not_picked":["hexamod:NightmareGuise","hexamod:Hexaguard"],"picked":"hexamod:SpectersWail+1","floor":11},{"not_picked":["hexamod:Rewind","hexamod:ThermalTransfer+1"],"picked":"hexamod:HeatCrush+1","floor":13},{"not_picked":["hexamod:SecondSeal","hexamod:NightmareStrike+1"],"picked":"hexamod:ThermalTransfer+1","floor":15},{"not_picked":["hexamod:TurnItUp","hexamod:ParanormalForm"],"picked":"hexamod:SixthSeal","floor":16},{"not_picked":["hexamod:HeatCrush+1","hexamod:EmpoweredFlame+1"],"picked":"hexamod:SwordOfDarkness+1","floor":19},{"not_picked":["hexamod:HeatMetal+1","hexamod:Hexaguard","hexamod:GhostShield"],"picked":"SKIP","floor":22},{"not_picked":["hexamod:Firestarter+1","hexamod:ExtraCrispy+1","hexamod:FastForward"],"picked":"SKIP","floor":26},{"not_picked":["hexamod:EmpoweredFlame+1","hexamod:SpectersWail+1","hexamod:HexaLevel"],"picked":"SKIP","floor":27},{"not_picked":["hexamod:GhostLash+1","hexamod:EmpoweredFlame+1","hexamod:Again"],"picked":"SKIP","floor":28},{"not_picked":["hexamod:GhostLash+1","hexamod:HauntingEcho+1"],"picked":"hexamod:ShieldOfDarkness+1","floor":30},{"not_picked":["hexamod:HeatMetal+1","hexamod:GhostShield"],"picked":"hexamod:DynamicBlow+1","floor":32}],"player_experience":709574,"relics_obtained":[{"floor":3.0,"key":"Akabeko"},{"floor":7.0,"key":"Molten Egg 2"},{"floor":12,"key":"downfall:GremlinWheel"},{"floor":31,"key":"downfall:GremlinWheel"}],"event_choices":[{"damage_healed":0,"gold_gain":200,"player_choice":"Gold","damage_taken":0,"max_hp_gain":0,"max_hp_loss":0,"event_name":"Wheel of Change","floor":18,"gold_loss":0},{"damage_healed":0,"gold_gain":0,"player_choice":"Read","damage_taken":0,"max_hp_gain":0,"max_hp_loss":0,"event_name":"The Library","floor":20,"gold_loss":0,"cards_obtained":["hexamod:PhantomFireball"]}],"is_beta":false,"boss_relics":[{"not_picked":["Runic Dome","Coffee Dripper"],"picked":"Black Star"}],"items_purged_floors":[8],"is_endless":false,"potions_floor_spawned":[2,11,12,13,16,19,27,28,30],"killed_by":"DF_ARCHETYPE_CLAW","ascension_level":0}}