{"host":"lxu17chzujqn8whl","time":1613713063,"event":{"mods":["BaseMod","Minty Spire (QoL Compilation)","Relic Stats","StSLib"],"gold_per_floor":[110,128,128,93,110,142,142,142,142,142,170,187,214,229,229,328,328,340,329,346,19,19,47,59,95,95,130,130,146,159,159,159,268,268,294,303,323,177,177,177,206,206,239,310,356,368,389,433,445,457],"floor_reached":51,"language":"ENG","playtime":1890,"items_purged":["Doubt"],"score":958,"play_id":"0c0bc4c1-1e44-4455-ac1b-ed0717c1e860","local_time":"20210218213743","is_ascension_mode":false,"campfire_choices":[{"data":"Conserve Battery","floor":7.0,"key":"SMITH"},{"data":"Rip and Tear","floor":10.0,"key":"SMITH"},{"data":"Sweeping Beam","floor":15.0,"key":"SMITH"},{"floor":32.0,"key":"REST"},{"data":"Dramatic Entrance","floor":40.0,"key":"SMITH"},{"data":"Zap","floor":42.0,"key":"SMITH"},{"data":"Barrage","floor":46.0,"key":"SMITH"},{"data":"Beam Cell","floor":49.0,"key":"SMITH"}],"circlet_count":0,"master_deck":["Strike_B+1","Defend_B","Defend_B","Defend_B+1","Defend_B","Zap+1","Dualcast","Conserve Battery+1","Beam Cell+1","Rip and Tear+1","Chaos+1","Sweeping Beam+1","White Noise+1","Rainbow+1","Streamline+1","Glacier+1","White Noise+1","Dramatic Entrance+1","Barrage+1","Creative AI+1","Chill+1","Buffer+1","Aggregate+1","Hologram+1","Conserve Battery+1","Clumsy","Auto Shields+1","Double Energy+1","Bandage Up+1"],"relics":["Philosopher\u0027s Stone","Matryoshka","Strawberry","Toxic Egg 2","Akabeko","Anchor","Black Star","Bag of Marbles","Frozen Egg 2","Tiny Chest","CeramicFish","Bag of Preparation","Nunchaku","Smiling Mask","Shuriken","StrikeDummy","Nilry\u0027s Codex","Cursed Key","Mummified Hand","MawBank","Emotion Chip","PreservedInsect","Darkstone Periapt","Potion Belt","Happy Flower"],"acts_visited":["Exordium","TheCity","TheBeyond"],"potions_floor_usage":[],"damage_taken":[{"damage":0.0,"enemies":"2 Louse","floor":1.0,"turns":3.0},{"damage":0.0,"enemies":"Small Slimes","floor":2.0,"turns":3.0},{"damage":0.0,"enemies":"Jaw Worm","floor":5.0,"turns":4.0},{"damage":10.0,"enemies":"3 Sentries","floor":6.0,"turns":8.0},{"damage":0.0,"enemies":"Gremlin Nob","floor":11.0,"turns":3.0},{"damage":0.0,"enemies":"3 Louse","floor":12.0,"turns":3.0},{"damage":3.0,"enemies":"3 Sentries","floor":13.0,"turns":7.0},{"damage":0.0,"enemies":"Lots of Slimes","floor":14.0,"turns":2.0},{"damage":0.0,"enemies":"Slime Boss","floor":16.0,"turns":6.0},{"damage":0.0,"enemies":"Spheric Guardian","floor":18.0,"turns":3.0},{"damage":12.0,"enemies":"2 Thieves","floor":19.0,"turns":4.0},{"damage":4.0,"enemies":"Chosen and Byrds","floor":20.0,"turns":6.0},{"damage":9.0,"enemies":"Book of Stabbing","floor":23.0,"turns":4.0},{"damage":8.0,"enemies":"Snake Plant","floor":24.0,"turns":3.0},{"damage":4.0,"enemies":"Slavers","floor":25.0,"turns":2.0},{"damage":4.0,"enemies":"Gremlin Leader","floor":27.0,"turns":6.0},{"damage":0.0,"enemies":"Centurion and Healer","floor":29.0,"turns":3.0},{"damage":10.0,"enemies":"3 Cultists","floor":30.0,"turns":3.0},{"damage":1.0,"enemies":"Collector","floor":33.0,"turns":8.0},{"damage":0.0,"enemies":"3 Shapes","floor":35.0,"turns":2.0},{"damage":0.0,"enemies":"3 Darklings","floor":37.0,"turns":4.0},{"damage":0.0,"enemies":"Jaw Worm Horde","floor":41.0,"turns":3.0},{"damage":0.0,"enemies":"Mind Bloom Boss Battle","floor":44.0,"turns":7.0},{"damage":0.0,"enemies":"Nemesis","floor":45.0,"turns":9.0},{"damage":0.0,"enemies":"Giant Head","floor":48.0,"turns":9.0},{"damage":39.0,"enemies":"Awakened One","floor":50.0,"turns":7.0}],"seed_played":"-7716399272960065424","potions_obtained":[{"floor":1.0,"key":"DistilledChaos"},{"floor":2.0,"key":"Swift Potion"},{"floor":13.0,"key":"LiquidBronze"},{"floor":14.0,"key":"Dexterity Potion"},{"floor":18.0,"key":"PowerPotion"},{"floor":30.0,"key":"Block Potion"},{"floor":33.0,"key":"FearPotion"},{"floor":35.0,"key":"LiquidBronze"},{"floor":37.0,"key":"Strength Potion"},{"floor":41.0,"key":"CultistPotion"},{"floor":48.0,"key":"SpeedPotion"}],"is_trial":false,"path_per_floor":["M","M","?","?","M","E","R","?","T","R","E","M","E","M","R","B",null,"M","M","M","$","?","E","M","E","T","E","?","M","M","?","R","B",null,"M","T","M","$","?","R","M","R","T","?","E","R","?","E","R","B",null],"character_chosen":"DEFECT","items_purchased":["EntropicBrew","Bag of Marbles","Dramatic Entrance","CultistPotion"],"campfire_rested":1,"item_purchase_floors":[21,21,21,38],"current_hp_per_floor":[75,75,60,75,75,65,65,58,65,65,65,65,62,62,62,62,82,82,70,66,66,66,57,49,45,45,41,41,41,31,15,39,38,82,82,82,82,82,82,82,82,82,82,82,82,82,82,82,82,43],"gold":469,"neow_bonus":"BOSS_RELIC","is_daily":false,"chose_seed":false,"campfire_upgraded":7,"win_rate":0.0,"timestamp":1613713063,"path_taken":["M","M","?","?","M","E","R","?","T","R","E","M","E","M","R","BOSS","M","M","M","$","?","E","M","E","T","E","?","?","M","?","R","BOSS","M","?","M","$","?","R","M","R","T","?","E","R","?","E","R","BOSS"],"items_purchased_type":["Potion","Relic","Card","Potion"],"build_version":"2020-12-22","purchased_purges":1,"victory":true,"max_hp_per_floor":[75,75,75,75,75,75,75,75,82,82,82,82,82,82,82,82,82,82,82,82,82,82,82,82,82,82,82,82,82,82,82,82,82,82,82,82,82,82,82,82,82,82,82,82,82,82,82,82,82,82],"relic_stats":{"Darkstone Periapt":0,"Happy Flower":[2],"counters":[26,122],"CeramicFish":90,"PreservedInsect":125,"Bag of Preparation":[22],"Smiling Mask":25,"Cursed Key":2,"MawBank":96,"Nunchaku":[10],"Emotion Chip":[6,2,2,2,0],"Shuriken":[12],"Mummified Hand":[50],"Tiny Chest":1,"Black Star":5,"obtain_stats":[{"Darkstone Periapt":45,"Nilry\u0027s Codex":31,"CeramicFish":25,"Bag of Preparation":25,"Smiling Mask":26,"Cursed Key":34,"Nunchaku":26,"Emotion Chip":44,"Matryoshka":6,"Mummified Hand":36,"Strawberry":9,"Philosopher\u0027s Stone":0,"Tiny Chest":23,"Toxic Egg 2":9,"Cracked Core":0,"Potion Belt":48,"Happy Flower":48,"PreservedInsect":45,"Frozen Egg 2":23,"MawBank":43,"Akabeko":11,"Anchor":13,"Shuriken":27,"Black Star":17,"Bag of Marbles":21,"StrikeDummy":27},{"Darkstone Periapt":24,"Nilry\u0027s Codex":18,"CeramicFish":15,"Bag of Preparation":15,"Smiling Mask":15,"Cursed Key":19,"Nunchaku":15,"Emotion Chip":23,"Matryoshka":4,"Mummified Hand":20,"Strawberry":4,"Philosopher\u0027s Stone":0,"Tiny Chest":13,"Toxic Egg 2":4,"Cracked Core":0,"Potion Belt":25,"Happy Flower":25,"PreservedInsect":24,"Frozen Egg 2":13,"MawBank":22,"Akabeko":5,"Anchor":7,"Shuriken":16,"Black Star":9,"Bag of Marbles":12,"StrikeDummy":16},{"Darkstone Periapt":106,"Nilry\u0027s Codex":73,"CeramicFish":61,"Bag of Preparation":61,"Smiling Mask":61,"Cursed Key":81,"Nunchaku":61,"Emotion Chip":97,"Matryoshka":18,"Mummified Hand":83,"Strawberry":18,"Philosopher\u0027s Stone":0,"Tiny Chest":56,"Toxic Egg 2":18,"Cracked Core":0,"Potion Belt":115,"Happy Flower":115,"PreservedInsect":106,"Frozen Egg 2":56,"MawBank":90,"Akabeko":21,"Anchor":31,"Shuriken":67,"Black Star":39,"Bag of Marbles":52,"StrikeDummy":67}]},"card_choices":[{"not_picked":["Capacitor","Leap","Stack"],"picked":"SKIP","floor":1.0},{"not_picked":["Barrage","Stack"],"picked":"Conserve Battery","floor":2.0},{"not_picked":["Steam Power","Reinforced Body"],"picked":"Beam Cell","floor":5.0},{"not_picked":["Redo","Beam Cell"],"picked":"Rip and Tear","floor":6.0},{"not_picked":["Steam+1","Multi-Cast+1"],"picked":"Chaos+1","floor":11.0},{"not_picked":["Gash","Steam+1"],"picked":"Sweeping Beam","floor":12.0},{"not_picked":["Redo+1","Fusion+1"],"picked":"White Noise+1","floor":13.0},{"not_picked":["Redo+1","Beam Cell","Leap+1"],"picked":"SKIP","floor":14.0},{"not_picked":["Reboot+1","All For One"],"picked":"Rainbow+1","floor":16.0},{"not_picked":["Redo+1","Hello World"],"picked":"Streamline+1","floor":18.0},{"not_picked":["BootSequence+1","Steam+1"],"picked":"Glacier+1","floor":19.0},{"not_picked":["Ball Lightning","Fusion+1"],"picked":"White Noise+1","floor":20.0},{"not_picked":["Beam Cell","Reinforced Body+1"],"picked":"Barrage","floor":23.0},{"not_picked":["Steam+1","Coolheaded+1"],"picked":"Creative AI+1","floor":24.0},{"not_picked":["Compile Driver+1","Amplify+1"],"picked":"Chill+1","floor":25.0},{"not_picked":["Barrage","Undo+1","Reprogram+1"],"picked":"SKIP","floor":27.0},{"not_picked":["Sweeping Beam","Redo+1","Stack+1"],"picked":"SKIP","floor":29.0},{"not_picked":["Barrage","Sweeping Beam","Rip and Tear+1"],"picked":"SKIP","floor":30.0},{"not_picked":["Meteor Strike","All For One"],"picked":"Buffer+1","floor":33.0},{"not_picked":["Doom and Gloom","Double Energy+1"],"picked":"Aggregate+1","floor":35.0},{"not_picked":["Beam Cell","Stack+1"],"picked":"Hologram+1","floor":37.0},{"not_picked":["Rip and Tear+1","Ball Lightning"],"picked":"Conserve Battery+1","floor":41.0},{"not_picked":["Steam+1","Reinforced Body+1"],"picked":"Auto Shields+1","floor":44.0},{"not_picked":["Fusion+1","Reprogram+1"],"picked":"Double Energy+1","floor":45.0},{"not_picked":["Flash of Steel","Impatience+1"],"picked":"Bandage Up+1","floor":47.0},{"not_picked":["Compile Driver","Force Field+1","Multi-Cast+1"],"picked":"SKIP","floor":48.0}],"player_experience":710414,"relics_obtained":[{"floor":6.0,"key":"Matryoshka"},{"floor":9.0,"key":"Strawberry"},{"floor":9.0,"key":"Toxic Egg 2"},{"floor":11.0,"key":"Akabeko"},{"floor":13.0,"key":"Anchor"},{"floor":23.0,"key":"Frozen Egg 2"},{"floor":23.0,"key":"Tiny Chest"},{"floor":25.0,"key":"CeramicFish"},{"floor":25.0,"key":"Bag of Preparation"},{"floor":26.0,"key":"Nunchaku"},{"floor":26.0,"key":"Smiling Mask"},{"floor":27.0,"key":"Shuriken"},{"floor":27.0,"key":"StrikeDummy"},{"floor":31.0,"key":"Nilry\u0027s Codex"},{"floor":36.0,"key":"Mummified Hand"},{"floor":43.0,"key":"MawBank"},{"floor":44.0,"key":"Emotion Chip"},{"floor":45.0,"key":"PreservedInsect"},{"floor":45.0,"key":"Darkstone Periapt"},{"floor":48.0,"key":"Potion Belt"},{"floor":48.0,"key":"Happy Flower"}],"event_choices":[{"damage_healed":0.0,"max_hp_gain":0.0,"max_hp_loss":0.0,"gold_gain":0.0,"event_name":"Shining Light","player_choice":"Entered Light","floor":3.0,"gold_loss":0.0,"damage_taken":15.0,"cards_upgraded":["Strike_B","Defend_B"]},{"damage_healed":18.0,"max_hp_gain":0.0,"max_hp_loss":0.0,"gold_gain":0.0,"event_name":"The Cleric","player_choice":"Healed","floor":4.0,"gold_loss":35.0,"damage_taken":0.0},{"cards_removed":["Strike_B"],"damage_healed":0.0,"max_hp_gain":0.0,"max_hp_loss":0.0,"gold_gain":0.0,"event_name":"Golden Wing","player_choice":"Card Removal","floor":8.0,"gold_loss":0.0,"damage_taken":7.0},{"damage_healed":0.0,"max_hp_gain":0.0,"max_hp_loss":0.0,"gold_gain":0.0,"event_name":"Ghosts","player_choice":"Ignored","floor":22.0,"gold_loss":0.0,"damage_taken":0.0},{"cards_removed":["Strike_B"],"damage_healed":0.0,"max_hp_gain":0.0,"max_hp_loss":0.0,"gold_gain":0.0,"event_name":"Purifier","player_choice":"Purged","floor":28.0,"gold_loss":0.0,"damage_taken":0.0},{"damage_healed":0.0,"max_hp_gain":0.0,"max_hp_loss":0.0,"gold_gain":0.0,"event_name":"Cursed Tome","player_choice":"Obtained Book","floor":31.0,"gold_loss":0.0,"damage_taken":16.0},{"cards_removed":["Strike_B"],"damage_healed":0.0,"max_hp_gain":0.0,"max_hp_loss":0.0,"gold_gain":0.0,"event_name":"Falling","player_choice":"Removed Attack","floor":39.0,"gold_loss":0.0,"damage_taken":0.0},{"damage_healed":0.0,"max_hp_gain":0.0,"max_hp_loss":0.0,"gold_gain":0.0,"event_name":"MindBloom","player_choice":"Fight","floor":44.0,"gold_loss":0.0,"damage_taken":0.0},{"damage_healed":0.0,"max_hp_gain":0.0,"max_hp_loss":0.0,"gold_gain":0.0,"event_name":"SensoryStone","player_choice":"Memory 1","floor":47.0,"gold_loss":0.0,"damage_taken":0.0}],"is_beta":false,"boss_relics":[{"not_picked":["Pandora\u0027s Box","Inserter"],"picked":"Black Star"},{"not_picked":["Tiny House","Empty Cage"],"picked":"Cursed Key"}],"items_purged_floors":[38],"is_endless":false,"potions_floor_spawned":[1,2,13,14,18,20,24,30,33,35,37,41,48],"ascension_level":0}}