{"host":"6p0attdrtjqaih7v","time":1613761585,"event":{"mods":["2.2 Compatiblity","AchievementEnabler","Bard","BaseMod","Better Skull","Better Third Choice","Card Filter","Colored Powertips","Hermit","Highlight Path","Hubris","Key Reminder","Minty Spire (QoL Compilation)","Permanent Neow","Quick Restart","Random Character Button","Relic Filter","Relic Stats","Reliquary","Replay The Spire","Robot Space Explorer","StSLib","The Hayseed","The Witch"],"gold_per_floor":[117,133,8,26,46,74,74,100,123,151,170,112,45,63,63,63,63],"floor_reached":16,"language":"ENG","playtime":623,"items_purged":["RobotSpaceExplorer:BlastShield"],"score":228,"play_id":"6d1ed9c7-61d2-4a87-a739-a9c600ce67bf","local_time":"20210219140625","is_ascension_mode":true,"campfire_choices":[{"floor":7,"key":"REST"},{"data":"RobotSpaceExplorer:StarDust","floor":15,"key":"SMITH"}],"circlet_count":0,"master_deck":["AscendersBane","RobotSpaceExplorer:Strike","RobotSpaceExplorer:Strike","RobotSpaceExplorer:Strike","RobotSpaceExplorer:Strike","RobotSpaceExplorer:Defend","RobotSpaceExplorer:Defend","RobotSpaceExplorer:Defend","RobotSpaceExplorer:Defend","RobotSpaceExplorer:Scan","RobotSpaceExplorer:MiniLasers","RobotSpaceExplorer:PlasmaMissile","RobotSpaceExplorer:Probe","RobotSpaceExplorer:MetalStrike","RobotSpaceExplorer:Smokescreen","RobotSpaceExplorer:Explosion","RobotSpaceExplorer:GearShield","RobotSpaceExplorer:FrostMissile","RobotSpaceExplorer:StarDust+1"],"relics":["RobotSpaceExplorer:RoboCore","Mercury Hourglass","PreservedInsect","CeramicFish"],"acts_visited":["Exordium"],"potions_floor_usage":[5,11,11,16],"damage_taken":[{"damage":0,"enemies":"Cultist","floor":1,"turns":4},{"damage":3,"enemies":"2 Louse","floor":2,"turns":3},{"damage":1,"enemies":"Small Slimes","floor":4,"turns":3},{"damage":4,"enemies":"3 Louse","floor":5,"turns":3},{"damage":35,"enemies":"3 Sentries","floor":6,"turns":10},{"damage":35,"enemies":"Lagavulin","floor":8,"turns":7},{"damage":0,"enemies":"2 Fungi Beasts","floor":10,"turns":3},{"damage":5,"enemies":"Exordium Thugs","floor":11,"turns":4},{"damage":0,"enemies":"Gremlin Gang","floor":14,"turns":4},{"damage":11,"enemies":"Hexaghost","floor":16,"turns":7}],"seed_played":"-2582192955835257445","potions_obtained":[{"floor":1,"key":"SkillPotion"},{"floor":8,"key":"Fruit Juice"},{"floor":10,"key":"Swift Potion"},{"floor":14,"key":"SteroidPotion"}],"is_trial":false,"path_per_floor":["M","M","$","M","M","E","R","E","T","M","M","?","$","M","R","B"],"character_chosen":"RobotSpaceExplorer","items_purchased":["RobotSpaceExplorer:MetalStrike","RobotSpaceExplorer:StarDust"],"campfire_rested":1,"item_purchase_floors":[3,13],"current_hp_per_floor":[64,61,61,60,56,21,42,7,7,7,7,7,7,7,7,0,0],"gold":63,"neow_bonus":"ONE_RANDOM_RARE_CARD","is_daily":false,"chose_seed":false,"campfire_upgraded":1,"win_rate":0.0,"timestamp":1613761585,"path_taken":["M","M","$","M","M","E","R","E","T","M","?","?","$","M","R","BOSS"],"items_purchased_type":["Card","Card"],"build_version":"2020-12-22","purchased_purges":1,"victory":false,"max_hp_per_floor":[71,71,71,71,71,71,71,71,71,71,76,76,76,76,76,76,76],"relic_stats":{"counters":[10,47],"CeramicFish":18,"PreservedInsect":0,"obtain_stats":[{"CeramicFish":9,"RobotSpaceExplorer:RoboCore":0,"PreservedInsect":8,"Mercury Hourglass":6},{"CeramicFish":6,"RobotSpaceExplorer:RoboCore":0,"PreservedInsect":6,"Mercury Hourglass":5},{"CeramicFish":29,"RobotSpaceExplorer:RoboCore":0,"PreservedInsect":29,"Mercury Hourglass":23}],"Mercury Hourglass":[102]},"card_choices":[{"not_picked":["RobotSpaceExplorer:Smokescreen","RobotSpaceExplorer:SlimeMissile"],"picked":"RobotSpaceExplorer:PlasmaMissile","floor":1},{"not_picked":["RobotSpaceExplorer:SwiftStep","RobotSpaceExplorer:MiniBoosters"],"picked":"RobotSpaceExplorer:Probe","floor":2},{"not_picked":["RobotSpaceExplorer:Probe","RobotSpaceExplorer:SurgingStrike"],"picked":"RobotSpaceExplorer:Smokescreen","floor":4},{"not_picked":["RobotSpaceExplorer:SurgingShield","RobotSpaceExplorer:Counterblock"],"picked":"RobotSpaceExplorer:Explosion","floor":5},{"not_picked":["RobotSpaceExplorer:SwiftStep","RobotSpaceExplorer:JunkDive"],"picked":"RobotSpaceExplorer:GearShield","floor":6},{"not_picked":["RobotSpaceExplorer:Pulsar","RobotSpaceExplorer:MiniDrones","RobotSpaceExplorer:Counterblock"],"picked":"SKIP","floor":8},{"not_picked":["RobotSpaceExplorer:FranticSearch","RobotSpaceExplorer:Pulsar"],"picked":"RobotSpaceExplorer:FrostMissile","floor":10},{"not_picked":["RobotSpaceExplorer:ShovelStrike","RobotSpaceExplorer:DroneSwarm","RobotSpaceExplorer:LaserBurst"],"picked":"SKIP","floor":11},{"not_picked":["RobotSpaceExplorer:Calculate","RobotSpaceExplorer:Ammunition","RobotSpaceExplorer:Probe"],"picked":"SKIP","floor":14}],"player_experience":1141635,"relics_obtained":[{"floor":6,"key":"Mercury Hourglass"},{"floor":8,"key":"PreservedInsect"},{"floor":9,"key":"CeramicFish"}],"event_choices":[{"damage_healed":0,"gold_gain":0,"player_choice":"Left Gold","damage_taken":0,"max_hp_gain":0,"max_hp_loss":0,"event_name":"World of Goop","floor":12,"gold_loss":58}],"is_beta":false,"boss_relics":[],"items_purged_floors":[3],"is_endless":false,"potions_floor_spawned":[1,8,10,14],"killed_by":"Hexaghost","ascension_level":20}}