{"host":"4i5my69dv6e41930","time":1613705046,"event":{"mods":["AchievementEnabler","BaseMod","Minty Spire (QoL Compilation)","Relic Stats"],"gold_per_floor":[217,217,229,16,26,26,54,72,96,115,140,140,161,178,178,252,252,263,281,100,110,310,310,342,342,342,342,342],"floor_reached":27,"language":"ENG","playtime":1871,"items_purged":["Strike_G"],"score":486,"play_id":"beb9498a-1882-4ecb-bc2c-e9f5264f6781","local_time":"20210218222406","is_ascension_mode":true,"campfire_choices":[{"data":"Blade Dance","floor":6.0,"key":"SMITH"},{"data":"Noxious Fumes","floor":12.0,"key":"SMITH"},{"data":"Catalyst","floor":15.0,"key":"SMITH"},{"data":"Well Laid Plans","floor":23,"key":"SMITH"}],"circlet_count":0,"master_deck":["AscendersBane","Strike_G","Strike_G","Strike_G","Defend_G","Defend_G","Defend_G+1","Defend_G","Defend_G","Survivor+1","Neutralize","Deadly Poison","After Image","Sucker Punch","Blade Dance+1","Poisoned Stab","Noxious Fumes+1","Dash","Cloak And Dagger","Escape Plan","Catalyst+1","Malaise","Backflip","Well Laid Plans+1","Acrobatics"],"relics":["Ring of the Snake","TwistedFunnel","Bag of Marbles","Tiny Chest","War Paint","Odd Mushroom","Sozu","Peace Pipe","HornCleat","Incense Burner"],"acts_visited":["Exordium","TheCity"],"potions_floor_usage":[24,24],"damage_taken":[{"damage":6.0,"enemies":"Small Slimes","floor":1.0,"turns":8.0},{"damage":0.0,"enemies":"Cultist","floor":3.0,"turns":4.0},{"damage":3.0,"enemies":"2 Louse","floor":5.0,"turns":2.0},{"damage":15.0,"enemies":"3 Sentries","floor":7.0,"turns":11.0},{"damage":0.0,"enemies":"Exordium Wildlife","floor":8.0,"turns":3.0},{"damage":0.0,"enemies":"Gremlin Gang","floor":10.0,"turns":3.0},{"damage":6.0,"enemies":"Lagavulin","floor":11.0,"turns":5.0},{"damage":1.0,"enemies":"The Mushroom Lair","floor":13.0,"turns":4.0},{"damage":2.0,"enemies":"Red Slaver","floor":14.0,"turns":3.0},{"damage":5.0,"enemies":"Hexaghost","floor":16.0,"turns":9.0},{"damage":0,"enemies":"Chosen","floor":18,"turns":5},{"damage":3,"enemies":"3 Byrds","floor":19,"turns":5},{"damage":11,"enemies":"Cultist and Chosen","floor":21,"turns":5},{"damage":28,"enemies":"Slavers","floor":24,"turns":4},{"damage":13,"enemies":"Chosen and Byrds","floor":27,"turns":3}],"seed_played":"625709880296766022","potions_obtained":[{"floor":7.0,"key":"ColorlessPotion"},{"floor":10.0,"key":"Ancient Potion"}],"is_trial":false,"path_per_floor":["M","?","M","$","M","R","E","M","T","M","E","R","?","M","R","B",null,"M","M","$","M","?","R","E","T","T","M"],"character_chosen":"THE_SILENT","items_purchased":["TwistedFunnel","Blade Dance","Well Laid Plans","Acrobatics"],"campfire_rested":0,"item_purchase_floors":[4,4,20,20],"current_hp_per_floor":[53,53,53,53,50,50,35,35,35,35,29,29,28,26,26,21,55,55,52,52,41,41,41,13,13,13,0,0],"gold":342,"neow_bonus":"HUNDRED_GOLD","is_daily":false,"chose_seed":false,"campfire_upgraded":4,"win_rate":0.0,"timestamp":1613705046,"path_taken":["M","?","M","$","M","R","E","M","T","?","E","R","?","M","R","BOSS","M","M","$","M","?","R","E","?","T","M"],"items_purchased_type":["Relic","Card","Card","Card"],"build_version":"2020-12-22","purchased_purges":1,"victory":false,"max_hp_per_floor":[66,66,66,66,66,66,66,66,66,66,66,66,66,66,66,66,66,66,66,66,66,66,66,66,66,66,66,66],"relic_stats":{"Sozu":2,"Peace Pipe":0,"counters":[15,74],"Tiny Chest":1,"War Paint":["Defend_G","Survivor"],"obtain_stats":[{"TwistedFunnel":4,"Sozu":17,"Peace Pipe":24,"HornCleat":25,"Tiny Chest":9,"Bag of Marbles":7,"Incense Burner":26,"War Paint":11,"Odd Mushroom":13,"Ring of the Snake":0},{"TwistedFunnel":2,"Sozu":10,"Peace Pipe":14,"HornCleat":14,"Tiny Chest":5,"Bag of Marbles":4,"Incense Burner":14,"War Paint":7,"Odd Mushroom":8,"Ring of the Snake":0},{"TwistedFunnel":12,"Sozu":52,"Peace Pipe":71,"HornCleat":71,"Tiny Chest":28,"Bag of Marbles":25,"Incense Burner":71,"War Paint":36,"Odd Mushroom":40,"Ring of the Snake":0}],"Ring of the Snake":[30]},"card_choices":[{"not_picked":["Finisher","Flying Knee"],"picked":"Deadly Poison","floor":1.0},{"not_picked":["Acrobatics","Outmaneuver"],"picked":"Sucker Punch","floor":3.0},{"not_picked":["Skewer","Prepared"],"picked":"Poisoned Stab","floor":5.0},{"not_picked":["Unload","Concentrate"],"picked":"Noxious Fumes","floor":7.0},{"not_picked":["Concentrate","Setup"],"picked":"Dash","floor":8.0},{"not_picked":["Deflect","Bane"],"picked":"Cloak And Dagger","floor":10.0},{"not_picked":["Outmaneuver","Quick Slash","Prepared"],"picked":"SKIP","floor":11.0},{"not_picked":["Quick Slash","Slice"],"picked":"Escape Plan","floor":13.0},{"not_picked":["PiercingWail","Riddle With Holes"],"picked":"Catalyst","floor":14.0},{"not_picked":["Storm of Steel","Venomology"],"picked":"Malaise","floor":16.0},{"not_picked":["Slice","Sucker Punch"],"picked":"Backflip","floor":18},{"not_picked":["Terror","Flechettes","Setup"],"picked":"SKIP","floor":19},{"not_picked":["Dagger Throw","Bane","Dash"],"picked":"SKIP","floor":21},{"not_picked":["Predator","Heel Hook","Concentrate"],"picked":"SKIP","floor":24}],"player_experience":54326,"relics_obtained":[{"floor":7.0,"key":"Bag of Marbles"},{"floor":9.0,"key":"Tiny Chest"},{"floor":11.0,"key":"War Paint"},{"floor":13.0,"key":"Odd Mushroom"},{"floor":24,"key":"Peace Pipe"},{"floor":25,"key":"HornCleat"},{"floor":26,"key":"Incense Burner"}],"event_choices":[{"damage_healed":0.0,"max_hp_gain":0.0,"max_hp_loss":0.0,"gold_gain":0.0,"cards_transformed":["Strike_G"],"event_name":"Transmorgrifier","player_choice":"Transformed","floor":2.0,"gold_loss":0.0,"damage_taken":0.0,"cards_obtained":["After Image"]},{"damage_healed":0.0,"max_hp_gain":0.0,"max_hp_loss":0.0,"gold_gain":0.0,"event_name":"Mushrooms","player_choice":"Fought Mushrooms","floor":13.0,"gold_loss":0.0,"damage_taken":0.0},{"damage_healed":0,"gold_gain":200,"player_choice":"Gold","damage_taken":0,"max_hp_gain":0,"max_hp_loss":0,"event_name":"Wheel of Change","floor":22,"gold_loss":0}],"is_beta":false,"boss_relics":[{"not_picked":["Pandora\u0027s Box","Philosopher\u0027s Stone"],"picked":"Sozu"}],"items_purged_floors":[20],"is_endless":false,"potions_floor_spawned":[7,10,13,18,19],"killed_by":"Chosen and Byrds","ascension_level":20}}