{"host":"en4narc5947t7k9n","time":1613754958,"event":{"mods":["AchievementEnabler","BaseMod","Colored Map","Minty Spire (QoL Compilation)","SuperFastMode"],"gold_per_floor":[211,229,229,247,264,290,308,273,342,322,337,337,357,367,367,367,367],"floor_reached":16,"language":"KOR","playtime":1078,"items_purged":[],"score":106,"play_id":"247213e5-eaf1-4456-9c13-20187d10b8c2","local_time":"20210220021558","is_ascension_mode":false,"campfire_choices":[{"floor":12,"key":"RECALL"},{"floor":15,"key":"REST"}],"circlet_count":0,"master_deck":["Strike_G","Strike_G","Strike_G","Strike_G","Defend_G","Defend_G","Defend_G","Defend_G","Defend_G","Survivor","Neutralize","Poisoned Stab","Escape Plan","Strike_R","Catalyst","Acrobatics","Burst","Distraction","Calculated Gamble","Reflex","Escape Plan"],"relics":["Ring of the Snake","Pantograph"],"acts_visited":["Exordium"],"potions_floor_usage":[6,11,14,16,16],"damage_taken":[{"damage":0,"enemies":"Small Slimes","floor":1,"turns":7},{"damage":4,"enemies":"Cultist","floor":2,"turns":4},{"damage":0,"enemies":"2 Louse","floor":4,"turns":5},{"damage":3,"enemies":"Blue Slaver","floor":5,"turns":4},{"damage":25,"enemies":"Gremlin Nob","floor":6,"turns":5},{"damage":25,"enemies":"Lots of Slimes","floor":7,"turns":8},{"damage":4,"enemies":"3 Louse","floor":11,"turns":5},{"damage":10,"enemies":"2 Fungi Beasts","floor":13,"turns":6},{"damage":14,"enemies":"Lots of Slimes","floor":14,"turns":6},{"damage":48,"enemies":"The Guardian","floor":16,"turns":13}],"seed_played":"-4468335281380863443","potions_obtained":[{"floor":2,"key":"DistilledChaos"},{"floor":5,"key":"SpeedPotion"},{"floor":7,"key":"Dexterity Potion"},{"floor":10,"key":"BlessingOfTheForge"},{"floor":14,"key":"LiquidBronze"}],"is_trial":false,"path_per_floor":["M","M","?","M","M","E","M","?","T","?","M","R","M","M","R","B"],"character_chosen":"THE_SILENT","items_purchased":[],"campfire_rested":1,"item_purchase_floors":[],"current_hp_per_floor":[70,66,66,66,63,38,13,30,30,30,26,26,16,2,23,0,0],"gold":367,"neow_bonus":"HUNDRED_GOLD","is_daily":false,"chose_seed":false,"campfire_upgraded":0,"win_rate":0.0,"timestamp":1613754958,"path_taken":["M","M","?","?","M","E","M","?","T","?","M","R","M","?","R","BOSS"],"items_purchased_type":[],"build_version":"2020-12-22","purchased_purges":0,"victory":false,"max_hp_per_floor":[70,70,70,70,70,70,70,70,70,70,70,70,70,70,70,70,70],"card_choices":[{"not_picked":["Dodge and Roll","Setup"],"picked":"Poisoned Stab","floor":1},{"not_picked":["Predator","Dodge and Roll"],"picked":"Escape Plan","floor":2},{"not_picked":["Poisoned Stab","Dagger Spray"],"picked":"Catalyst","floor":4},{"not_picked":["Deflect","PiercingWail"],"picked":"Acrobatics","floor":5},{"not_picked":["Bane","Deadly Poison"],"picked":"Burst","floor":6},{"not_picked":["Deadly Poison","Sucker Punch"],"picked":"Distraction","floor":7},{"not_picked":["Eviscerate","Backflip"],"picked":"Calculated Gamble","floor":11},{"not_picked":["Quick Slash","Flechettes"],"picked":"Reflex","floor":13},{"not_picked":["Dagger Throw","Flying Knee"],"picked":"Escape Plan","floor":14}],"player_experience":88085,"relics_obtained":[{"floor":6,"key":"Pantograph"}],"event_choices":[{"cards_removed":["Strike_G"],"damage_healed":0,"gold_gain":0,"player_choice":"Took Card","damage_taken":0,"max_hp_gain":0,"max_hp_loss":0,"event_name":"NoteForYourself","floor":3,"gold_loss":0,"cards_obtained":["Strike_R"]},{"damage_healed":17,"gold_gain":0,"player_choice":"Healed","damage_taken":0,"max_hp_gain":0,"max_hp_loss":0,"event_name":"The Cleric","floor":8,"gold_loss":35},{"damage_healed":0,"gold_gain":0,"player_choice":"Bought 1 Potion","damage_taken":0,"max_hp_gain":0,"max_hp_loss":0,"event_name":"The Woman in Blue","floor":10,"gold_loss":0}],"is_beta":false,"boss_relics":[],"items_purged_floors":[],"is_endless":false,"potions_floor_spawned":[2,5,7,14],"killed_by":"The Guardian","ascension_level":0}}