{"host":"50qwps766cbz6ukm","time":1613750390,"event":{"mods":["BaseMod","Colored Map","Colored Powertips","DeckTracker","Highlight Path","Minty Spire (QoL Compilation)","Quick Restart","Remove Card Discount Mod","StSLib","SuperFastMode","Synergy Search"],"gold_per_floor":[113,1,17,17,17,42,42,54,104,119,119,119,70,70,70,196,196,215,163,163,163,163,201,201,201,201],"floor_reached":25,"language":"ENG","playtime":697,"items_purged":["Strike_P","Strike_P","Strike_P","Defend_P","Defend_P","Defend_P","Strike_P","Pain","Injury","Defend_P","Eruption+1","Study"],"score":384,"play_id":"919f09f3-fef3-40b2-86c6-e3b4578308e6","local_time":"20210219175950","is_ascension_mode":true,"campfire_choices":[{"data":"Eruption","floor":7,"key":"SMITH"},{"floor":12,"key":"REST"},{"floor":15,"key":"REST"},{"floor":24,"key":"REST"}],"circlet_count":0,"master_deck":["Vigilance+1","Blind+1","Consecrate","Study","Tantrum","MentalFortress","FlurryOfBlows","Prostrate","FlurryOfBlows"],"relics":["PureWater","WarpedTongs","Bag of Marbles","Vajra","Golden Idol","Black Star","Blue Candle","Meat on the Bone"],"acts_visited":["Exordium","TheCity"],"potions_floor_usage":[18,23],"damage_taken":[{"damage":0,"enemies":"Cultist","floor":1,"turns":4},{"damage":11,"enemies":"2 Louse","floor":3,"turns":3},{"damage":26,"enemies":"Lagavulin","floor":6,"turns":5},{"damage":3,"enemies":"Small Slimes","floor":8,"turns":2},{"damage":6,"enemies":"Looter","floor":10,"turns":3},{"damage":0,"enemies":"The Guardian","floor":16,"turns":10},{"damage":7,"enemies":"2 Thieves","floor":18,"turns":3},{"damage":13,"enemies":"Book of Stabbing","floor":23,"turns":6},{"damage":34,"enemies":"Slavers","floor":25,"turns":3}],"seed_played":"-7666113907805584208","potions_obtained":[{"floor":3,"key":"EssenceOfSteel"},{"floor":8,"key":"DistilledChaos"},{"floor":23,"key":"Fire Potion"}],"is_trial":false,"path_per_floor":["M","$","M","?","?","E","R","M","T","M","?","R","$","$","R","B",null,"M","$","?","?","?","E","R","E"],"character_chosen":"WATCHER","items_purchased":["Consecrate","Study","FlurryOfBlows","FlurryOfBlows"],"campfire_rested":3,"item_purchase_floors":[2,2,13,19],"current_hp_per_floor":[65,65,54,40,40,14,14,11,11,5,5,26,26,26,47,47,66,59,59,59,46,46,33,56,22,22],"gold":201,"neow_bonus":"RANDOM_COLORLESS","is_daily":false,"chose_seed":false,"campfire_upgraded":1,"win_rate":0.0,"timestamp":1613750390,"path_taken":["M","$","?","?","?","E","R","?","T","M","?","R","?","$","R","BOSS","M","$","?","?","?","E","R","E"],"items_purchased_type":["Card","Card","Card","Card"],"build_version":"2020-12-22","purchased_purges":12,"victory":false,"max_hp_per_floor":[72,72,72,72,72,72,72,72,72,72,72,72,72,72,72,72,72,72,72,72,77,77,77,77,77,77],"card_choices":[{"not_picked":["Panacea","Bandage Up"],"picked":"Blind","floor":0},{"not_picked":["Halt","CrushJoints"],"picked":"Study","floor":1},{"not_picked":["ThirdEye","Sanctity"],"picked":"Tantrum","floor":3},{"not_picked":["SashWhip","Protect","ConjureBlade"],"picked":"SKIP","floor":6},{"not_picked":["Vengeance","ThirdEye"],"picked":"MentalFortress","floor":8},{"not_picked":["ClearTheMind","Protect","InnerPeace"],"picked":"SKIP","floor":10},{"not_picked":["EmptyFist","JustLucky+1"],"picked":"Prostrate","floor":18},{"not_picked":["Conclude+1","EmptyBody+1","BowlingBash+1"],"picked":"SKIP","floor":23}],"player_experience":600431,"relics_obtained":[{"floor":6,"key":"Bag of Marbles"},{"floor":9,"key":"Vajra"},{"floor":23,"key":"Blue Candle"},{"floor":23,"key":"Meat on the Bone"}],"event_choices":[{"damage_healed":0,"gold_gain":0,"player_choice":"Entered Light","damage_taken":14,"max_hp_gain":0,"max_hp_loss":0,"event_name":"Shining Light","floor":4,"gold_loss":0,"cards_upgraded":["Blind","Vigilance"]},{"damage_healed":0,"gold_gain":0,"player_choice":"Rummage","damage_taken":0,"relics_obtained":["WarpedTongs"],"max_hp_gain":0,"max_hp_loss":0,"event_name":"Accursed Blacksmith","floor":5,"gold_loss":0,"cards_obtained":["Pain"]},{"damage_healed":0,"gold_gain":0,"player_choice":"Take Wound","damage_taken":0,"relics_obtained":["Golden Idol"],"max_hp_gain":0,"max_hp_loss":0,"event_name":"Golden Idol","floor":11,"gold_loss":0,"cards_obtained":["Injury"]},{"damage_healed":0,"gold_gain":0,"player_choice":"Ignored","damage_taken":0,"max_hp_gain":0,"max_hp_loss":0,"event_name":"Vampires","floor":20,"gold_loss":0},{"damage_healed":0,"gold_gain":0,"player_choice":"Shed Blood","damage_taken":18,"max_hp_gain":5,"max_hp_loss":0,"event_name":"Forgotten Altar","floor":21,"gold_loss":0},{"damage_healed":0,"gold_gain":0,"player_choice":"Ignored","damage_taken":0,"max_hp_gain":0,"max_hp_loss":0,"event_name":"Ghosts","floor":22,"gold_loss":0}],"is_beta":false,"boss_relics":[{"not_picked":["Sozu","Velvet Choker"],"picked":"Black Star"}],"items_purged_floors":[2,2,2,2,2,2,2,13,13,19,19,19],"is_endless":false,"potions_floor_spawned":[3,8,23],"killed_by":"Slavers","ascension_level":9}}