{"host":"ojme7g6xlqwffsso","time":1613696948,"event":{"mods":["BaseMod","Downfall","Minty Spire (QoL Compilation)","Relic Stats","StSLib"],"gold_per_floor":[117,117,131,141,141,169,169,169,169],"floor_reached":8,"language":"ENG","playtime":229,"items_purged":[],"score":112,"play_id":"38525b73-72e7-4159-81e0-0b668203a02b","local_time":"20210219100908","is_ascension_mode":true,"campfire_choices":[{"data":"Neutralize","floor":7,"key":"SMITH"}],"circlet_count":0,"master_deck":["AscendersBane","Strike_G","Strike_G","Strike_G","Strike_G","Strike_G","Defend_G","Defend_G","Defend_G","Defend_G","Defend_G","Survivor","Neutralize+1","Dagger Throw","Grand Finale","Expertise","Backstab","Deadly Poison"],"relics":["Ring of the Snake","NeowsBlessing","Eternal Feather","The Specimen"],"acts_visited":["Exordium"],"potions_floor_usage":[6,8],"damage_taken":[{"damage":0.0,"enemies":"Jaw Worm","floor":1.0,"turns":1.0},{"damage":0,"enemies":"Cultist","floor":3,"turns":1},{"damage":0,"enemies":"2 Louse","floor":4,"turns":1},{"damage":41,"enemies":"3 Sentries","floor":6,"turns":15},{"damage":46,"enemies":"Gremlin Nob","floor":8,"turns":4}],"seed_played":"-3096073092403699049","potions_obtained":[{"floor":3,"key":"DistilledChaos"},{"floor":6,"key":"AttackPotion"}],"is_trial":false,"path_per_floor":["M","?","M","M","T","E","R","E"],"character_chosen":"THE_SILENT","items_purchased":[],"campfire_rested":0,"item_purchase_floors":[],"current_hp_per_floor":[59,59,59,59,59,18,27,0,0],"gold":169,"neow_bonus":"THREE_ENEMY_KILL","is_daily":false,"chose_seed":false,"campfire_upgraded":1,"win_rate":0.0,"timestamp":1613696948,"path_taken":["M","?","M","?","?","E","R","E"],"items_purchased_type":[],"build_version":"2020-12-22","purchased_purges":0,"victory":false,"max_hp_per_floor":[66,66,66,66,66,66,66,66,66],"relic_stats":{"counters":[5,22],"Eternal Feather":9,"obtain_stats":[{"NeowsBlessing":0,"The Specimen":6,"Eternal Feather":5,"Ring of the Snake":0},{"NeowsBlessing":0,"The Specimen":4,"Eternal Feather":3,"Ring of the Snake":0},{"NeowsBlessing":0,"The Specimen":18,"Eternal Feather":3,"Ring of the Snake":0}],"Ring of the Snake":[10]},"card_choices":[{"not_picked":["Bane","Sucker Punch"],"picked":"Dagger Throw","floor":1.0},{"not_picked":["Dagger Throw","Poisoned Stab"],"picked":"Expertise","floor":3},{"not_picked":["Dagger Spray","Masterful Stab"],"picked":"Backstab","floor":4},{"not_picked":["Calculated Gamble","Dagger Spray"],"picked":"Deadly Poison","floor":6}],"player_experience":1096074,"relics_obtained":[{"floor":5,"key":"Eternal Feather"},{"floor":6,"key":"The Specimen"}],"event_choices":[{"damage_healed":0,"gold_gain":0,"player_choice":"1 cards matched","damage_taken":0,"max_hp_gain":0,"max_hp_loss":0,"event_name":"Match and Keep!","floor":2,"gold_loss":0,"cards_obtained":["Grand Finale"]}],"is_beta":false,"boss_relics":[],"items_purged_floors":[],"is_endless":false,"potions_floor_spawned":[3,6],"killed_by":"Gremlin Nob","ascension_level":20}}