{"host":"3p4eynvdmgjf7qvn","time":1613729164,"event":{"mods":["Aspiration","BaseMod","Better Note","Better Skull","Colored Map","Colored Powertips","Downfall","Hermit","Hubris","Minty Spire (QoL Compilation)","Relic Stats","Robot Space Explorer","StSLib","The Bug Knight","The Disciple","The Forsaken","The Hierophant","The Jungle","The Marked","The Necromancer","TheBandit"],"gold_per_floor":[109,119,119,44,61,61,91,91,91,91,101,134,161,161,161,256,256,256,269,269,286,118,148,165,165,165,165,165,8,19,45,45,146,146,160,160,175,29,97,97,116,132,132,158,158,190,190,215,215,215,215,215,4,33,33,33,33],"floor_reached":55,"language":"ENG","playtime":5669,"items_purged":["Injury","hubris:Gluttony"],"score":851,"play_id":"d00cad4e-df64-48ef-bb64-1ccafc55bfec","local_time":"20210219110604","is_ascension_mode":false,"campfire_choices":[{"data":"wariomod:ChargeForth","floor":6,"key":"SMITH"},{"floor":8,"key":"RECALL"},{"data":"wariomod:Step","floor":10,"key":"SMITH"},{"data":"wariomod:RacingSpeed","floor":15,"key":"SMITH"},{"floor":25,"key":"REST"},{"data":"wariomod:ChargeForth","floor":28,"key":"SMITH"},{"floor":32,"key":"REST"},{"data":"wariomod:GoAgain","floor":40,"key":"SMITH"},{"data":"wariomod:Enshrine","floor":45,"key":"SMITH"},{"floor":47,"key":"REST"},{"data":"wariomod:GoAgain","floor":49,"key":"SMITH"},{"data":"wariomod:TrekTime","floor":52,"key":"SMITH"}],"circlet_count":0,"master_deck":["wariomod:Step+1","wariomod:Leap+1","wariomod:SmallSprint+1","wariomod:RacingSpeed+1","wariomod:ChargeForth+1","wariomod:SmallSprint+1","wariomod:Smackflip+1","wariomod:Game+1","wariomod:ChargeForth+1","wariomod:ShipSmash+1","wariomod:Leapslam+1","Conserve Battery+1","wariomod:SmallSprint+1","wariomod:NullJump+1","wariomod:SmallSprint+1","wariomod:WhirlwindBurst+1","wariomod:RacingSpeed+1","wariomod:Leapslam+1","wariomod:GoAgain+1","wariomod:KeyFinisher","wariomod:Goblast+1","wariomod:DropBash+1","wariomod:GreaterGuard","wariomod:Immortalize","wariomod:DisarmingMoves","wariomod:WhirlwindBurst","wariomod:Boomsmack+1","wariomod:Game+1","wariomod:GoAgain+1","wariomod:TrekTime+1","wariomod:TheGrandJourney","wariomod:Enshrine+1","wariomod:VeryLongJump+1","wariomod:RacingSpeed","wariomod:DoubleDash+1","wariomod:SmallSprint+1"],"relics":["wariomod:SuperHat","aspiration:DSix","Molten Egg 2","Blood Vial","War Paint","Pear","StoneCalendar","Ancient Tea Set","DollysMirror","theForsaken:Gavel","Pandora\u0027s Box","Whetstone","Orichalcum","hubris:ToyBattleship","Pantograph","Anchor","Bag of Marbles","Membership Card","theForsaken:HumbleEgg"],"acts_visited":["Exordium","TheCity","TheBeyond","TheEnding"],"potions_floor_usage":[7,16,18,23,31,35,46,50,54,55],"damage_taken":[{"damage":0,"enemies":"2 Louse","floor":1,"turns":2},{"damage":4,"enemies":"Jaw Worm","floor":2,"turns":3},{"damage":0,"enemies":"Small Slimes","floor":5,"turns":3},{"damage":0,"enemies":"Gremlin Nob","floor":7,"turns":3},{"damage":0,"enemies":"Exordium Thugs","floor":11,"turns":4},{"damage":8,"enemies":"3 Sentries","floor":12,"turns":5},{"damage":26,"enemies":"The Guardian","floor":16,"turns":10},{"damage":0,"enemies":"2 Thieves","floor":18,"turns":1},{"damage":3,"enemies":"Chosen","floor":19,"turns":4},{"damage":29,"enemies":"Snake Plant","floor":21,"turns":4},{"damage":31,"enemies":"Slavers","floor":23,"turns":3},{"damage":4,"enemies":"Centurion and Healer","floor":24,"turns":4},{"damage":14,"enemies":"Shelled Parasite and Fungi","floor":30,"turns":5},{"damage":17,"enemies":"Gremlin Leader","floor":31,"turns":4},{"damage":22,"enemies":"hubris:MusketHawk","floor":33,"turns":7},{"damage":26,"enemies":"3 Darklings","floor":35,"turns":4},{"damage":4,"enemies":"Orb Walker","floor":37,"turns":2},{"damage":3,"enemies":"4 Shapes","floor":41,"turns":2},{"damage":0,"enemies":"Sphere and 2 Shapes","floor":42,"turns":2},{"damage":0,"enemies":"Reptomancer","floor":44,"turns":3},{"damage":33,"enemies":"Nemesis","floor":46,"turns":5},{"damage":2,"enemies":"Reptomancer","floor":48,"turns":3},{"damage":27,"enemies":"Time Eater","floor":50,"turns":7},{"damage":48,"enemies":"Shield and Spear","floor":54,"turns":4},{"damage":69,"enemies":"The Heart","floor":55,"turns":3}],"seed_played":"5441593888396665697","potions_obtained":[{"floor":5,"key":"PowerPotion"},{"floor":7,"key":"SmokeBomb"},{"floor":11,"key":"Weak Potion"},{"floor":21,"key":"Weak Potion"},{"floor":24,"key":"DistilledChaos"},{"floor":33,"key":"Weak Potion"},{"floor":41,"key":"SkillPotion"},{"floor":46,"key":"AttackPotion"},{"floor":48,"key":"FearPotion"},{"floor":54,"key":"CultistPotion"}],"is_trial":false,"path_per_floor":["M","M","?","$","M","R","E","R","T","R","M","E","T","?","R","B",null,"M","M","?","M","$","E","M","R","T","T","R","$","M","E","R","B",null,"M","?","M","$","T","R","M","M","T","E","R","E","R","E","R","B",null,"R","$","E","B"],"character_chosen":"THE_BANDIT","items_purchased":["wariomod:NullJump+1","DollysMirror","Whetstone","Membership Card","wariomod:RacingSpeed","wariomod:DoubleDash+1"],"campfire_rested":3,"item_purchase_floors":[22,29,38,53,53,53],"current_hp_per_floor":[80,76,76,76,76,76,76,76,76,76,78,72,72,72,72,48,80,80,77,77,50,50,31,29,56,56,56,56,56,44,29,56,36,90,64,64,62,62,62,62,61,63,63,65,65,34,61,61,61,61,90,90,90,42,0,0,0],"gold":33,"neow_bonus":"DSIX","is_daily":false,"chose_seed":false,"campfire_upgraded":8,"win_rate":0.0,"timestamp":1613729164,"path_taken":["M","M","?","$","M","R","E","R","T","R","M","E","?","?","R","BOSS","M","M","?","M","$","E","M","R","T","?","R","$","M","E","R","BOSS","M","?","M","$","?","R","?","?","T","E","R","E","R","E","R","BOSS","R","$","E","BOSS"],"items_purchased_type":["Card","Relic","Relic","Relic","Card","Card"],"build_version":"2020-12-22","purchased_purges":2,"victory":false,"max_hp_per_floor":[80,80,80,80,80,80,80,80,80,80,80,80,80,80,80,80,80,80,80,80,80,80,90,90,90,90,90,90,90,90,90,90,90,90,90,90,90,90,90,90,90,90,90,90,90,90,90,90,90,90,90,90,90,90,90,90,90],"relic_stats":{"Blood Vial":34,"counters":[25,96],"Pantograph":50,"StoneCalendar":[0],"Pandora\u0027s Box":["wariomod:KeyFinisher","wariomod:Goblast","wariomod:DropBash","wariomod:GreaterGuard","wariomod:Immortalize","wariomod:DisarmingMoves","wariomod:WhirlwindBurst","wariomod:Boomsmack"],"Whetstone":["wariomod:Leap","wariomod:SmallSprint"],"War Paint":["wariomod:Defend","wariomod:Defend"],"Orichalcum":[12],"obtain_stats":[{"Pear":23,"wariomod:TheHat":0,"StoneCalendar":26,"Whetstone":38,"War Paint":12,"Orichalcum":39,"Ancient Tea Set":27,"theForsaken:Gavel":31,"Blood Vial":7,"theForsaken:HumbleEgg":54,"Anchor":46,"wariomod:SuperHat":17,"DollysMirror":29,"Pantograph":44,"Molten Egg 2":3,"Pandora\u0027s Box":34,"hubris:ToyBattleship":43,"Bag of Marbles":48,"Membership Card":53,"aspiration:DSix":0},{"Pear":11,"wariomod:TheHat":0,"StoneCalendar":12,"Whetstone":17,"War Paint":6,"Orichalcum":17,"Ancient Tea Set":12,"theForsaken:Gavel":14,"Blood Vial":4,"theForsaken:HumbleEgg":24,"Anchor":21,"wariomod:SuperHat":7,"DollysMirror":12,"Pantograph":20,"Molten Egg 2":2,"Pandora\u0027s Box":15,"hubris:ToyBattleship":19,"Bag of Marbles":22,"Membership Card":23,"aspiration:DSix":0},{"Pear":42,"wariomod:TheHat":0,"StoneCalendar":46,"Whetstone":67,"War Paint":20,"Orichalcum":67,"Ancient Tea Set":46,"theForsaken:Gavel":54,"Blood Vial":11,"theForsaken:HumbleEgg":93,"Anchor":79,"wariomod:SuperHat":30,"DollysMirror":46,"Pantograph":74,"Molten Egg 2":5,"Pandora\u0027s Box":61,"hubris:ToyBattleship":71,"Bag of Marbles":82,"Membership Card":89,"aspiration:DSix":0}]},"card_choices":[{"not_picked":["wariomod:BodyBlock","wariomod:DisarmingMoves"],"picked":"wariomod:SmallSprint","floor":1},{"not_picked":["wariomod:SpaceSwap","wariomod:Hopshield"],"picked":"wariomod:RacingSpeed","floor":2},{"not_picked":["wariomod:BoomBoom","wariomod:AwfulLook+1"],"picked":"wariomod:ChargeForth","floor":5},{"not_picked":["wariomod:Boomsmack+1","wariomod:EmptyMind"],"picked":"wariomod:SmallSprint+1","floor":7},{"not_picked":["wariomod:Boomsmack+1","wariomod:ThatsNotAll+1"],"picked":"wariomod:Smackflip+1","floor":11},{"not_picked":["wariomod:HappyHit+1","wariomod:Leapslam+1"],"picked":"wariomod:Game+1","floor":12},{"not_picked":["wariomod:PoisonBombs","wariomod:AbandonGame"],"picked":"wariomod:ShipSmash+1","floor":16},{"not_picked":["wariomod:EmptyMind","wariomod:SmallSprint+1"],"picked":"wariomod:Leapslam+1","floor":19},{"not_picked":["wariomod:Smackflip+1","wariomod:SimpleShield"],"picked":"wariomod:SmallSprint+1","floor":21},{"not_picked":["wariomod:SilenceBombs","wariomod:Boomsmack+1"],"picked":"wariomod:SmallSprint+1","floor":23},{"not_picked":["wariomod:TrekTime","wariomod:SpikeSlash+1"],"picked":"wariomod:WhirlwindBurst+1","floor":24},{"not_picked":["wariomod:Bomblaster","wariomod:SpikeSlash+1"],"picked":"wariomod:Leapslam+1","floor":30},{"not_picked":["wariomod:SimpleShield+1","wariomod:GreaterGuard","wariomod:BoomBoom"],"picked":"SKIP","floor":31},{"not_picked":["wariomod:MassiveParty","wariomod:EnergizedBombs"],"picked":"wariomod:GoAgain","floor":33},{"not_picked":["wariomod:Goblast+1","wariomod:Leapslam+1"],"picked":"wariomod:Game+1","floor":35},{"not_picked":["wariomod:ChargeForth","wariomod:DanceDash+1"],"picked":"wariomod:TrekTime","floor":37},{"not_picked":["wariomod:WhirlwindBurst+1","wariomod:BoomBoom+1","wariomod:BlastDash+1"],"picked":"SKIP","floor":41},{"not_picked":["wariomod:Purify","wariomod:TreasureDig"],"picked":"wariomod:TheGrandJourney","floor":42},{"not_picked":["wariomod:Hopshield","wariomod:DisarmingMoves+1"],"picked":"wariomod:Enshrine","floor":44},{"not_picked":["wariomod:Bombshield","wariomod:ChargeForth","wariomod:Bomblaster"],"picked":"SKIP","floor":46},{"not_picked":["wariomod:ChargeForth+1","wariomod:DisarmingMoves"],"picked":"wariomod:VeryLongJump+1","floor":48},{"not_picked":["wariomod:Game+1","wariomod:DisarmingMoves+1"],"picked":"wariomod:SmallSprint+1","floor":54}],"player_experience":292005,"relics_obtained":[{"floor":7,"key":"Blood Vial"},{"floor":12,"key":"War Paint"},{"floor":23,"key":"Pear"},{"floor":26,"key":"StoneCalendar"},{"floor":27,"key":"Ancient Tea Set"},{"floor":31,"key":"theForsaken:Gavel"},{"floor":39,"key":"Orichalcum"},{"floor":43,"key":"hubris:ToyBattleship"},{"floor":44,"key":"Pantograph"},{"floor":46,"key":"Anchor"},{"floor":48,"key":"Bag of Marbles"},{"floor":54,"key":"theForsaken:HumbleEgg"}],"event_choices":[{"damage_healed":0,"gold_gain":0,"player_choice":"2 cards matched","damage_taken":0,"max_hp_gain":0,"max_hp_loss":0,"event_name":"Match and Keep!","floor":14,"gold_loss":0,"cards_obtained":["hubris:Gluttony","wariomod:ChargeForth"]},{"damage_healed":0,"gold_gain":0,"player_choice":"2 cards matched","damage_taken":0,"max_hp_gain":0,"max_hp_loss":0,"event_name":"Match and Keep!","floor":14,"gold_loss":0,"cards_obtained":["hubris:Gluttony","wariomod:ChargeForth"]},{"cards_removed":["wariomod:ShipSmash"],"damage_healed":0,"gold_gain":0,"player_choice":"Take \u0026 Give","damage_taken":0,"max_hp_gain":0,"max_hp_loss":0,"event_name":"betterNote:BetterNote","floor":20,"gold_loss":0,"cards_obtained":["Conserve Battery"]},{"damage_healed":0,"gold_gain":0,"player_choice":"Copied","damage_taken":0,"max_hp_gain":0,"max_hp_loss":0,"event_name":"Duplicator","floor":36,"gold_loss":0,"cards_obtained":["wariomod:GoAgain"]}],"is_beta":false,"boss_relics":[{"not_picked":["aspiration:FutureDiary","aspiration:RunicSpoon"],"picked":"wariomod:SuperHat"},{"not_picked":["aspiration:DefectSkillbook","aspiration:IroncladSkillbook"],"picked":"Pandora\u0027s Box"}],"items_purged_floors":[4,22],"is_endless":false,"potions_floor_spawned":[5,7,11,21,24,33,41,46,48,54],"killed_by":"The Heart","ascension_level":0}}