{"host":"o5jvvi5yapo90aia","time":1613732165,"event":{"mods":["BaseMod","CapriCore","Minty Spire (QoL Compilation)","MostiFishMod","Prisma Mod","Spicy Shops","StSLib","TestMod","The Immortal","Yakumo Yukari mod","【人物mod】游戏王New YuGiOh mod","【功能Mod】Neow奖励"],"gold_per_floor":[113,113,128,128,128,159,159,190,215,248,266,282,45,59,59,133,133,143,193,210,224,242,276,294,328,328,328,328,353,353,370,370,444,444,459,472,136,136,154,183,202,234,234,268,668,668,699,723,723,728,733,733,733,5,40,45],"floor_reached":57,"language":"ZHS","playtime":2275,"items_purged":["Strike_B+1"],"score":3979,"play_id":"d419ea55-e8ae-44bf-aeb1-559ff6336016","local_time":"20210219185605","is_ascension_mode":true,"campfire_choices":[{"data":"Defend_B","floor":7,"key":"PURGE"},{"data":"Strike_B+1","floor":15,"key":"PURGE"},{"data":"Defend_B","floor":30,"key":"PURGE"},{"floor":32,"key":"RECALL"},{"data":"Defend_B","floor":46,"key":"PURGE"},{"data":"Defend_B+1","floor":49,"key":"PURGE"},{"data":"Dualcast+1","floor":53,"key":"PURGE"}],"circlet_count":0,"master_deck":["AscendersBane","Zap+1","Heatsinks+1","Doom and Gloom+1","MostiFishMod:GatherIntelligence+1","Coolheaded+1","Turbo+1","MostiFishMod:ActiveDefenseSystem+1","Glacier+1","Recycle+1","Electrodynamics+1","MostiFishMod:ReadyAimFire+1","White Noise+1","Reinforced Body+1","MostiFishMod:ForestofLight+1"],"relics":["testmod-TestBox","testmod-EnergyCheck","EGODaCapo","testmod-BloodSacrificeSpiritualization","SynthV:TestCard","Whetstone","Oddly Smooth Stone","HornCleat","MostiFishMod:AdaptiveDefenses","HereWithMe","Matryoshka","Smiling Mask","Singing Bowl","PreservedInsect","Juzu Bracelet","testmod-Justice","Art of War","testmod-GoldenSoul","SynthV","testmod-BouquetWithThorns","StrikeDummy","testmod-LifeArmor","Ornamental Fan","testmod-Antiphasic","Meat on the Bone","Bronze Scales","ChiLing","Chi","Ling","Vajra"],"acts_visited":["Exordium","TheCity","TheBeyond","TheEnding"],"potions_floor_usage":[48,56,56,56],"damage_taken":[{"damage":7.0,"enemies":"2 Louse","floor":1.0,"turns":2.0},{"damage":7.0,"enemies":"Small Slimes","floor":3.0,"turns":2.0},{"damage":7,"enemies":"Lagavulin","floor":6,"turns":4},{"damage":7,"enemies":"Gremlin Nob","floor":8,"turns":3},{"damage":7,"enemies":"3 Sentries","floor":10,"turns":5},{"damage":7,"enemies":"Jaw Worm","floor":11,"turns":2},{"damage":7,"enemies":"3 Louse","floor":12,"turns":1},{"damage":7,"enemies":"2 Fungi Beasts","floor":14,"turns":3},{"damage":7,"enemies":"The Guardian","floor":16,"turns":7},{"damage":7,"enemies":"Chosen","floor":18,"turns":4},{"damage":7,"enemies":"Spheric Guardian","floor":20,"turns":6},{"damage":7,"enemies":"Snake Plant","floor":21,"turns":4},{"damage":7,"enemies":"Centurion and Healer","floor":22,"turns":7},{"damage":7,"enemies":"Gremlin Leader","floor":23,"turns":9},{"damage":7,"enemies":"Cultist and Chosen","floor":24,"turns":7},{"damage":7,"enemies":"Slavers","floor":25,"turns":3},{"damage":7,"enemies":"Book of Stabbing","floor":29,"turns":4},{"damage":7,"enemies":"Snecko","floor":31,"turns":4},{"damage":7,"enemies":"Champ","floor":33,"turns":12},{"damage":1,"enemies":"Orb Walker","floor":35,"turns":2},{"damage":2,"enemies":"3 Darklings","floor":36,"turns":2},{"damage":0,"enemies":"Writhing Mass","floor":39,"turns":4},{"damage":2,"enemies":"Reptomancer","floor":40,"turns":2},{"damage":2,"enemies":"Spire Growth","floor":41,"turns":2},{"damage":2,"enemies":"Giant Head","floor":42,"turns":7},{"damage":2,"enemies":"Nemesis","floor":44,"turns":5},{"damage":2,"enemies":"Reptomancer","floor":47,"turns":3},{"damage":3,"enemies":"Maw","floor":48,"turns":3},{"damage":3,"enemies":"Time Eater","floor":50,"turns":1},{"damage":3,"enemies":"Awakened One","floor":51,"turns":7},{"damage":4,"enemies":"Shield and Spear","floor":55,"turns":1},{"damage":5,"enemies":"The Heart","floor":56,"turns":5}],"seed_played":"5404719398062086254","potions_obtained":[{"floor":3.0,"key":"Energy Potion"},{"floor":10,"key":"Weak Potion"},{"floor":16,"key":"DuplicationPotion"},{"floor":20,"key":"testmod-TestPotion"},{"floor":48,"key":"testmod-SpacePotion"}],"is_trial":false,"path_per_floor":["M","?","M","?","?","E","R","E","T","E","M","M","$","M","R","B",null,"M","?","M","M","M","E","M","E","T","?","T","E","R","M","R","B",null,"M","M","$","?","M","E","M","E","T","E","?","R","E","M","R","B","B",null,"R","$","E","B",null],"character_chosen":"DEFECT","items_purchased":["MostiFishMod:AdaptiveDefenses","SynthV","testmod-BouquetWithThorns","MostiFishMod:ForestofLight","Bronze Scales","PanachePotion","ChiLing"],"campfire_rested":0,"item_purchase_floors":[13,37,37,54,54,54,54],"current_hp_per_floor":[58,58,52,52,45,39,39,33,33,27,21,15,15,23,23,32,61,66,66,66,66,66,66,66,66,66,66,66,68,68,70,70,70,18,20,22,22,21,23,25,27,27,27,27,27,27,27,26,26,25,24,29,29,29,29,26],"gold":45,"neow_bonus":"BOSS_RELIC","is_daily":false,"chose_seed":false,"campfire_upgraded":0,"win_rate":0.0,"timestamp":1613732165,"path_taken":["M","?","M","?","?","E","R","E","T","E","M","M","$","?","R","BOSS","M","?","M","M","M","E","M","E","T","?","?","E","R","M","R","BOSS","M","M","$","?","M","E","M","E","T","E","?","R","E","M","R","BOSS","BOSS","R","$","E","BOSS"],"items_purchased_type":["Relic","Relic","Relic","Card","Relic","Potion","Relic"],"build_version":"2020-12-22","purchased_purges":1,"victory":true,"max_hp_per_floor":[71,71,71,71,71,71,71,71,71,71,71,71,71,71,71,71,71,71,71,71,71,71,71,71,71,71,71,71,73,73,75,75,75,18,20,22,22,21,23,25,27,27,27,27,27,27,29,31,31,31,31,31,31,31,33,33],"card_choices":[{"not_picked":["Sweeping Beam","MostiFishMod:Impulse"],"picked":"Heatsinks","floor":1.0},{"not_picked":["Blizzard","Stack","Steam","Conserve Battery","Go for the Eyes"],"picked":"SKIP","floor":3.0},{"not_picked":["Fusion","Multi-Cast","Beam Cell","Double Energy"],"picked":"MostiFishMod:GatherIntelligence","floor":4},{"not_picked":["Storm","Conserve Battery","MostiFishMod:PushDownKick","MostiFishMod:ReprogramOld"],"picked":"Coolheaded","floor":4},{"not_picked":["Rebound","Reprogram","Ball Lightning","MostiFishMod:Impulse","Chaos"],"picked":"SKIP","floor":6},{"not_picked":["Coolheaded","Glacier","Steam Power","MostiFishMod:IceShield","Streamline"],"picked":"SKIP","floor":8},{"not_picked":["MostiFishMod:Impulse","Gash","Turbo","Hologram","Amplify"],"picked":"SKIP","floor":10},{"not_picked":["MostiFishMod:Impulse","Gash","Hologram","Amplify"],"picked":"Turbo","floor":10},{"not_picked":["Hologram","Streamline","Ball Lightning","Steam","Rebound"],"picked":"SKIP","floor":11},{"not_picked":["Coolheaded","Leap","Darkness","Steam","Capacitor"],"picked":"SKIP","floor":12},{"not_picked":["Beam Cell","Barrage","Redo","Tempest","Turbo"],"picked":"SKIP","floor":14},{"not_picked":["All For One","Reboot","MostiFishMod:Exploitation","Hyperbeam"],"picked":"MostiFishMod:ActiveDefenseSystem","floor":16},{"not_picked":["Sweeping Beam","Go for the Eyes","Steam+1","Storm","Melter"],"picked":"SKIP","floor":18},{"not_picked":["Steam","Barrage","Gash","Streamline"],"picked":"Glacier","floor":20},{"not_picked":["MostiFishMod:PushDownKick","Rip and Tear+1","Darkness","Chill","Compile Driver"],"picked":"SKIP","floor":21},{"not_picked":["Hello World+1","MostiFishMod:FluxCapactior","Streamline","Undo","FTL"],"picked":"SKIP","floor":22},{"not_picked":["MostiFishMod:Exploitation","Turbo","Cold Snap","Coolheaded"],"picked":"Recycle","floor":23},{"not_picked":["Sweeping Beam","Self Repair","Ball Lightning","Cold Snap"],"picked":"Electrodynamics","floor":24},{"not_picked":["Capacitor","Thunder Strike","Cold Snap","Auto Shields","Hologram"],"picked":"SKIP","floor":25},{"not_picked":["MostiFishMod:Impulse","Beam Cell","Cold Snap","Heatsinks","Stack"],"picked":"Singing Bowl","floor":29},{"not_picked":["Cold Snap","Compile Driver","Beam Cell","Rebound","Gash"],"picked":"Singing Bowl","floor":31},{"not_picked":["MostiFishMod:StarOceanB","Thunder Strike","All For One","MostiFishMod:ActiveDefenseSystem"],"picked":"MostiFishMod:ReadyAimFire","floor":33},{"not_picked":["Auto Shields","Conserve Battery","Capacitor","Rebound","Consume"],"picked":"Singing Bowl","floor":35},{"not_picked":["Redo+1","White Noise","Barrage","Sweeping Beam+1","Force Field"],"picked":"Singing Bowl","floor":36},{"not_picked":["Coolheaded","Redo","Chaos","Rebound","Echo Form"],"picked":"Singing Bowl","floor":39},{"not_picked":["Leap","Hologram+1","Aggregate","Auto Shields+1","Electrodynamics"],"picked":"Singing Bowl","floor":40},{"not_picked":["MostiFishMod:Impulse","Cold Snap","Conserve Battery","MostiFishMod:IceShield","Streamline+1"],"picked":"Singing Bowl","floor":41},{"not_picked":["Ball Lightning","Rip and Tear","MostiFishMod:ReprogramOld","Loop+1"],"picked":"White Noise","floor":42},{"not_picked":["Sunder","Compile Driver","Blizzard","MostiFishMod:IceShield"],"picked":"Reinforced Body+1","floor":44},{"not_picked":["MostiFishMod:LinkProtocol","Barrage","Gash","Reprogram","Chill"],"picked":"Singing Bowl","floor":47},{"not_picked":["Melter","Consume","Stack","Glacier","Hologram+1"],"picked":"Singing Bowl","floor":48},{"not_picked":["MostiFishMod:ActiveDefenseSystem","Turbo","Redo","Rebound","Aggregate"],"picked":"Singing Bowl","floor":55}],"player_experience":1578743,"relics_obtained":[{"floor":1.0,"key":"SynthV:TestCard"},{"floor":6,"key":"Whetstone"},{"floor":8,"key":"Oddly Smooth Stone"},{"floor":10,"key":"HornCleat"},{"floor":23,"key":"Matryoshka"},{"floor":25,"key":"Smiling Mask"},{"floor":26,"key":"Singing Bowl"},{"floor":26,"key":"PreservedInsect"},{"floor":28,"key":"Juzu Bracelet"},{"floor":28,"key":"testmod-Justice"},{"floor":29,"key":"Art of War"},{"floor":40,"key":"StrikeDummy"},{"floor":42,"key":"testmod-LifeArmor"},{"floor":43,"key":"Ornamental Fan"},{"floor":44,"key":"testmod-Antiphasic"},{"floor":47,"key":"Meat on the Bone"},{"floor":55,"key":"Vajra"}],"event_choices":[{"damage_healed":0.0,"max_hp_gain":0.0,"max_hp_loss":0.0,"gold_gain":0.0,"cards_transformed":["Strike_B"],"event_name":"Living Wall","player_choice":"Change","floor":2.0,"gold_loss":0.0,"damage_taken":0.0,"cards_obtained":["Doom and Gloom"]},{"damage_healed":0,"gold_gain":0,"player_choice":"Swap Relic","damage_taken":0,"relics_obtained":["Orrery"],"max_hp_gain":0,"max_hp_loss":0,"event_name":"给自己的盒子","floor":4,"relics_lost":["Orrery"],"gold_loss":0},{"cards_removed":["Strike_B"],"damage_healed":0,"gold_gain":0,"player_choice":"Card Removal","damage_taken":7,"max_hp_gain":0,"max_hp_loss":0,"event_name":"Golden Wing","floor":5,"gold_loss":0},{"damage_healed":0,"gold_gain":50,"player_choice":"Stole From Cult","damage_taken":0,"max_hp_gain":0,"max_hp_loss":0,"event_name":"Nest","floor":19,"gold_loss":0},{"damage_healed":0,"gold_gain":0,"player_choice":"Ignored","damage_taken":0,"max_hp_gain":0,"max_hp_loss":0,"event_name":"Ghosts","floor":27,"gold_loss":0},{"damage_healed":0,"gold_gain":0,"player_choice":"Max HP","damage_taken":0,"max_hp_gain":0,"max_hp_loss":1,"event_name":"Winding Halls","floor":38,"gold_loss":0},{"damage_healed":0,"gold_gain":400,"player_choice":"Sell","damage_taken":0,"max_hp_gain":0,"max_hp_loss":0,"event_name":"恩洛斯的盘子","floor":45,"relics_lost":["DaveBox"],"gold_loss":0}],"is_beta":false,"boss_relics":[{"not_picked":["testmod-KeyOfTheVoid","testmod-Nine"],"picked":"HereWithMe"},{"not_picked":["testmod-CardMagician","PatriotShield"],"picked":"testmod-GoldenSoul"}],"items_purged_floors":[13],"is_endless":false,"potions_floor_spawned":[3,10,11,16,20,23,29,31,39,40,42,48],"ascension_level":20}}