{"host":"prxrhpgaxnj4om9r","time":1613727223,"event":{"mods":["AchievementEnabler","BaseMod","Colored Map","DeckTracker","Minty Spire (QoL Compilation)"],"gold_per_floor":[119,180,197,197,216,216,236,236,236],"floor_reached":8,"language":"KOR","playtime":332,"items_purged":[],"score":48,"play_id":"9fcc5b10-0feb-45f0-8cbb-e06f689ce0bf","local_time":"20210219183343","is_ascension_mode":false,"campfire_choices":[{"data":"Eruption","floor":6,"key":"SMITH"}],"circlet_count":0,"master_deck":["Strike_P","Strike_P","Strike_P","Strike_P","Defend_P","Defend_P","Defend_P","Eruption+1","Vigilance","SandsOfTime","InnerPeace","CrushJoints","Omniscience"],"relics":["PureWater"],"acts_visited":["Exordium"],"potions_floor_usage":[7],"damage_taken":[{"damage":3,"enemies":"Jaw Worm","floor":1,"turns":2},{"damage":12,"enemies":"Cultist","floor":3,"turns":3},{"damage":16,"enemies":"Small Slimes","floor":5,"turns":2},{"damage":27,"enemies":"Exordium Thugs","floor":7,"turns":3},{"damage":22,"enemies":"3 Sentries","floor":8,"turns":4}],"seed_played":"-4784941978437006541","potions_obtained":[{"floor":5,"key":"EssenceOfSteel"}],"is_trial":false,"path_per_floor":["M","?","M","?","M","R","M","E"],"character_chosen":"WATCHER","items_purchased":[],"campfire_rested":0,"item_purchase_floors":[],"current_hp_per_floor":[76,76,64,64,48,48,21,0,0],"gold":236,"neow_bonus":"TEN_PERCENT_HP_BONUS","is_daily":false,"chose_seed":false,"campfire_upgraded":1,"win_rate":0.0,"timestamp":1613727223,"path_taken":["M","?","M","?","M","R","M","E"],"items_purchased_type":[],"build_version":"2020-12-22","purchased_purges":0,"victory":false,"max_hp_per_floor":[79,79,79,79,79,79,79,79,79],"card_choices":[{"not_picked":["Consecrate","Fasting2"],"picked":"SandsOfTime","floor":1},{"not_picked":["SashWhip","Evaluate"],"picked":"InnerPeace","floor":3},{"not_picked":["ThirdEye","Study"],"picked":"CrushJoints","floor":5},{"not_picked":["EmptyFist","CrushJoints"],"picked":"Omniscience","floor":7}],"player_experience":533302,"relics_obtained":[],"event_choices":[{"damage_healed":0,"gold_gain":61,"player_choice":"Gained Gold","damage_taken":0,"max_hp_gain":0,"max_hp_loss":0,"event_name":"Golden Wing","floor":2,"gold_loss":0},{"cards_removed":["Defend_P"],"damage_healed":0,"gold_gain":0,"player_choice":"Purged","damage_taken":0,"max_hp_gain":0,"max_hp_loss":0,"event_name":"Purifier","floor":4,"gold_loss":0}],"is_beta":false,"boss_relics":[],"items_purged_floors":[],"is_endless":false,"potions_floor_spawned":[5],"killed_by":"3 Sentries","ascension_level":0}}