{"host":"0pyv9je0pz1gg9m7","time":1613757923,"event":{"mods":["AchievementEnabler","BaseMod","Colored Map","DeckTracker","Minty Spire (QoL Compilation)","Permanent Neow","StSLib","SuperFastMode","everything is the same but u backflip on backflip"],"gold_per_floor":[13,30,30,53,53,53,68,68,68,84,98,133,58,83,83,179,179,198,198,123,123,136,180,95,95,95,42,57,2,2,36,36,36,36],"floor_reached":33,"language":"KOR","playtime":1087,"items_purged":["Defend_G"],"score":570,"play_id":"19419479-7c4c-49de-b9f0-e4be8ed42737","local_time":"20210220030523","is_ascension_mode":true,"campfire_choices":[{"data":"Calculated Gamble","floor":6.0,"key":"SMITH"},{"data":"Cloak And Dagger","floor":15.0,"key":"SMITH"},{"floor":25.0,"key":"REST"},{"data":"Calculated Gamble","floor":30.0,"key":"SMITH"},{"floor":32,"key":"REST"}],"circlet_count":0,"master_deck":["AscendersBane","Strike_G+1","Strike_G+1","Strike_G+1","Defend_G+1","Defend_G+1","Defend_G+1","Defend_G+1","Survivor","Neutralize","Panache","Slice","Calculated Gamble+1","Backstab","Cloak And Dagger+1","Terror","Dodge and Roll","After Image","Backflip","PiercingWail","Calculated Gamble+1","Acrobatics","Tactician"],"relics":["Ring of the Snake","Golden Idol","Bottled Tornado","Ninja Scroll","SlaversCollar","Mummified Hand","FossilizedHelix","Happy Flower"],"acts_visited":["Exordium","TheCity"],"potions_floor_usage":[33],"damage_taken":[{"damage":1.0,"enemies":"Small Slimes","floor":1.0,"turns":4.0},{"damage":19.0,"enemies":"Jaw Worm","floor":2.0,"turns":6.0},{"damage":1.0,"enemies":"2 Louse","floor":4.0,"turns":3.0},{"damage":5.0,"enemies":"Exordium Thugs","floor":7.0,"turns":5.0},{"damage":1.0,"enemies":"Large Slime","floor":10.0,"turns":4.0},{"damage":0.0,"enemies":"Blue Slaver","floor":11.0,"turns":3.0},{"damage":10.0,"enemies":"Lagavulin","floor":12.0,"turns":5.0},{"damage":0.0,"enemies":"3 Louse","floor":14.0,"turns":2.0},{"damage":15.0,"enemies":"Slime Boss","floor":16.0,"turns":9.0},{"damage":11.0,"enemies":"2 Thieves","floor":18.0,"turns":2.0},{"damage":7.0,"enemies":"Shell Parasite","floor":22.0,"turns":3.0},{"damage":14.0,"enemies":"Slavers","floor":23.0,"turns":7.0},{"damage":0.0,"enemies":"Shelled Parasite and Fungi","floor":28.0,"turns":3.0},{"damage":7.0,"enemies":"Book of Stabbing","floor":31.0,"turns":4.0},{"damage":49,"enemies":"Champ","floor":33,"turns":13}],"seed_played":"-7362178815982022186","potions_obtained":[{"floor":1.0,"key":"Regen Potion"},{"floor":8.0,"key":"DistilledChaos"},{"floor":12.0,"key":"SkillPotion"},{"floor":16.0,"key":"Explosive Potion"},{"floor":23.0,"key":"AttackPotion"},{"floor":31,"key":"BlessingOfTheForge"}],"is_trial":false,"path_per_floor":["M","M","?","M","?","R","M","?","T","M","M","E","$","M","R","B",null,"M","?","?","$","M","E","?","R","T","$","M","$","R","E","R","B"],"character_chosen":"THE_SILENT","items_purchased":["PowerPotion","Acrobatics"],"campfire_rested":2,"item_purchase_floors":[27,29],"current_hp_per_floor":[58,39,39,38,31,31,26,26,26,25,25,29,29,29,29,14,49,38,38,38,38,31,17,17,35,35,35,35,35,35,28,46,0,0],"gold":36,"neow_bonus":"RANDOM_COLORLESS_2","is_daily":false,"chose_seed":false,"campfire_upgraded":3,"win_rate":0.0,"timestamp":1613757923,"path_taken":["M","M","?","M","?","R","M","?","T","M","?","E","$","M","R","BOSS","M","?","?","$","M","E","?","R","T","?","M","?","R","E","R","BOSS"],"items_purchased_type":["Potion","Card"],"build_version":"2020-12-22","purchased_purges":1,"victory":false,"max_hp_per_floor":[66,66,60,60,60,60,60,60,60,60,60,60,60,60,60,60,60,60,60,60,60,60,60,60,60,60,60,60,60,60,60,60,60,60],"card_choices":[{"not_picked":["Sadistic Nature","Transmutation"],"picked":"Panache","floor":0.0},{"not_picked":["Underhanded Strike","Sucker Punch"],"picked":"Slice","floor":1.0},{"not_picked":["Noxious Fumes","Deflect"],"picked":"Calculated Gamble","floor":2.0},{"not_picked":["Slice","Outmaneuver"],"picked":"Backstab","floor":4.0},{"not_picked":["Caltrops","Slice"],"picked":"Cloak And Dagger","floor":7.0},{"not_picked":["Slice","Catalyst"],"picked":"Terror","floor":10.0},{"not_picked":["Infinite Blades","All Out Attack","Glass Knife"],"picked":"SKIP","floor":11.0},{"not_picked":["Infinite Blades","Outmaneuver","Flechettes"],"picked":"SKIP","floor":12.0},{"not_picked":["Infinite Blades","Sucker Punch"],"picked":"Dodge and Roll","floor":14.0},{"not_picked":["Malaise","Grand Finale"],"picked":"After Image","floor":16.0},{"not_picked":["Dagger Throw","Dagger Spray","Underhanded Strike"],"picked":"SKIP","floor":18.0},{"not_picked":["Heel Hook","Deflect"],"picked":"Backflip","floor":22.0},{"not_picked":["Quick Slash+1","Crippling Poison"],"picked":"PiercingWail","floor":23.0},{"not_picked":["Acrobatics","Cloak And Dagger"],"picked":"Calculated Gamble","floor":28.0},{"not_picked":["Endless Agony","Distraction"],"picked":"Tactician","floor":31}],"player_experience":455916,"relics_obtained":[{"floor":9.0,"key":"Bottled Tornado"},{"floor":12.0,"key":"Ninja Scroll"},{"floor":23.0,"key":"Mummified Hand"},{"floor":26.0,"key":"Happy Flower"}],"event_choices":[{"damage_healed":0.0,"max_hp_gain":0.0,"max_hp_loss":6.0,"gold_gain":0.0,"event_name":"Golden Idol","player_choice":"Lose Max HP","floor":3.0,"gold_loss":0.0,"damage_taken":0.0,"relics_obtained":["Golden Idol"]},{"cards_removed":["Strike_G"],"damage_healed":0.0,"max_hp_gain":0.0,"max_hp_loss":0.0,"gold_gain":0.0,"event_name":"Golden Wing","player_choice":"Card Removal","floor":5.0,"gold_loss":0.0,"damage_taken":7.0},{"damage_healed":0.0,"max_hp_gain":0.0,"max_hp_loss":0.0,"gold_gain":0.0,"event_name":"Lab","player_choice":"Got Potions","floor":8.0,"gold_loss":0.0,"damage_taken":0.0},{"damage_healed":0.0,"max_hp_gain":0.0,"max_hp_loss":0.0,"gold_gain":0.0,"event_name":"Back to Basics","player_choice":"Simplicity","floor":19.0,"gold_loss":0.0,"damage_taken":0.0,"cards_upgraded":["Strike_G","Strike_G","Strike_G","Strike_G","Defend_G","Defend_G","Defend_G","Defend_G"]},{"cards_removed":["Strike_G"],"damage_healed":0.0,"max_hp_gain":0.0,"max_hp_loss":0.0,"gold_gain":0.0,"event_name":"Beggar","player_choice":"Gave Gold","floor":20.0,"gold_loss":75.0,"damage_taken":0.0},{"damage_healed":0.0,"max_hp_gain":0.0,"max_hp_loss":0.0,"gold_gain":0.0,"event_name":"Addict","player_choice":"Obtained Relic","floor":24.0,"gold_loss":85.0,"damage_taken":0.0,"relics_obtained":["FossilizedHelix"]}],"is_beta":false,"boss_relics":[{"not_picked":["Coffee Dripper","HoveringKite"],"picked":"SlaversCollar"}],"items_purged_floors":[13],"is_endless":false,"potions_floor_spawned":[1,11,12,16,23,31],"killed_by":"Champ","ascension_level":20}}