{"host":"jegehu1t82aiec5j","time":1613737902,"event":{"mods":["BaseMod","Colored Map","Minty Spire (QoL Compilation)","Relic Stats","StSLib"],"gold_per_floor":[114,183,51,62,73,107,119,119,119,147,158,191,215,225,225,302,302,315,329,26,46,46,46,77,77,100,132,57,9,9,9,9,88,88,105,105,20,36,51,51,78,78,152,178,196,196,56,83,83,83],"floor_reached":51,"language":"ENG","playtime":2099,"items_purged":["Strike_G","Strike_G+1","Strike_G+1"],"score":1503,"play_id":"eb3ea0fa-b84c-4559-b40b-67e21b7ec673","local_time":"20210219073142","is_ascension_mode":true,"campfire_choices":[{"data":"Footwork","floor":8,"key":"SMITH"},{"data":"Well Laid Plans","floor":15,"key":"SMITH"},{"floor":23,"key":"REST"},{"data":"Dagger Spray","floor":25,"key":"SMITH"},{"data":"Predator","floor":32,"key":"SMITH"},{"data":"Accuracy","floor":40,"key":"SMITH"},{"data":"Dodge and Roll","floor":42,"key":"SMITH"},{"data":"Backflip","floor":46,"key":"SMITH"},{"data":"Wraith Form v2","floor":49,"key":"SMITH"}],"circlet_count":0,"master_deck":["AscendersBane","Strike_G+1","Defend_G+1","Defend_G+1","Defend_G+1","Defend_G+1","Defend_G+1","Survivor","Neutralize+1","Predator+1","Footwork+1","Blade Dance","Dagger Spray+1","Sucker Punch+1","PiercingWail","Well Laid Plans+1","Dodge and Roll+1","Corpse Explosion","PiercingWail+1","Bouncing Flask+1","Necronomicurse","Dodge and Roll","Blade Dance","Tools of the Trade+1","Accuracy+1","Backflip+1","PiercingWail","Backflip+1","Panacea","Wraith Form v2+1"],"relics":["Ring of the Snake","WarpedTongs","Du-Vu Doll","Mango","Torii","Art of War","Smiling Mask","SlaversCollar","Ornamental Fan","Necronomicon","Vajra","MealTicket","WingedGreaves","Sozu","Whetstone","Mummified Hand","Akabeko","Potion Belt"],"acts_visited":["Exordium","TheCity","TheBeyond"],"potions_floor_usage":[6,12,16,18,27,50],"damage_taken":[{"damage":0,"enemies":"Jaw Worm","floor":1,"turns":5},{"damage":0,"enemies":"Small Slimes","floor":4,"turns":3},{"damage":0,"enemies":"Cultist","floor":5,"turns":3},{"damage":13,"enemies":"Lagavulin","floor":6,"turns":8},{"damage":2,"enemies":"Looter","floor":7,"turns":3},{"damage":26,"enemies":"Gremlin Nob","floor":10,"turns":4},{"damage":1,"enemies":"Red Slaver","floor":11,"turns":3},{"damage":12,"enemies":"Lagavulin","floor":12,"turns":8},{"damage":0,"enemies":"2 Fungi Beasts","floor":14,"turns":3},{"damage":1,"enemies":"The Guardian","floor":16,"turns":15},{"damage":2,"enemies":"Spheric Guardian","floor":18,"turns":5},{"damage":1,"enemies":"Shell Parasite","floor":19,"turns":9},{"damage":15,"enemies":"Shelled Parasite and Fungi","floor":21,"turns":11},{"damage":0,"enemies":"Book of Stabbing","floor":24,"turns":7},{"damage":1,"enemies":"Slavers","floor":27,"turns":3},{"damage":9,"enemies":"Collector","floor":33,"turns":8},{"damage":0,"enemies":"3 Shapes","floor":35,"turns":4},{"damage":0,"enemies":"Orb Walker","floor":38,"turns":3},{"damage":1,"enemies":"Sphere and 2 Shapes","floor":39,"turns":3},{"damage":2,"enemies":"Nemesis","floor":41,"turns":9},{"damage":7,"enemies":"Reptomancer","floor":44,"turns":6},{"damage":0,"enemies":"4 Shapes","floor":45,"turns":4},{"damage":1,"enemies":"Giant Head","floor":48,"turns":7},{"damage":0,"enemies":"Time Eater","floor":50,"turns":10}],"seed_played":"4511546004689606277","potions_obtained":[{"floor":4,"key":"SpeedPotion"},{"floor":5,"key":"BlessingOfTheForge"},{"floor":6,"key":"SpeedPotion"},{"floor":7,"key":"EssenceOfSteel"},{"floor":11,"key":"AttackPotion"},{"floor":14,"key":"SkillPotion"},{"floor":19,"key":"Energy Potion"},{"floor":27,"key":"BlessingOfTheForge"}],"is_trial":false,"path_per_floor":["M","?","$","M","M","E","M","R","T","E","M","E","T","M","R","B",null,"M","M","$","M","?","R","E","R","T","E","?","$","?","?","R","B",null,"M","?","$","M","M","R","E","R","T","E","M","R","$","E","R","B",null],"character_chosen":"THE_SILENT","items_purchased":["Footwork","Blade Dance","Ornamental Fan","Blade Dance","Accuracy","Panacea"],"campfire_rested":1,"item_purchase_floors":[3,3,20,29,37,47],"current_hp_per_floor":[65,65,65,65,65,52,50,50,64,38,37,25,25,25,25,24,71,69,68,68,53,32,57,57,57,57,56,56,71,71,71,71,62,80,80,80,86,86,85,85,83,83,83,76,76,76,86,85,85,85],"gold":83,"neow_bonus":"TEN_PERCENT_HP_BONUS","is_daily":false,"chose_seed":false,"campfire_upgraded":8,"win_rate":0.0,"timestamp":1613737902,"path_taken":["M","?","$","M","M","E","M","R","T","E","M","E","?","M","R","BOSS","M","M","$","M","?","R","E","R","T","E","?","$","?","?","R","BOSS","M","?","$","M","?","R","E","R","T","E","M","R","$","E","R","BOSS"],"items_purchased_type":["Card","Card","Relic","Card","Card","Card"],"build_version":"2020-12-22","purchased_purges":3,"victory":true,"max_hp_per_floor":[72,72,72,72,72,72,72,72,86,86,86,86,86,86,86,86,86,86,86,86,86,86,86,86,86,86,86,86,86,86,86,86,86,86,86,86,86,86,86,86,86,86,86,86,86,86,86,86,86,86],"relic_stats":{"Torii":19,"counters":[24,144],"Whetstone":["Sucker Punch","Neutralize"],"Smiling Mask":150,"WarpedTongs":[132],"Sozu":4,"Ornamental Fan":[156],"Mummified Hand":[15],"MealTicket":31,"Art of War":[15],"Necronomicon":[13],"obtain_stats":[{"Potion Belt":48,"Torii":10,"Vajra":24,"Mango":9,"Whetstone":41,"Smiling Mask":13,"Akabeko":44,"WarpedTongs":1,"Du-Vu Doll":6,"Sozu":34,"SlaversCollar":17,"Ornamental Fan":20,"Mummified Hand":43,"MealTicket":26,"WingedGreaves":27,"Art of War":12,"Necronomicon":22,"Ring of the Snake":0},{"Potion Belt":23,"Torii":6,"Vajra":14,"Mango":5,"Whetstone":20,"Smiling Mask":8,"Akabeko":21,"WarpedTongs":1,"Du-Vu Doll":4,"Sozu":16,"SlaversCollar":10,"Ornamental Fan":12,"Mummified Hand":20,"MealTicket":14,"WingedGreaves":15,"Art of War":8,"Necronomicon":13,"Ring of the Snake":0},{"Potion Belt":134,"Torii":26,"Vajra":87,"Mango":22,"Whetstone":117,"Smiling Mask":37,"Akabeko":123,"WarpedTongs":0,"Du-Vu Doll":19,"Sozu":98,"SlaversCollar":55,"Ornamental Fan":69,"Mummified Hand":117,"MealTicket":87,"WingedGreaves":90,"Art of War":37,"Necronomicon":80,"Ring of the Snake":0}],"Ring of the Snake":[48]},"card_choices":[{"not_picked":["Dagger Spray","Endless Agony"],"picked":"Predator","floor":1},{"not_picked":["Masterful Stab","Heel Hook"],"picked":"Dagger Spray","floor":4},{"not_picked":["Quick Slash","Finisher"],"picked":"Sucker Punch","floor":5},{"not_picked":["Bane","Dagger Throw","Infinite Blades"],"picked":"SKIP","floor":6},{"not_picked":["Slice","Dagger Spray"],"picked":"PiercingWail","floor":7},{"not_picked":["Distraction","Catalyst"],"picked":"Well Laid Plans","floor":10},{"not_picked":["Dagger Spray","Prepared"],"picked":"Dodge and Roll","floor":11},{"not_picked":["Quick Slash","Dagger Spray","Prepared"],"picked":"SKIP","floor":12},{"not_picked":["Outmaneuver","Eviscerate","Expertise"],"picked":"SKIP","floor":14},{"not_picked":["Grand Finale","Glass Knife"],"picked":"Corpse Explosion","floor":16},{"not_picked":["Dodge and Roll","Underhanded Strike","Acrobatics"],"picked":"SKIP","floor":18},{"not_picked":["Flechettes","Underhanded Strike"],"picked":"PiercingWail+1","floor":19},{"not_picked":["Footwork","Bullet Time"],"picked":"Bouncing Flask+1","floor":21},{"not_picked":["Choke","Quick Slash","Poisoned Stab+1"],"picked":"SKIP","floor":24},{"not_picked":["Dagger Spray","Riddle With Holes"],"picked":"Dodge and Roll","floor":27},{"not_picked":["Grand Finale","Glass Knife"],"picked":"Tools of the Trade","floor":33},{"not_picked":["Quick Slash+1","Dagger Spray","Cloak And Dagger"],"picked":"SKIP","floor":35},{"not_picked":["Blade Dance+1","Escape Plan"],"picked":"Backflip+1","floor":38},{"not_picked":["Dagger Throw","Concentrate"],"picked":"PiercingWail","floor":39},{"not_picked":["Dagger Spray","Sucker Punch","A Thousand Cuts"],"picked":"SKIP","floor":41},{"not_picked":["Backstab","Slice","Deadly Poison"],"picked":"SKIP","floor":44},{"not_picked":["All Out Attack","Infinite Blades"],"picked":"Backflip","floor":45},{"not_picked":["Burst","Flechettes"],"picked":"Wraith Form v2","floor":48}],"player_experience":2609592,"relics_obtained":[{"floor":6,"key":"Du-Vu Doll"},{"floor":9,"key":"Mango"},{"floor":10,"key":"Torii"},{"floor":12,"key":"Art of War"},{"floor":13,"key":"Smiling Mask"},{"floor":22,"key":"Necronomicon"},{"floor":24,"key":"Vajra"},{"floor":26,"key":"MealTicket"},{"floor":27,"key":"WingedGreaves"},{"floor":41,"key":"Whetstone"},{"floor":43,"key":"Mummified Hand"},{"floor":44,"key":"Akabeko"},{"floor":48,"key":"Potion Belt"}],"event_choices":[{"damage_healed":0,"gold_gain":69,"player_choice":"Gained Gold","damage_taken":0,"max_hp_gain":0,"max_hp_loss":0,"event_name":"Golden Wing","floor":2,"gold_loss":0},{"damage_healed":0,"gold_gain":0,"player_choice":"Obtained Book","damage_taken":21,"max_hp_gain":0,"max_hp_loss":0,"event_name":"Cursed Tome","floor":22,"gold_loss":0},{"cards_removed":["Strike_G"],"damage_healed":0,"gold_gain":0,"player_choice":"Gave Gold","damage_taken":0,"max_hp_gain":0,"max_hp_loss":0,"event_name":"Beggar","floor":28,"gold_loss":75},{"damage_healed":0,"gold_gain":0,"player_choice":"Simplicity","damage_taken":0,"max_hp_gain":0,"max_hp_loss":0,"event_name":"Back to Basics","floor":31,"gold_loss":0,"cards_upgraded":["Strike_G","Strike_G","Strike_G","Defend_G","Defend_G","Defend_G","Defend_G","Defend_G"]},{"damage_healed":0,"gold_gain":0,"player_choice":"Upgraded","damage_taken":0,"max_hp_gain":0,"max_hp_loss":0,"event_name":"Upgrade Shrine","floor":36,"gold_loss":0,"cards_upgraded":["Tools of the Trade"]}],"is_beta":false,"boss_relics":[{"not_picked":["SacredBark","Coffee Dripper"],"picked":"SlaversCollar"},{"not_picked":["Fusion Hammer","Busted Crown"],"picked":"Sozu"}],"items_purged_floors":[20,37,47],"is_endless":false,"potions_floor_spawned":[4,5,6,7,11,14,19,27,35,41,45,48],"ascension_level":15}}