{"host":"2qv44oxt58ptq59r","time":1613763818,"event":{"mods":["AchievementEnabler","BaseMod","Colored Powertips","Highlight Path","Minty Spire (QoL Compilation)","Permanent Neow","StSLib"],"gold_per_floor":[118,193,211,211,6,37,37,72,72,72,104,116,116,116],"floor_reached":13,"language":"ENG","playtime":1982,"items_purged":[],"score":152,"play_id":"fb213937-a81b-43d2-85af-298cb479574a","local_time":"20210219194338","is_ascension_mode":true,"campfire_choices":[{"floor":7.0,"key":"REST"},{"floor":10.0,"key":"REST"}],"circlet_count":0,"master_deck":["AscendersBane","Strike_R","Strike_R","Strike_R","Strike_R","Strike_R","Defend_R","Defend_R","Defend_R","Defend_R","Bash+1","Shrug It Off","Disarm","Seeing Red","Whirlwind","Shockwave"],"relics":["Burning Blood","Lantern","Darkstone Periapt","HornCleat","StrikeDummy","Happy Flower"],"acts_visited":["Exordium"],"potions_floor_usage":[11],"damage_taken":[{"damage":10.0,"enemies":"2 Louse","floor":1.0,"turns":3.0},{"damage":1.0,"enemies":"Small Slimes","floor":3.0,"turns":6.0},{"damage":40.0,"enemies":"3 Sentries","floor":6.0,"turns":11.0},{"damage":59.0,"enemies":"Gremlin Nob","floor":8.0,"turns":6.0},{"damage":28,"enemies":"Lagavulin","floor":11,"turns":6},{"damage":0,"enemies":"Cultist","floor":12,"turns":2},{"damage":27,"enemies":"3 Sentries","floor":13,"turns":6}],"seed_played":"-3307803463608935079","potions_obtained":[{"floor":3.0,"key":"BlessingOfTheForge"},{"floor":8.0,"key":"AttackPotion"}],"is_trial":false,"path_per_floor":["M","?","M","?","$","E","R","E","T","R","E","M","E"],"character_chosen":"IRONCLAD","items_purchased":["Lantern","Energy Potion"],"campfire_rested":2,"item_purchase_floors":[5,5],"current_hp_per_floor":[76,65,70,70,70,36,62,9,9,35,13,19,0,0],"gold":116,"neow_bonus":"TEN_PERCENT_HP_BONUS","is_daily":false,"chose_seed":false,"campfire_upgraded":0,"win_rate":0.0,"timestamp":1613763818,"path_taken":["M","?","M","?","$","E","R","E","T","R","E","?","E"],"items_purchased_type":["Relic","Potion"],"build_version":"2020-12-22","purchased_purges":0,"victory":false,"max_hp_per_floor":[88,88,88,88,88,88,88,88,88,88,88,88,88,88],"card_choices":[{"not_picked":["Perfected Strike","Clash"],"picked":"Shrug It Off","floor":1.0},{"not_picked":["Rampage","Pommel Strike"],"picked":"Disarm","floor":3.0},{"not_picked":["Heavy Blade","Body Slam"],"picked":"Seeing Red","floor":6.0},{"not_picked":["Iron Wave","Entrench","Sword Boomerang"],"picked":"SKIP","floor":8.0},{"not_picked":["Thunderclap","Intimidate"],"picked":"Whirlwind","floor":11},{"not_picked":["Iron Wave","Havoc"],"picked":"Shockwave","floor":12}],"player_experience":5773612,"relics_obtained":[{"floor":6.0,"key":"Darkstone Periapt"},{"floor":8.0,"key":"HornCleat"},{"floor":9.0,"key":"StrikeDummy"},{"floor":11,"key":"Happy Flower"}],"event_choices":[{"damage_healed":0.0,"max_hp_gain":0.0,"max_hp_loss":0.0,"gold_gain":75.0,"event_name":"World of Goop","player_choice":"Gather Gold","floor":2.0,"gold_loss":0.0,"damage_taken":11.0},{"damage_healed":0.0,"max_hp_gain":0.0,"max_hp_loss":0.0,"gold_gain":0.0,"event_name":"Accursed Blacksmith","player_choice":"Forge","floor":4.0,"gold_loss":0.0,"damage_taken":0.0,"cards_upgraded":["Bash"]}],"is_beta":false,"boss_relics":[],"items_purged_floors":[],"is_endless":false,"potions_floor_spawned":[3,8],"killed_by":"3 Sentries","ascension_level":10}}