{"host":"qfskrnw3pl1q86j0","time":1613743748,"event":{"mods":["BaseMod","Block Reminder","Hermit","Marisa????????","Minty Spire (QoL Compilation)","Quick Restart","Random Character Button","Relic Stats","StSLib","The Poker Player","slay the spire mod where everything is the same but ironclad has a cowboy hat"],"gold_per_floor":[117,133,133,38,57,57,87,99,148,166,177,20,20,36,36,140,140,160,174,18,30,30,30,56,56,56,56,76,76,175,175,175,276,276,288,111,111,111,111,111,161,180,205,205,41,52,52,71,71,71],"floor_reached":51,"language":"ENG","playtime":1698,"items_purged":["Strike_B","Strike_B","Doubt"],"score":665,"play_id":"e0ecd893-a289-4523-82eb-317abeb47eab","local_time":"20210219150908","is_ascension_mode":false,"campfire_choices":[{"data":"Zap","floor":6.0,"key":"SMITH"},{"data":"Dualcast","floor":13.0,"key":"SMITH"},{"data":"Glacier","floor":15.0,"key":"SMITH"},{"data":"Defragment","floor":23.0,"key":"SMITH"},{"data":"Electrodynamics","floor":25.0,"key":"SMITH"},{"data":"Streamline","floor":27.0,"key":"SMITH"},{"data":"Leap","floor":29.0,"key":"SMITH"},{"data":"Ball Lightning","floor":32.0,"key":"SMITH"},{"data":"Fission","floor":40.0,"key":"SMITH"},{"data":"Loop","floor":44.0,"key":"SMITH"},{"data":"Cold Snap","floor":49,"key":"SMITH"}],"circlet_count":0,"master_deck":["Strike_B","Strike_B","Defend_B","Defend_B","Defend_B","Defend_B","Zap+1","Dualcast+1","Streamline+1","Cold Snap+1","Steam","Flash of Steel","Glacier+1","Leap+1","Electrodynamics+1","Ball Lightning+1","Core Surge","Defragment+1","Coolheaded","Fission+1","Cold Snap+1","Loop+1","Blizzard"],"relics":["Cracked Core","Pear","DataDisk","Lee\u0027s Waffle","Cursed Key","Anchor","Inserter","Lizard Tail","Akabeko"],"acts_visited":["Exordium","TheCity","TheBeyond"],"potions_floor_usage":[50,50],"damage_taken":[{"damage":1.0,"enemies":"Jaw Worm","floor":1.0,"turns":3.0},{"damage":0.0,"enemies":"Cultist","floor":2.0,"turns":2.0},{"damage":0.0,"enemies":"2 Louse","floor":5.0,"turns":2.0},{"damage":6.0,"enemies":"Lagavulin","floor":7.0,"turns":8.0},{"damage":1.0,"enemies":"Looter","floor":8.0,"turns":3.0},{"damage":0.0,"enemies":"3 Louse","floor":10.0,"turns":3.0},{"damage":9.0,"enemies":"Blue Slaver","floor":11.0,"turns":3.0},{"damage":1.0,"enemies":"2 Fungi Beasts","floor":14.0,"turns":2.0},{"damage":1.0,"enemies":"The Guardian","floor":16.0,"turns":9.0},{"damage":4.0,"enemies":"3 Byrds","floor":18.0,"turns":4.0},{"damage":0.0,"enemies":"Chosen","floor":19.0,"turns":4.0},{"damage":0.0,"enemies":"3 Cultists","floor":21.0,"turns":2.0},{"damage":15.0,"enemies":"Gremlin Leader","floor":24.0,"turns":7.0},{"damage":0.0,"enemies":"Snake Plant","floor":28.0,"turns":4.0},{"damage":36.0,"enemies":"Automaton","floor":33.0,"turns":11.0},{"damage":3.0,"enemies":"Orb Walker","floor":35.0,"turns":3.0},{"damage":0.0,"enemies":"Mind Bloom Boss Battle","floor":41.0,"turns":4.0},{"damage":0.0,"enemies":"3 Shapes","floor":42.0,"turns":4.0},{"damage":0.0,"enemies":"Spire Growth","floor":46.0,"turns":5.0},{"damage":0,"enemies":"Transient","floor":48,"turns":5},{"damage":12,"enemies":"Time Eater","floor":50,"turns":15}],"seed_played":"-151475765197792701","potions_obtained":[{"floor":2.0,"key":"Regen Potion"},{"floor":7.0,"key":"SmokeBomb"},{"floor":8.0,"key":"BlessingOfTheForge"},{"floor":19.0,"key":"SmokeBomb"},{"floor":28.0,"key":"FocusPotion"},{"floor":35.0,"key":"FocusPotion"}],"is_trial":false,"path_per_floor":["M","M","?","$","M","R","E","M","T","M","M","$","R","M","R","B",null,"M","M","$","M","?","R","E","R","T","R","M","R","?","?","R","B",null,"M","$","?","?","T","R","?","M","T","R","$","M","T","M","R","B",null],"character_chosen":"DEFECT","items_purchased":["Flash of Steel","Lee\u0027s Waffle","Defragment","Loop","Blizzard"],"campfire_rested":0,"item_purchase_floors":[4,12,20,36,45],"current_hp_per_floor":[74,74,74,74,74,74,78,77,77,77,68,92,92,91,91,90,92,88,88,88,88,88,88,73,73,73,73,73,73,73,73,73,37,92,89,89,89,87,87,87,87,87,87,87,87,87,87,87,87,75],"gold":71,"neow_bonus":"THREE_CARDS","is_daily":false,"chose_seed":false,"campfire_upgraded":11,"win_rate":0.0,"timestamp":1613743748,"path_taken":["M","M","?","$","M","R","E","?","T","M","M","$","R","M","R","BOSS","M","M","$","M","?","R","E","R","T","R","M","R","?","?","R","BOSS","M","$","?","?","?","R","?","M","T","R","$","?","?","M","R","BOSS"],"items_purchased_type":["Card","Relic","Card","Card","Card"],"build_version":"2020-12-22","purchased_purges":3,"victory":true,"max_hp_per_floor":[75,75,75,75,75,75,85,85,85,85,85,92,92,92,92,92,92,92,92,92,92,92,92,92,92,92,92,92,92,92,92,92,92,92,92,92,92,87,87,87,87,87,87,87,87,87,87,87,87,87],"relic_stats":{"Lee\u0027s Waffle":24,"Lizard Tail":0,"Inserter":[17],"counters":[21,103],"Cursed Key":1,"obtain_stats":[{"DataDisk":9,"Lee\u0027s Waffle":12,"Anchor":24,"Lizard Tail":41,"Pear":7,"Inserter":34,"Cracked Core":0,"Cursed Key":17,"Akabeko":43},{"DataDisk":5,"Lee\u0027s Waffle":7,"Anchor":13,"Lizard Tail":17,"Pear":4,"Inserter":15,"Cracked Core":0,"Cursed Key":9,"Akabeko":18},{"DataDisk":18,"Lee\u0027s Waffle":24,"Anchor":52,"Lizard Tail":74,"Pear":15,"Inserter":67,"Cracked Core":0,"Cursed Key":35,"Akabeko":78}]},"card_choices":[{"not_picked":["Redo","Beam Cell"],"picked":"Streamline","floor":0.0},{"not_picked":["Coolheaded","Force Field"],"picked":"Cold Snap","floor":1.0},{"not_picked":["Streamline","Redo"],"picked":"Steam","floor":2.0},{"not_picked":["Steam","White Noise"],"picked":"Glacier","floor":5.0},{"not_picked":["Rip and Tear","Reprogram"],"picked":"Leap","floor":7.0},{"not_picked":["Aggregate","Chaos","Streamline"],"picked":"SKIP","floor":8.0},{"not_picked":["Aggregate","Chaos","Streamline"],"picked":"SKIP","floor":8.0},{"not_picked":["Stack","Gash"],"picked":"Electrodynamics","floor":10.0},{"not_picked":["Sweeping Beam","Compile Driver"],"picked":"Ball Lightning","floor":11.0},{"not_picked":["Heatsinks","Streamline","Redo"],"picked":"SKIP","floor":14.0},{"not_picked":["Meteor Strike","Rainbow"],"picked":"Core Surge","floor":16.0},{"not_picked":["Gash","Beam Cell","Chaos"],"picked":"SKIP","floor":18.0},{"not_picked":["Conserve Battery","Skim+1","Go for the Eyes+1"],"picked":"SKIP","floor":19.0},{"not_picked":["Recycle","Aggregate","Hello World"],"picked":"SKIP","floor":21.0},{"not_picked":["Beam Cell","Reprogram","Darkness"],"picked":"SKIP","floor":24.0},{"not_picked":["Chaos+1","Biased Cognition","Hologram"],"picked":"SKIP","floor":28.0},{"not_picked":["Echo Form","Core Surge"],"picked":"Fission","floor":33.0},{"not_picked":["Darkness","Turbo"],"picked":"Cold Snap+1","floor":35.0},{"not_picked":["Gash","Ball Lightning","Compile Driver+1"],"picked":"SKIP","floor":42.0},{"not_picked":["Leap+1","Chaos","Scrape"],"picked":"SKIP","floor":46.0},{"not_picked":["Conserve Battery+1","Hologram","Ball Lightning"],"picked":"SKIP","floor":48}],"player_experience":1089941,"relics_obtained":[{"floor":7.0,"key":"Pear"},{"floor":9.0,"key":"DataDisk"},{"floor":24.0,"key":"Anchor"},{"floor":41.0,"key":"Lizard Tail"},{"floor":43.0,"key":"Akabeko"}],"event_choices":[{"damage_healed":0.0,"max_hp_gain":0.0,"max_hp_loss":0.0,"gold_gain":0.0,"event_name":"NoteForYourself","player_choice":"Ignored","floor":3.0,"gold_loss":0.0,"damage_taken":0.0},{"damage_healed":0.0,"max_hp_gain":0.0,"max_hp_loss":0.0,"gold_gain":0.0,"event_name":"Cursed Tome","player_choice":"Ignored","floor":22.0,"gold_loss":0.0,"damage_taken":0.0},{"damage_healed":0.0,"max_hp_gain":0.0,"max_hp_loss":0.0,"gold_gain":99.0,"event_name":"Nest","player_choice":"Stole From Cult","floor":30.0,"gold_loss":0.0,"damage_taken":0.0},{"damage_healed":0.0,"max_hp_gain":0.0,"max_hp_loss":0.0,"gold_gain":0.0,"event_name":"The Library","player_choice":"Read","floor":31.0,"gold_loss":0.0,"damage_taken":0.0,"cards_obtained":["Coolheaded"]},{"damage_healed":0.0,"max_hp_gain":0.0,"max_hp_loss":0.0,"gold_gain":0.0,"event_name":"SensoryStone","player_choice":"Memory 1","floor":37.0,"gold_loss":0.0,"damage_taken":0.0},{"damage_healed":0.0,"max_hp_gain":0.0,"max_hp_loss":5.0,"gold_gain":0.0,"event_name":"Winding Halls","player_choice":"Max HP","floor":38.0,"gold_loss":0.0,"damage_taken":0.0},{"damage_healed":0.0,"max_hp_gain":0.0,"max_hp_loss":0.0,"gold_gain":0.0,"event_name":"MindBloom","player_choice":"Fight","floor":41.0,"gold_loss":0.0,"damage_taken":0.0}],"is_beta":false,"boss_relics":[{"not_picked":["Runic Dome","Ectoplasm"],"picked":"Cursed Key"},{"not_picked":["Snecko Eye","Astrolabe"],"picked":"Inserter"}],"items_purged_floors":[20,36,45],"is_endless":false,"potions_floor_spawned":[2,7,8,11,19,21,28,33,35,48],"ascension_level":0}}