{"host":"7wi4qgm5yw4j7oz0","time":1613763057,"event":{"mods":["AchievementEnabler","BaseMod","Block Reminder","Colored Map","Colored Powertips","Highlight Path","Minty Spire (QoL Compilation)","Permanent Neow","Random Character Button","StSLib","SuperFastMode","everything is the same but u backflip on backflip"],"gold_per_floor":[113,113,133,149,149,181,28,28,55,74,74,90,90,105,105,105,105],"floor_reached":16,"language":"KOR","playtime":561,"items_purged":[],"score":179,"play_id":"66707854-f6dc-4cc1-b63e-d5be39aab51b","local_time":"20210220043057","is_ascension_mode":true,"campfire_choices":[{"data":"Searing Blow","floor":8.0,"key":"SMITH"},{"data":"Searing Blow+1","floor":13.0,"key":"SMITH"},{"data":"Searing Blow+2","floor":15.0,"key":"SMITH"}],"circlet_count":0,"master_deck":["AscendersBane","Strike_R","Strike_R+1","Strike_R","Strike_R","Strike_R","Defend_R","Defend_R+1","Defend_R","Defend_R","Bash","Hemokinesis","Uppercut","Searing Blow+3","Shrug It Off","Armaments"],"relics":["Burning Blood","Strawberry","Regal Pillow","Membership Card","Happy Flower"],"acts_visited":["Exordium"],"potions_floor_usage":[16,16],"damage_taken":[{"damage":6.0,"enemies":"Cultist","floor":1.0,"turns":3.0},{"damage":10.0,"enemies":"Small Slimes","floor":3.0,"turns":4.0},{"damage":2.0,"enemies":"2 Louse","floor":4.0,"turns":3.0},{"damage":40.0,"enemies":"Lagavulin","floor":6.0,"turns":8.0},{"damage":6.0,"enemies":"Looter","floor":10.0,"turns":3.0},{"damage":2.0,"enemies":"Large Slime","floor":12.0,"turns":4.0},{"damage":6.0,"enemies":"Exordium Thugs","floor":14.0,"turns":4.0},{"damage":26,"enemies":"The Guardian","floor":16,"turns":10}],"seed_played":"-5688667576181830759","potions_obtained":[{"floor":1.0,"key":"Explosive Potion"},{"floor":4.0,"key":"SpeedPotion"}],"is_trial":false,"path_per_floor":["M","?","M","M","?","E","$","R","T","M","?","M","R","M","R","B"],"character_chosen":"IRONCLAD","items_purchased":["Membership Card"],"campfire_rested":0,"item_purchase_floors":[7],"current_hp_per_floor":[75,80,76,80,54,20,20,20,20,20,20,24,24,24,24,0,0],"gold":105,"neow_bonus":"RANDOM_COMMON_RELIC","is_daily":false,"chose_seed":false,"campfire_upgraded":3,"win_rate":0.0,"timestamp":1613763057,"path_taken":["M","?","M","M","?","E","$","R","T","M","?","M","R","M","R","BOSS"],"items_purchased_type":["Relic"],"build_version":"2020-12-22","purchased_purges":0,"victory":false,"max_hp_per_floor":[82,87,87,87,87,87,87,87,87,87,87,87,87,87,87,87,87],"card_choices":[{"not_picked":["Feel No Pain","Shrug It Off"],"picked":"Hemokinesis","floor":1.0},{"not_picked":["Power Through","Intimidate"],"picked":"Uppercut","floor":3.0},{"not_picked":["Headbutt","Twin Strike"],"picked":"Searing Blow","floor":4.0},{"not_picked":["Pommel Strike","Anger","Hemokinesis"],"picked":"SKIP","floor":6.0},{"not_picked":["Iron Wave","Clothesline"],"picked":"Shrug It Off","floor":10.0},{"not_picked":["Heavy Blade","Flex"],"picked":"Armaments","floor":12.0},{"not_picked":["Sever Soul","Warcry","Uppercut"],"picked":"SKIP","floor":14.0}],"player_experience":340287,"relics_obtained":[{"floor":6.0,"key":"Regal Pillow"},{"floor":9.0,"key":"Happy Flower"}],"event_choices":[{"damage_healed":0.0,"max_hp_gain":5.0,"max_hp_loss":0.0,"gold_gain":0.0,"event_name":"Big Fish","player_choice":"Donut","floor":2.0,"gold_loss":0.0,"damage_taken":0.0},{"damage_healed":0.0,"max_hp_gain":0.0,"max_hp_loss":0.0,"gold_gain":0.0,"event_name":"Shining Light","player_choice":"Entered Light","floor":5.0,"gold_loss":0.0,"damage_taken":26.0,"cards_upgraded":["Defend_R","Strike_R"]},{"damage_healed":0.0,"max_hp_gain":0.0,"max_hp_loss":0.0,"gold_gain":0.0,"event_name":"Golden Idol","player_choice":"Ignored","floor":11.0,"gold_loss":0.0,"damage_taken":0.0}],"is_beta":false,"boss_relics":[],"items_purged_floors":[],"is_endless":false,"potions_floor_spawned":[1,4,6],"killed_by":"The Guardian","ascension_level":15}}