{"host":"u21q392b5xaj11fl","time":1613693698,"event":{"mods":["2.2 Compatiblity","Bard","BaseMod","Better Note","Colored Map","Colored Powertips","Conspire","Custom Start","Downfall","Faster Ascension Climbing","GifTheSpireLib","Gremlin Skip","Highlight Path","Hubris","Infinite Spire","Mad Scientist","Marisa????????","Mimic Mod","Minty Spire (QoL Compilation)","Monster B Gone","Permanent Neow","Potionbrewer","Quick Restart","READ ME - Guardian Mod","Relic Sorter","Replay The Spire","Shop Mod","Somnambulant","StSLib","Stuff the Spire","SuperFastMode","The Construct","The Disciple","The Servant 0.9.4"],"gold_per_floor":[111,111,121,46,46,75,75,75,101,101,101],"floor_reached":10,"language":"ENG","playtime":507,"items_purged":["Pain"],"score":109,"play_id":"da47c64c-bc65-43d2-8ade-1384ee3eb086","local_time":"20210218181458","is_ascension_mode":true,"campfire_choices":[{"data":"construct:Boost","floor":7,"key":"SMITH"}],"circlet_count":0,"master_deck":["AscendersBane","construct:Strike_Gold","construct:Strike_Gold","construct:Strike_Gold","construct:Strike_Gold","construct:Strike_Gold","construct:Defend_Gold","construct:Defend_Gold","construct:Defend_Gold","construct:Defend_Gold","construct:Defend_Gold","construct:AttackMode","construct:DefenseMode","construct:ShiftGuard","construct:Boost+1","ReplayTheSpireMod:??????????????????????"],"relics":["construct:ClockworkPhoenix","Art of War","WarpedTongs","StuffTheSpire:MayFlowers","StuffTheSpire:Tea","Happy Flower"],"acts_visited":["Exordium"],"potions_floor_usage":[6,10],"damage_taken":[{"damage":4,"enemies":"Jaw Worm","floor":1,"turns":6},{"damage":12,"enemies":"Cultist","floor":3,"turns":6},{"damage":31,"enemies":"Gremlin Nob","floor":6,"turns":5},{"damage":6,"enemies":"Lagavulin","floor":10,"turns":8}],"seed_played":"1183064657226904520","potions_obtained":[{"floor":3,"key":"GamblersBrew"},{"floor":6,"key":"construct:ShiftPotion"}],"is_trial":false,"path_per_floor":["M","?","M","$","?","E","R","T","T","E"],"character_chosen":"THE_CONSTRUCT_MOD","items_purchased":[],"campfire_rested":0,"item_purchase_floors":[],"current_hp_per_floor":[68,68,56,56,36,5,5,5,5,5,5],"gold":101,"neow_bonus":"RANDOM_COMMON_RELIC","is_daily":false,"chose_seed":false,"campfire_upgraded":1,"win_rate":0.0,"timestamp":1613693698,"path_taken":["M","?","M","?","?","E","R","?","T","E"],"items_purchased_type":[],"build_version":"2020-12-22","purchased_purges":1,"victory":false,"max_hp_per_floor":[80,80,80,80,80,80,80,80,80,80,80],"card_choices":[{"not_picked":["construct:ModeShift","construct:Forcefield"],"picked":"construct:ShiftGuard","floor":1},{"not_picked":["construct:Anticipate","construct:Analyze"],"picked":"construct:Boost","floor":3},{"not_picked":["infinitespire:Fortify","infinitespire:NeuralNetwork"],"picked":"ReplayTheSpireMod:??????????????????????","floor":5},{"not_picked":["construct:OmegaCannon","construct:ElectricArmor","construct:Dampening"],"picked":"SKIP","floor":6}],"player_experience":291170,"relics_obtained":[{"floor":6,"key":"StuffTheSpire:MayFlowers"},{"floor":8,"key":"StuffTheSpire:Tea"},{"floor":9,"key":"Happy Flower"}],"event_choices":[{"damage_healed":0,"gold_gain":0,"player_choice":"Rummage","damage_taken":0,"relics_obtained":["WarpedTongs"],"max_hp_gain":0,"max_hp_loss":0,"event_name":"Accursed Blacksmith","floor":2,"gold_loss":0,"cards_obtained":["Pain"]}],"is_beta":false,"boss_relics":[],"items_purged_floors":[4],"is_endless":false,"potions_floor_spawned":[3,6],"killed_by":"Lagavulin","ascension_level":14}}