{"host":"dxw0slwvk2p0izr3","time":1613760914,"event":{"mods":["BaseMod","Downfall","Minty Spire (QoL Compilation)","Replay The Spire","Shop Mod","StSLib"],"gold_per_floor":[99,111,129,146,146,173,252,252,277,288,314,328,328,89,107,205,205,205,205,216,216,232,263,263,294,305,322,122,139,170,170,189,288,288,288,303,303,352,428,48,98,98,148,80,110,110,140,140,154,166],"floor_reached":51,"language":"ZHS","playtime":3959,"items_purged":["Slimebound:Defend_Slimebound","Slimebound:Strike_Slimebound","Slimebound:SlimeBarrage"],"score":830,"play_id":"1c95b760-314c-4df6-a52a-388c904b31ae","local_time":"20210220025514","is_ascension_mode":false,"campfire_choices":[{"data":"Slimebound:Split","floor":1.0,"key":"SMITH"},{"data":"Slimebound:DouseInSlime","floor":13.0,"key":"SMITH"},{"data":"Slimebound:Strike_Slimebound","floor":18.0,"key":"PURGE"},{"data":"Slimebound:WasteNot","floor":35.0,"key":"SMITH"},{"data":"Slimebound:TongueLash","floor":42.0,"key":"SMITH"},{"floor":46,"key":"RECALL"}],"circlet_count":0,"master_deck":["Slimebound:Defend_Slimebound","Slimebound:Defend_Slimebound","Slimebound:Split+1","Slimebound:CorrosiveSpit","Slimebound:SamplingLick","Slimebound:ItLooksTasty","Slimebound:FinishingTackle","Slimebound:Repurpose","Slimebound:Equalize","Slimebound:DouseInSlime+1","Slimebound:SplitBruiser","Slimebound:Nibble","Slimebound:RejuvenatingLick+1","Slimebound:SplitLeeching","Slimebound:MassFeed+1","RitualDagger+1","Slimebound:RejuvenatingLick+1","Slimebound:SamplingLick+1","Slimebound:SelfFormingGoo+1","Slimebound:HauntingLick","Slimebound:LeadByExample","Slimebound:WasteNot+1","AbeCurse","Slimebound:SlimeBarrage+1","Slimebound:ProtectTheBoss","expansioncontent:QuickStudy","Slimebound:TongueLash+1","Slimebound:Gluttony","Slimebound:LeadByExample","Slimebound:OneTwoCombo"],"relics":["Slimebound:AbsorbEndCombat","Replay:Mystery Machine","Sundial","Strawberry","Simple Rune","Sling","Runic Pyramid","Replay:Bottled Eggs","Letter Opener","Guide Book","Replay:Bottled Steam","Potion Belt","Abe\u0027s Treasure","WingedGreaves","Replay:Accelerometer","Lantern","Incense Burner","Replay:Bandana"],"acts_visited":["Exordium","TheCity","TheBeyond"],"potions_floor_usage":[],"damage_taken":[{"damage":4.0,"enemies":"Cultist","floor":2.0,"turns":3.0},{"damage":10.0,"enemies":"Small Slimes","floor":3.0,"turns":3.0},{"damage":0.0,"enemies":"2 Louse","floor":4.0,"turns":2.0},{"damage":23.0,"enemies":"Lagavulin","floor":6.0,"turns":6.0},{"damage":8.0,"enemies":"Gremlin Nob","floor":9.0,"turns":3.0},{"damage":6.0,"enemies":"downfall:LooterAlt","floor":10.0,"turns":3.0},{"damage":26.0,"enemies":"3 Sentries","floor":11.0,"turns":9.0},{"damage":4.0,"enemies":"2 Fungi Beasts","floor":12.0,"turns":3.0},{"damage":13.0,"enemies":"downfall:FleeingMerchant","floor":14.0,"turns":4.0},{"damage":3.0,"enemies":"Gremlin Gang","floor":15.0,"turns":4.0},{"damage":37.0,"enemies":"DF_ARCHETYPE_STREAMLINE","floor":16.0,"turns":6.0},{"damage":17.0,"enemies":"Spheric Guardian","floor":20.0,"turns":4.0},{"damage":12.0,"enemies":"3 Byrds","floor":22.0,"turns":4.0},{"damage":39.0,"enemies":"Book of Stabbing","floor":23.0,"turns":4.0},{"damage":46.0,"enemies":"Slavers","floor":25.0,"turns":5.0},{"damage":2.0,"enemies":"Snecko","floor":26.0,"turns":3.0},{"damage":2.0,"enemies":"Centurion and Healer","floor":27.0,"turns":4.0},{"damage":12.0,"enemies":"downfall:FleeingMerchant","floor":28.0,"turns":4.0},{"damage":0.0,"enemies":"Cultist and Chosen","floor":29.0,"turns":3.0},{"damage":0.0,"enemies":"Gremlin Leader","floor":30.0,"turns":3.0},{"damage":2.0,"enemies":"Sentry and Sphere","floor":32.0,"turns":3.0},{"damage":30.0,"enemies":"WA_ARCHETYPE_CALM","floor":33.0,"turns":7.0},{"damage":0.0,"enemies":"Orb Walker","floor":36.0,"turns":1.0},{"damage":43.0,"enemies":"2 Orb Walkers","floor":38.0,"turns":4.0},{"damage":3.0,"enemies":"2 Orb Walkers","floor":43.0,"turns":2.0},{"damage":44.0,"enemies":"Nemesis","floor":45.0,"turns":5.0},{"damage":11,"enemies":"3 Darklings","floor":47,"turns":6},{"damage":0,"enemies":"Writhing Mass","floor":49,"turns":2},{"damage":9,"enemies":"SI_POISON_ARCHETYPE","floor":50,"turns":9}],"seed_played":"5639742880065321653","potions_obtained":[{"floor":2.0,"key":"Swift Potion"},{"floor":4.0,"key":"PowerPotion"},{"floor":10.0,"key":"ColorlessPotion"},{"floor":15.0,"key":"Fire Potion"},{"floor":30.0,"key":"DuplicationPotion"},{"floor":32.0,"key":"Venom Potion"},{"floor":33.0,"key":"DuplicationPotion"},{"floor":43.0,"key":"Fire Potion"},{"floor":47,"key":"LiquidBronze"},{"floor":49,"key":"DuplicationPotion"}],"is_trial":false,"path_per_floor":["R","M","M","M","?","E","T","?","E","M","E","M","R","$","M","B",null,"R","?","M","?","M","E","T","E","M","M","$","M","E","?","M","B",null,"R","M","?","?","T","$","T","R","?","$","E","R","M","?","M","B",null],"character_chosen":"SLIMEBOUND","items_purchased":["Sling","Guide Book","Replay:Bottled Steam","expansioncontent:QuickStudy","Slimebound:TongueLash","Slimebound:Gluttony"],"campfire_rested":0,"item_purchase_floors":[14,28,28,40,40,44],"current_hp_per_floor":[71,71,67,69,69,48,48,48,53,61,47,53,53,48,53,28,78,78,72,59,59,63,43,43,16,28,45,41,49,67,67,73,63,99,99,99,99,76,76,76,76,76,79,79,55,55,64,64,68,75],"gold":166,"neow_bonus":"TEN_PERCENT_HP_BONUS","is_daily":false,"chose_seed":false,"campfire_upgraded":4,"win_rate":0.0,"timestamp":1613760914,"path_taken":["R","?","M","M","?","E","T","?","E","M","E","M","R","$","M","BOSS","R","?","M","?","?","E","T","E","M","M","$","M","E","?","M","BOSS","R","M","?","?","?","$","T","R","?","?","E","R","?","?","M","BOSS"],"items_purchased_type":["Relic","Relic","Relic","Card","Card","Card"],"build_version":"2020-12-22","purchased_purges":3,"victory":true,"max_hp_per_floor":[71,71,71,71,71,71,71,71,78,78,78,78,78,78,78,78,78,78,78,78,78,78,81,81,84,84,87,87,87,91,91,95,99,99,99,99,99,103,103,103,103,103,103,103,107,107,111,111,111,111],"card_choices":[{"not_picked":["Slimebound:Prepare","Slimebound:GoopTackle"],"picked":"Slimebound:SamplingLick","floor":2.0},{"not_picked":["Slimebound:Replication","Slimebound:SlimeSpikes"],"picked":"Slimebound:ItLooksTasty","floor":3.0},{"not_picked":["Slimebound:ComboTackle","Slimebound:SlimeBarrage"],"picked":"Slimebound:FinishingTackle","floor":4.0},{"not_picked":["Slimebound:HauntingLick","Slimebound:PressTheAttack"],"picked":"Slimebound:Repurpose","floor":6.0},{"not_picked":["Slimebound:ItLooksTasty","Slimebound:Dissolve"],"picked":"Slimebound:Equalize","floor":9.0},{"not_picked":["Slimebound:PressTheAttack","Slimebound:SplitAcid"],"picked":"Slimebound:DouseInSlime","floor":10.0},{"not_picked":["Slimebound:DouseInSlime","Slimebound:LeechingTouch"],"picked":"Slimebound:SplitBruiser","floor":11.0},{"not_picked":["Slimebound:GoopTackle","Slimebound:ComboTackle"],"picked":"Slimebound:Nibble","floor":12.0},{"not_picked":["Slimebound:FlameTackle","Slimebound:SplitMire"],"picked":"Slimebound:RejuvenatingLick","floor":14.0},{"not_picked":["Slimebound:Dissolve","Slimebound:Grow"],"picked":"Slimebound:SplitLeeching","floor":15.0},{"not_picked":["Slimebound:WasteNot","Slimebound:OozeBath"],"picked":"Slimebound:MassFeed","floor":16.0},{"not_picked":["Slimebound:Grow","Slimebound:LivingWall","Slimebound:LeechingTouch"],"picked":"SKIP","floor":20.0},{"not_picked":["Slimebound:SlimeSpikes+1","Slimebound:GoopTackle"],"picked":"Slimebound:RejuvenatingLick","floor":22.0},{"not_picked":["Slimebound:GoopSpray","Slimebound:LivingWall+1","Slimebound:SplitBruiser"],"picked":"SKIP","floor":23.0},{"not_picked":["Slimebound:Grow","Slimebound:LivingWall","Slimebound:LeechingTouch"],"picked":"SKIP","floor":25.0},{"not_picked":["Slimebound:ComboTackle","Slimebound:SplitBruiser+1"],"picked":"Slimebound:SamplingLick+1","floor":26.0},{"not_picked":["Slimebound:SlimeSpikes","Slimebound:FinishingTackle"],"picked":"Slimebound:SlimeBarrage","floor":27.0},{"not_picked":["Slimebound:PressTheAttack+1","Slimebound:SplitBruiser"],"picked":"Slimebound:SelfFormingGoo","floor":28.0},{"not_picked":["Slimebound:SplitAcid+1","Slimebound:SlimeSpikes"],"picked":"Slimebound:HauntingLick","floor":29.0},{"not_picked":["Slimebound:ItLooksTasty","Slimebound:FormOfPuddle","Slimebound:DouseInSlime"],"picked":"SKIP","floor":30.0},{"not_picked":["Slimebound:ComboTackle","Slimebound:SlimeBrawl"],"picked":"Slimebound:LeadByExample","floor":32.0},{"not_picked":["Slimebound:RallyTheTroops","Slimebound:PrepareCrush"],"picked":"Slimebound:WasteNot","floor":33.0},{"not_picked":["Slimebound:LivingWall+1","Slimebound:SplitMire"],"picked":"Slimebound:SlimeBarrage+1","floor":36.0},{"not_picked":["Slimebound:RollThrough","Slimebound:LeechingTouch+1"],"picked":"Slimebound:ProtectTheBoss","floor":38.0},{"not_picked":["Slimebound:RollThrough","Slimebound:SplitMire"],"picked":"Slimebound:LeadByExample","floor":45.0},{"not_picked":["Slimebound:Chomp","Slimebound:SlimeSpikes","Slimebound:RollThrough"],"picked":"SKIP","floor":47},{"not_picked":["Slimebound:SplitMire","Slimebound:SplitAcid"],"picked":"Slimebound:OneTwoCombo","floor":49}],"player_experience":84611,"relics_obtained":[{"floor":6.0,"key":"Replay:Mystery Machine"},{"floor":7.0,"key":"Sundial"},{"floor":9.0,"key":"Strawberry"},{"floor":11.0,"key":"Simple Rune"},{"floor":23.0,"key":"Replay:Bottled Eggs"},{"floor":25.0,"key":"Letter Opener"},{"floor":30.0,"key":"Potion Belt"},{"floor":38.0,"key":"WingedGreaves"},{"floor":39.0,"key":"Replay:Accelerometer"},{"floor":41.0,"key":"Lantern"},{"floor":43.0,"key":"Incense Burner"},{"floor":45.0,"key":"Replay:Bandana"}],"event_choices":[{"cards_removed":["Slimebound:Defend_Slimebound"],"damage_healed":0.0,"max_hp_gain":0.0,"max_hp_loss":0.0,"gold_gain":0.0,"event_name":"The Cleric","player_choice":"Card Removal","floor":8.0,"gold_loss":0.0,"damage_taken":0.0},{"damage_healed":0.0,"max_hp_gain":0.0,"max_hp_loss":0.0,"gold_gain":0.0,"event_name":"Accursed Blacksmith","player_choice":"Forge","floor":21.0,"gold_loss":0.0,"damage_taken":0.0,"cards_upgraded":["RitualDagger"]},{"damage_healed":0.0,"max_hp_gain":0.0,"max_hp_loss":0.0,"gold_gain":0.0,"event_name":"Mysterious Sphere","player_choice":"Fight","floor":38.0,"gold_loss":0.0,"damage_taken":0.0}],"is_beta":false,"boss_relics":[{"not_picked":["ReplayTheSpireMod:DimensionalGlitch","SlaversCollar"],"picked":"Runic Pyramid"},{"not_picked":["Pandora\u0027s Box","Kintsugi"],"picked":"Abe\u0027s Treasure"}],"items_purged_floors":[14,28,40],"is_endless":false,"potions_floor_spawned":[2,4,10,15,16,22,30,32,33,43,47,49],"ascension_level":0}}