{"host":"ffn9oaz9ksdh6gtp","time":1613710311,"event":{"mods":["ATMod(°¢èªMod)","Act Like it!","Arknights","BaseMod","GifTheSpireLib","Minty Spire (QoL Compilation)","MostiFishMod","Replay The Spire","StSLib","The Bug Knight","¡¾ÒÅÎï¿¨ÅÆ¡¿REMEMod"],"gold_per_floor":[119,137,137,147,147,177,177,211,211,246,94,94,109,122,122,220,220,237,251,166,179,179,206,77,96,123,254,267,267,392,407,407,609,609,619,636,636,21,21,21,21,21,21,21,36,161,161,181,181,281,281,281,-1371,-1144,-1144,-1144],"floor_reached":55,"language":"ZHS","playtime":10079,"items_purged":["Strike_G","Defend_G"],"score":1077,"play_id":"cfdf115a-79ca-49f8-b790-88bfde6670ee","local_time":"20210219125151","is_ascension_mode":false,"campfire_choices":[{"data":"AT_ArcaneSupremacy","floor":12,"key":"SMITH"},{"data":"Strike_G","floor":15,"key":"PURGE"},{"data":"Strike_G","floor":32,"key":"PURGE"},{"floor":40,"key":"RECALL"},{"floor":44,"key":"DIG"},{"data":"Defend_G+1","floor":49,"key":"PURGE"}],"circlet_count":0,"master_deck":["Strike_G+1","Defend_G+1","Defend_G+1","Defend_G+1","Survivor+1","Neutralize+1","AT_EmpoweredMortalDraw+1","MostiFishMod:Neptune+1","MostiFishMod:SparklingWater+1","MostiFishMod:FantasySummer+1","MostiFishMod:NightSea+1","AT_FamilyPortrait+1","Sucker Punch+1","Footwork+1","Backflip+1","Toxin Wave+1","Strike_G+1","AT_ArcaneSupremacy+1","Venomology+1","MostiFishMod:VineMother+1","Prepared+1","Prepared+1","AT_KneejerkReflex+1","Flying Knee+1","Backflip+1","Bullet Time+1","MostiFishMod:InvigoratingSolution+1","Acrobatics+1","Infinite Blades+1","MostiFishMod:ThornCasing+1","MostiFishMod:ThornCasing+1","MostiFishMod:VineMother+1","Tools of the Trade+1","Replay:Poison Smokescreen+1","Calculated Gamble+1","MostiFishMod:WinterMarkForm+1","AT_ThistleTea+1","Madness+1","Madness+1","Thinking Ahead+1","Crippling Poison+1","AT_KneejerkReflex+1","Sucker Punch+1","Infinite Blades+1","AT_WindRun+1"],"relics":["REME_ComplimentaryCards","AT_ATBox","DaveBox","AT_MortalBlade","MoonlightInvasionPlan","SynthV:TestCard","Replay:Multitool","ReplayTheSpireMod:Shallot","Question Card","AT_ChloranthyRing","Orrery","Fusion Hammer","REME_PuzzleBoxRelic","ats:Originium","AT_TheCollector","Smiling Mask","Blue Candle","Quantum Egg","NightmareShop","Bottled Lightning","Mark of the Bloom","Paper Crane","Juzu Bracelet","Replay:Bottled Steam","Onion Ring","SynthV:MejaisSoulstealer","Snake Skull"],"acts_visited":["Exordium","TheCity","TheBeyond","TheEnding"],"potions_floor_usage":[6,16,16,16,25,28,33,33,50,50,50,50],"damage_taken":[{"damage":0,"enemies":"ats:Genji","floor":1,"turns":2},{"damage":0,"enemies":"Jaw Worm","floor":2,"turns":1},{"damage":0,"enemies":"Small Slimes","floor":4,"turns":1},{"damage":6,"enemies":"HollowMod:MossKnight","floor":6,"turns":4},{"damage":3,"enemies":"Replay:BlueRogue","floor":8,"turns":3},{"damage":3,"enemies":"3 Sentries","floor":10,"turns":3},{"damage":0,"enemies":"3 Louse","floor":13,"turns":2},{"damage":0,"enemies":"Blue Slaver","floor":14,"turns":2},{"damage":5,"enemies":"Slime Boss","floor":16,"turns":6},{"damage":0,"enemies":"Chosen","floor":18,"turns":4},{"damage":0,"enemies":"Spheric Guardian","floor":19,"turns":1},{"damage":0,"enemies":"3 Cultists","floor":21,"turns":3},{"damage":5,"enemies":"Replay:Snechameleon","floor":23,"turns":6},{"damage":0,"enemies":"Snake Plant","floor":25,"turns":2},{"damage":9,"enemies":"Book of Stabbing","floor":27,"turns":4},{"damage":6,"enemies":"Centurion and Healer","floor":28,"turns":3},{"damage":1,"enemies":"Gremlin Leader","floor":30,"turns":4},{"damage":6,"enemies":"Shelled Parasite and Fungi","floor":31,"turns":2},{"damage":1,"enemies":"Collector","floor":33,"turns":6},{"damage":1,"enemies":"Orb Walker","floor":35,"turns":3},{"damage":13,"enemies":"3 Shapes","floor":36,"turns":2},{"damage":0,"enemies":"Writhing Mass","floor":45,"turns":1},{"damage":15,"enemies":"R_Hoarder","floor":46,"turns":5},{"damage":15,"enemies":"4 Shapes","floor":47,"turns":2},{"damage":0,"enemies":"Spire Growth","floor":48,"turns":1},{"damage":1,"enemies":"Awakened One","floor":50,"turns":6},{"damage":6,"enemies":"Shield and Spear","floor":54,"turns":2},{"damage":12,"enemies":"The Heart","floor":55,"turns":2}],"seed_played":"3712167136486043164","potions_obtained":[{"floor":2,"key":"SkillPotion"},{"floor":8,"key":"SpeedPotion"},{"floor":13,"key":"SkillPotion"},{"floor":16,"key":"Cursed Concoction"},{"floor":18,"key":"SpeedPotion"},{"floor":23,"key":"AttackPotion"},{"floor":28,"key":"Toxic Potion"},{"floor":30,"key":"Dexterity Potion"},{"floor":45,"key":"Weak Potion"}],"is_trial":false,"path_per_floor":["M","M","?","M","?","E","?","E","T","E","$","R","M","M","R","B",null,"M","M","?","M","?","E","$","M","T","E","M","R","E","M","R","B",null,"M","M","?","$","?","R","?","R","T","R","M","E","M","M","R","B",null,"R","$","E","B"],"character_chosen":"THE_SILENT","items_purchased":["Orrery","MostiFishMod:ThornCasing","Bottled Lightning","Thinking Ahead","Crippling Poison","AT_KneejerkReflex","Onion Ring","SynthV:MejaisSoulstealer"],"campfire_rested":0,"item_purchase_floors":[11,24,38,38,38,38,53,53],"current_hp_per_floor":[70,70,58,58,58,52,52,49,49,46,46,46,46,46,46,41,70,70,70,70,70,70,65,65,65,65,56,50,50,49,45,45,54,72,71,58,49,49,49,49,49,49,49,49,49,34,19,19,19,18,18,18,18,12,0,0],"gold":-1144,"neow_bonus":"BOSS_RELIC","is_daily":false,"chose_seed":false,"campfire_upgraded":1,"win_rate":0.0,"timestamp":1613710311,"path_taken":["M","M","?","M","?","E","?","E","T","E","$","R","M","M","R","BOSS","M","M","?","M","?","E","$","M","T","E","M","R","E","M","R","BOSS","M","M","?","$","?","R","?","R","T","R","M","E","M","M","R","BOSS","R","$","E","BOSS"],"items_purchased_type":["Relic","Card","Relic","Card","Card","Card","Relic","Relic"],"build_version":"2020-12-22","purchased_purges":2,"victory":false,"max_hp_per_floor":[70,70,70,70,70,70,70,70,70,70,70,70,70,70,70,70,70,70,70,70,70,70,70,70,70,70,70,70,70,70,72,72,72,72,72,72,72,72,72,72,72,72,72,72,72,72,72,72,72,72,72,72,72,72,72,72],"card_choices":[{"not_picked":["Blade Dance","Dodge and Roll"],"picked":"Sucker Punch","floor":1},{"not_picked":["Cloak And Dagger","Underhanded Strike","Prepared","Outmaneuver"],"picked":"Footwork","floor":2},{"not_picked":["Dagger Spray","Escape Plan","Hidden Blade","Acrobatics"],"picked":"Backflip","floor":4},{"not_picked":["Bane","Noxious Fumes","Blade Dance","Glass Knife"],"picked":"Toxin Wave","floor":6},{"not_picked":["Caltrops","REME_ShadowForm","MostiFishMod:Confrontation","Flying Knee"],"picked":"AT_ArcaneSupremacy","floor":8},{"not_picked":["Backstab","Flying Knee","Poisoned Stab","Choke","AT_TinkerSharpsword"],"picked":"Venomology","floor":10},{"not_picked":["Endless Agony","Dodge and Roll","Bane","Sucker Punch","AT_WomanClash"],"picked":"MostiFishMod:VineMother","floor":11},{"not_picked":["Slice","MostiFishMod:SpreadingSpore","Underhanded Strike","PiercingWail","Backflip"],"picked":"Prepared","floor":11},{"not_picked":["AT_FocusSwordFire","Dodge and Roll","PiercingWail","Eviscerate","Flying Knee"],"picked":"Prepared","floor":11},{"not_picked":["MostiFishMod:PerfectParry","ReplayTheSpireMod:Tripwire","Skewer","Acrobatics","REME_GrazeFinale"],"picked":"AT_KneejerkReflex","floor":11},{"not_picked":["Cloak And Dagger","Envenom","Choke","Sucker Punch","MostiFishMod:PerfectParry"],"picked":"Flying Knee","floor":11},{"not_picked":["AT_WomanClash","Bane","Dagger Throw","Cloak And Dagger","Caltrops","AT_ThistleTea"],"picked":"SKIP","floor":13},{"not_picked":["Deadly Poison","Fluid Movement","REME_ShadowStrike","Quick Slash","Deflect"],"picked":"Backflip","floor":14},{"not_picked":["MostiFishMod:Opportunism","MostiFishMod:GrandStart","Atom Bomb","ReplayTheSpireMod:Necrosis","MostiFishMod:ShivMaster"],"picked":"Bullet Time","floor":16},{"not_picked":["ReplayTheSpireMod:Shiv Toss","Flying Knee","Dagger Throw+1","Dagger Spray","Cloak And Dagger+1","Sucker Punch"],"picked":"SKIP","floor":18},{"not_picked":["PiercingWail+1","ReplayTheSpireMod:Exploit Weakness","Blade Dance","Backstab+1","REME_GreenPollution"],"picked":"MostiFishMod:InvigoratingSolution","floor":19},{"not_picked":["AT_TwilightShroud","Catalyst","AT_FocusSwordFire+1","Leg Sweep+1","Quick Slash"],"picked":"Acrobatics","floor":21},{"not_picked":["Dagger Spray+1","Blur+1","Backflip","Quick Slash","REME_ShadowStrike"],"picked":"Infinite Blades+1","floor":23},{"not_picked":["ReplayTheSpireMod:Scrap Shanks","Distraction","Flechettes","ReplayTheSpireMod:Necrosis","Backflip"],"picked":"MostiFishMod:VineMother+1","floor":25},{"not_picked":["Underhanded Strike","Dagger Throw","Riddle With Holes","Dodge and Roll","Eviscerate","Deflect"],"picked":"SKIP","floor":27},{"not_picked":["Dagger Spray","Underhanded Strike","Cloak And Dagger+1","Hidden Blade","Flechettes","AT_WindFlip"],"picked":"SKIP","floor":28},{"not_picked":["Outmaneuver+1","Sucker Punch","Skewer","MostiFishMod:PerfectParry","AT_WomanClash+1"],"picked":"Replay:Poison Smokescreen","floor":30},{"not_picked":["Footwork","Prepared+1","PiercingWail","Outmaneuver+1","All Out Attack+1"],"picked":"Calculated Gamble+1","floor":31},{"not_picked":["After Image","Die Die Die","Glass Knife","MostiFishMod:Confrontation","MostiFishMod:GrandStart"],"picked":"MostiFishMod:WinterMarkForm","floor":33},{"not_picked":["Dodge and Roll","Hidden Blade+1","Dagger Throw+1","Prepared+1","Noxious Fumes"],"picked":"AT_ThistleTea+1","floor":35},{"not_picked":["AT_Desolate+1","Replay:Poison Smokescreen+1","Sucker Punch+1","Slice","Dagger Throw+1","Heel Hook+1"],"picked":"SKIP","floor":36},{"not_picked":["Phantasmal Killer","Heel Hook+1","Slice+1","Cloak And Dagger+1","ReplayTheSpireMod:Speed Training+1","Backflip"],"picked":"SKIP","floor":45},{"not_picked":["Poison Darts","PiercingWail","Dagger Spray+1","Sneak Up","Acrobatics","Blade Dance+1"],"picked":"SKIP","floor":46},{"not_picked":["Acrobatics+1","Backflip+1","Dagger Throw","AT_WindFlip+1","Cloak And Dagger+1"],"picked":"Sucker Punch","floor":47},{"not_picked":["Underhanded Strike+1","Bane","Prepared+1","MostiFishMod:PerfectParry+1","AT_WindFlip"],"picked":"Infinite Blades+1","floor":48},{"not_picked":["AT_WindFlip","Poisoned Stab+1","Underhanded Strike","Slice+1","Dagger Throw+1"],"picked":"AT_WindRun+1","floor":54}],"player_experience":66573,"relics_obtained":[{"floor":1,"key":"SynthV:TestCard"},{"floor":6,"key":"ReplayTheSpireMod:Shallot"},{"floor":8,"key":"Question Card"},{"floor":10,"key":"AT_ChloranthyRing"},{"floor":23,"key":"ats:Originium"},{"floor":23,"key":"AT_TheCollector"},{"floor":26,"key":"Smiling Mask"},{"floor":27,"key":"Blue Candle"},{"floor":30,"key":"Quantum Egg"},{"floor":43,"key":"Paper Crane"},{"floor":44,"key":"Juzu Bracelet"},{"floor":46,"key":"Replay:Bottled Steam"},{"floor":54,"key":"Snake Skull"}],"event_choices":[{"damage_healed":0,"gold_gain":0,"player_choice":"Success","damage_taken":12,"relics_obtained":["Replay:Multitool"],"max_hp_gain":0,"max_hp_loss":0,"event_name":"Scrap Ooze","floor":3,"gold_loss":0},{"damage_healed":0,"gold_gain":0,"player_choice":"Obtained Relic","damage_taken":0,"relics_obtained":["REME_PuzzleBoxRelic"],"max_hp_gain":0,"max_hp_loss":0,"event_name":"Addict","floor":20,"gold_loss":85},{"damage_healed":0,"gold_gain":0,"player_choice":"Got Potions","damage_taken":0,"max_hp_gain":0,"max_hp_loss":0,"event_name":"Lab","floor":22,"gold_loss":0},{"damage_healed":0,"gold_gain":0,"player_choice":"Embrace Madness","damage_taken":9,"max_hp_gain":0,"max_hp_loss":0,"event_name":"Winding Halls","floor":37,"gold_loss":0,"cards_obtained":["Madness","Madness"]},{"damage_healed":0,"gold_gain":0,"player_choice":"Upgrade","damage_taken":0,"relics_obtained":["Mark of the Bloom"],"max_hp_gain":0,"max_hp_loss":0,"event_name":"MindBloom","floor":39,"gold_loss":0,"cards_upgraded":["Strike_G","Defend_G","Defend_G","Defend_G","Defend_G","Survivor","Neutralize","AT_EmpoweredMortalDraw","MostiFishMod:Neptune","MostiFishMod:SparklingWater","MostiFishMod:FantasySummer","MostiFishMod:NightSea","AT_FamilyPortrait","Sucker Punch","Footwork","Backflip","Toxin Wave","Venomology","MostiFishMod:VineMother","Prepared","Prepared","AT_KneejerkReflex","Flying Knee","Backflip","Bullet Time","MostiFishMod:InvigoratingSolution","Acrobatics","MostiFishMod:ThornCasing","MostiFishMod:ThornCasing","Tools of the Trade","Replay:Poison Smokescreen","MostiFishMod:WinterMarkForm","Madness","Madness","Thinking Ahead","Crippling Poison","AT_KneejerkReflex"]},{"cards_removed":["Specialist"],"damage_healed":0,"gold_gain":0,"player_choice":"Removed Power","damage_taken":0,"max_hp_gain":0,"max_hp_loss":0,"event_name":"Falling","floor":41,"gold_loss":0}],"is_beta":false,"boss_relics":[{"not_picked":["FixedStarFall","GuanYuAspect"],"picked":"Fusion Hammer"},{"not_picked":["HereWithMe","Astrolabe"],"picked":"NightmareShop"}],"items_purged_floors":[24,38],"is_endless":false,"potions_floor_spawned":[2,8,13,16,18,23,25,28,30,31,45,46],"killed_by":"The Heart","ascension_level":0}}