{"host":"v4tuy5ykrbdcm9o9","time":1613700299,"event":{"mods":["BaseMod","Duelist Mod","Minty Spire (QoL Compilation)","Replay The Spire","StSLib"],"gold_per_floor":[113,125,135,135,135,135,168,168,195,224,224,259,259,270,270,367,367,383,383,396,410,421,456,475,487,487,512,529,12,112,155,155,263,322,351,371,400,106,132,132,169,169,169,207,226,244,287,287,287,287,287,287,45,82,82,82],"floor_reached":55,"language":"ENG","playtime":6890,"items_purged":["theDuelist:CurseDarkness"],"score":1478,"play_id":"b531e1af-a5d2-4ef7-878e-6e96dbdd77e6","local_time":"20210218210459","is_ascension_mode":true,"campfire_choices":[{"floor":6,"key":"RECALL"},{"data":"Replay:Undeath\u0027s Touch","floor":8,"key":"SMITH"},{"floor":11,"key":"REST"},{"floor":13,"key":"REST"},{"data":"Flex","floor":15,"key":"SMITH"},{"data":"Limit Break","floor":32,"key":"SMITH"},{"data":"Demon Form","floor":40,"key":"SMITH"},{"data":"Heavy Blade","floor":42,"key":"SMITH"},{"data":"Mind Blast","floor":49,"key":"SMITH"},{"data":"Inflame","floor":52,"key":"SMITH"}],"circlet_count":0,"master_deck":["AscendersBane","Strike_R","Strike_R","Strike_R","Defend_R","Defend_R+1","Defend_R","Bash+1","Shrug It Off+1","Inflame+1","Headbutt","Replay:Undeath\u0027s Touch+1","Anger","Carnage","Flex+1","Brutality","Thunderclap+1","Bloodletting+1","Armaments+1","Run Through+1","Feed+1","Twin Strike","Pommel Strike+1","Demon Form+1","Heavy Blade+1","Limit Break+1","Clash","Bludgeon","Wild Strike+1","ReplayTheSpireMod:LeadingStrike+1","Anger","Armaments+1","Clash","Infernal Blade","Immolate","Heavy Blade+1","Infernal Blade+1","ReplayTheSpireMod:Stacked+1","Panache","Mind Blast+1","Replay:Undeath\u0027s Touch+1","Thunderclap+1","Life Link","Replay:Undeath\u0027s Touch"],"relics":["Burning Blood","ReplayTheSpireMod:TigerMarble","Odd Mushroom","Vajra","Replay:Grab Bag","ChewingGum","Electric Blood","Replay:Drink Me","Pet Ghost","War Paint","Bottled Tornado","Eternal Feather","Snack Pack","CeramicFish","Tiny House","Ancient Tea Set","Mirror","Regal Pillow","Pen Nib","Strawberry","Replay:Baseball"],"acts_visited":["Exordium","TheCity","TheBeyond","TheEnding"],"potions_floor_usage":[7,16,31,37,37,41,45,47,55,55,55],"damage_taken":[{"damage":3,"enemies":"Jaw Worm","floor":1,"turns":4},{"damage":2,"enemies":"2 Louse","floor":2,"turns":3},{"damage":4,"enemies":"Small Slimes","floor":3,"turns":4},{"damage":41,"enemies":"Lagavulin","floor":7,"turns":8},{"damage":32,"enemies":"The Mushroom Lair","floor":10,"turns":5},{"damage":26,"enemies":"Gremlin Nob","floor":12,"turns":4},{"damage":5,"enemies":"Gremlin Gang","floor":14,"turns":3},{"damage":15,"enemies":"Fading Forest","floor":16,"turns":11},{"damage":7,"enemies":"Shell Parasite","floor":18,"turns":3},{"damage":11,"enemies":"3 Byrds","floor":20,"turns":2},{"damage":4,"enemies":"Snecko","floor":21,"turns":3},{"damage":8,"enemies":"Shelled Parasite and Fungi","floor":22,"turns":4},{"damage":6,"enemies":"Gremlin Leader","floor":23,"turns":2},{"damage":8,"enemies":"3 Cultists","floor":24,"turns":2},{"damage":9,"enemies":"Cultist and Chosen","floor":25,"turns":2},{"damage":1,"enemies":"theDuelist:KaibaA2","floor":27,"turns":1},{"damage":4,"enemies":"Centurion and Healer","floor":28,"turns":2},{"damage":4,"enemies":"Slavers","floor":31,"turns":2},{"damage":37,"enemies":"Champ","floor":33,"turns":5},{"damage":12,"enemies":"3 Darklings","floor":35,"turns":4},{"damage":2,"enemies":"Orb Walker","floor":36,"turns":2},{"damage":11,"enemies":"Maw","floor":37,"turns":5},{"damage":13,"enemies":"Sphere and 2 Shapes","floor":39,"turns":4},{"damage":10,"enemies":"R_Hoarder","floor":41,"turns":5},{"damage":10,"enemies":"Giant Head","floor":44,"turns":4},{"damage":11,"enemies":"Transient","floor":45,"turns":5},{"damage":12,"enemies":"Nemesis","floor":47,"turns":5},{"damage":26,"enemies":"Time Eater","floor":50,"turns":7},{"damage":38,"enemies":"Shield and Spear","floor":54,"turns":5},{"damage":119,"enemies":"The Heart","floor":55,"turns":6}],"seed_played":"9007046381474625588","potions_obtained":[{"floor":2,"key":"LiquidBronze"},{"floor":3,"key":"Dexterity Potion"},{"floor":14,"key":"ColorlessPotion"},{"floor":31,"key":"SpeedPotion"},{"floor":33,"key":"ColorlessPotion"},{"floor":34,"key":"BloodPotion"},{"floor":37,"key":"AttackPotion"},{"floor":41,"key":"Explosive Potion"},{"floor":45,"key":"Weak Potion"},{"floor":54,"key":"Fire Potion"}],"is_trial":false,"path_per_floor":["M","M","M","?","?","R","E","R","T","?","R","E","R","M","R","B",null,"M","?","M","M","M","E","M","M","T","E","M","$","?","E","R","B",null,"M","M","M","$","M","R","E","R","T","E","M","?","E","?","R","B",null,"R","$","E","B"],"character_chosen":"IRONCLAD","items_purchased":["Limit Break","SkillPotion","Snack Pack","DistilledChaos","Clash","Infernal Blade","Immolate","Strawberry","Thunderclap+1","Life Link"],"campfire_rested":2,"item_purchase_floors":[29,29,29,38,38,38,38,53,53,53],"current_hp_per_floor":[83,87,88,88,93,93,58,58,58,35,63,43,71,72,72,75,72,71,71,69,71,69,69,67,64,64,69,74,74,74,78,78,53,77,83,83,82,82,81,83,83,83,83,83,83,78,80,80,83,70,80,83,90,68,0,0],"gold":82,"neow_bonus":"TEN_PERCENT_HP_BONUS","is_daily":false,"chose_seed":false,"campfire_upgraded":7,"win_rate":0.0,"timestamp":1613700299,"path_taken":["M","M","M","?","?","R","E","R","T","?","R","E","R","M","R","BOSS","M","?","M","M","M","E","M","M","T","E","M","$","?","E","R","BOSS","M","M","?","$","M","R","E","R","T","E","M","?","E","?","R","BOSS","R","$","E","BOSS"],"items_purchased_type":["Card","Potion","Relic","Potion","Card","Card","Card","Relic","Card","Card"],"build_version":"2020-12-22","purchased_purges":1,"victory":false,"max_hp_per_floor":[88,88,88,88,93,93,93,93,93,96,96,96,96,96,96,96,72,72,72,72,72,72,72,72,72,72,72,75,75,75,78,78,78,83,83,83,83,83,83,83,83,83,83,83,83,83,83,83,83,83,83,83,90,90,90,90],"card_choices":[{"not_picked":["Replay:Undeath\u0027s Touch","Entrench"],"picked":"Shrug It Off","floor":1},{"not_picked":["Anger","Iron Wave"],"picked":"Inflame","floor":2},{"not_picked":["Sword Boomerang","Heavy Blade"],"picked":"Headbutt","floor":3},{"not_picked":["Clothesline","ReplayTheSpireMod:Strike From Hell"],"picked":"Replay:Undeath\u0027s Touch","floor":7},{"not_picked":["Intimidate","Run Through"],"picked":"Anger","floor":10},{"not_picked":["Life Link","Sentinel"],"picked":"Carnage","floor":12},{"not_picked":["Replay:Undeath\u0027s Touch","Clothesline"],"picked":"Flex","floor":14},{"not_picked":["Corruption","Juggernaut"],"picked":"Brutality","floor":16},{"not_picked":["Wild Strike","ReplayTheSpireMod:Strike From Hell"],"picked":"Thunderclap+1","floor":18},{"not_picked":["Thunderclap","Headbutt"],"picked":"Bloodletting+1","floor":20},{"not_picked":["Ghostly Armor","Replay:Undeath\u0027s Touch"],"picked":"Armaments+1","floor":21},{"not_picked":["Thunderclap","Feel No Pain"],"picked":"Run Through+1","floor":22},{"not_picked":["Fire Breathing","Bloodletting"],"picked":"Feed","floor":23},{"not_picked":["True Grit","Entrench"],"picked":"Twin Strike","floor":24},{"not_picked":["Whirlwind+1","Twin Strike"],"picked":"Pommel Strike+1","floor":25},{"not_picked":["Body Slam","Clash"],"picked":"Demon Form","floor":27},{"not_picked":["Perfected Strike","Spot Weakness"],"picked":"Heavy Blade+1","floor":28},{"not_picked":["ReplayTheSpireMod:Corrosion Curse","Sentinel+1"],"picked":"Clash","floor":31},{"not_picked":["Eclipse","Berserk"],"picked":"Bludgeon","floor":33},{"not_picked":["Power Through","Abandon+1"],"picked":"Wild Strike+1","floor":34},{"not_picked":["Battle Trance+1","Body Slam"],"picked":"ReplayTheSpireMod:LeadingStrike+1","floor":35},{"not_picked":["True Grit","Shrug It Off+1"],"picked":"Anger","floor":36},{"not_picked":["Wild Strike+1","Hemokinesis+1"],"picked":"Armaments+1","floor":37},{"not_picked":["Clothesline+1","Iron Wave+1"],"picked":"Body Slam+1","floor":39},{"not_picked":["Feel No Pain","Sentinel"],"picked":"Heavy Blade","floor":41},{"not_picked":["Flex","Pommel Strike"],"picked":"Infernal Blade+1","floor":44},{"not_picked":["Whirlwind","Pummel"],"picked":"ReplayTheSpireMod:Stacked+1","floor":45},{"not_picked":["Enlightenment","ReplayTheSpireMod:Necrogeddon"],"picked":"Panache","floor":46},{"not_picked":["Thinking Ahead","Forethought"],"picked":"Mind Blast","floor":46},{"not_picked":["Hemokinesis","Barricade"],"picked":"Replay:Undeath\u0027s Touch+1","floor":47},{"not_picked":["Armaments+1","Perfected Strike+1"],"picked":"Replay:Undeath\u0027s Touch","floor":54}],"player_experience":918378,"relics_obtained":[{"floor":7,"key":"ReplayTheSpireMod:TigerMarble"},{"floor":10,"key":"Odd Mushroom"},{"floor":12,"key":"Vajra"},{"floor":23,"key":"War Paint"},{"floor":26,"key":"Bottled Tornado"},{"floor":27,"key":"Eternal Feather"},{"floor":31,"key":"CeramicFish"},{"floor":41,"key":"Ancient Tea Set"},{"floor":43,"key":"Mirror"},{"floor":44,"key":"Regal Pillow"},{"floor":47,"key":"Pen Nib"},{"floor":54,"key":"Replay:Baseball"}],"event_choices":[{"damage_healed":0,"gold_gain":0,"player_choice":"Grow","damage_taken":0,"max_hp_gain":0,"max_hp_loss":0,"event_name":"Living Wall","floor":4,"gold_loss":0,"cards_upgraded":["Bash"]},{"damage_healed":0,"gold_gain":0,"player_choice":"Donut","damage_taken":0,"max_hp_gain":5,"max_hp_loss":0,"event_name":"Big Fish","floor":5,"gold_loss":0},{"damage_healed":0,"gold_gain":0,"player_choice":"Fought Mushrooms","damage_taken":0,"max_hp_gain":0,"max_hp_loss":0,"event_name":"Mushrooms","floor":10,"gold_loss":0},{"damage_healed":0,"gold_gain":100,"player_choice":"Pray","damage_taken":0,"max_hp_gain":0,"max_hp_loss":0,"event_name":"Golden Shrine","floor":30,"gold_loss":0},{"damage_healed":0,"gold_gain":0,"player_choice":"Memory 2","damage_taken":5,"max_hp_gain":0,"max_hp_loss":0,"event_name":"SensoryStone","floor":46,"gold_loss":0},{"cards_removed":["Body Slam"],"damage_healed":0,"gold_gain":0,"player_choice":"Removed Attack","damage_taken":0,"max_hp_gain":0,"max_hp_loss":0,"event_name":"Falling","floor":48,"gold_loss":0}],"is_beta":false,"boss_relics":[{"not_picked":["Ectoplasm","SacredBark"],"picked":"Replay:Grab Bag"},{"not_picked":["Velvet Choker","Runic Dome"],"picked":"ChewingGum"},{"not_picked":["Fusion Hammer","Philosopher\u0027s Stone"],"picked":"Electric Blood"},{"not_picked":["Ring of Chaos","Astrolabe"],"picked":"Replay:Drink Me"},{"not_picked":["Kintsugi","Black Blood"],"picked":"Tiny House"}],"items_purged_floors":[29],"is_endless":false,"potions_floor_spawned":[2,3,14,24,25,27,28,31,33,37,41,45,54],"killed_by":"The Heart","ascension_level":10}}