{"host":"x730sfaw5rd1mxd8","time":1613770220,"event":{"mods":["BaseMod","BetterRewards","Colored Powertips","Downfall","Highlight Path","Minty Spire (QoL Compilation)","Relic Sorter","Relic Stats","Replay The Spire","StSLib"],"gold_per_floor":[99,109,109,123,140,140,165,175,188,188,219,237,37,49,68,167,167,167,180,192,202,112,112,112,112,141,141,126,154,154,139,149,249,249,149,159,173,173,185,199,223,223,223,417,417,437,457,474,493,493,493,493],"floor_reached":50,"language":"ENG","playtime":5597,"items_purged":["Slimebound:Strike_Slimebound"],"score":565,"play_id":"185e9ba1-fad1-45fa-8d0b-07cbc086bbb0","local_time":"20210219163020","is_ascension_mode":false,"campfire_choices":[{"data":"Slimebound:CorrosiveSpit","floor":1.0,"key":"SMITH"},{"data":"Slimebound:Split","floor":6.0,"key":"SMITH"},{"data":"Slimebound:GoopSpray","floor":13.0,"key":"SMITH"},{"data":"Slimebound:Recycling","floor":18.0,"key":"SMITH"},{"data":"Slimebound:MegaLick","floor":23.0,"key":"SMITH"},{"floor":30.0,"key":"RECALL"},{"data":"Slimebound:PrepareCrush","floor":35.0,"key":"SMITH"},{"floor":45.0,"key":"REST"}],"circlet_count":0,"master_deck":["Slimebound:Defend_Slimebound+1","Slimebound:Defend_Slimebound+1","Slimebound:Defend_Slimebound","Slimebound:CorrosiveSpit+1","Slimebound:Prepare","Slimebound:SamplingLick","Slimebound:GoopSpray+1","Slimebound:MegaLick+1","Slimebound:Recycling+1","Slimebound:MegaLick+1","Slimebound:FlameTackle","Slimebound:DouseInSlime","Slimebound:DouseInSlime","Slimebound:ComboTackle","Slimebound:RollThrough","Slimebound:PrepareCrush+1","Slimebound:SlimeSpikes","Slimebound:AcidTongue+1","Slimebound:Prepare+1","Slimebound:LivingWall+1","Slimebound:SamplingLick+1","Slimebound:CheckThePlaybook","Slimebound:LeechingTouch","Slimebound:HauntingLick+1"],"relics":["Black Star","Kunai","Replay:PocketPolymizer","Bag of Marbles","downfall:HeartBlessingGreen","downfall:HeartBlessingBlue","Slimebound:TarBlob","Iron Hammer","Omamori","Simple Rune","Anchor","Matryoshka","Ring of Chaos","downfall:HeartBlessingRed","Pet Ghost","Replay:Rubber Ducky","Membership Card"],"acts_visited":["Exordium","TheCity","TheBeyond"],"potions_floor_usage":[50,50,50],"damage_taken":[{"damage":5.0,"enemies":"Small Slimes","floor":2.0,"turns":4.0},{"damage":0.0,"enemies":"2 Louse","floor":4.0,"turns":2.0},{"damage":0.0,"enemies":"Cultist","floor":5.0,"turns":3.0},{"damage":1.0,"enemies":"Large Slime","floor":8.0,"turns":6.0},{"damage":0.0,"enemies":"downfall:LooterAlt","floor":9.0,"turns":3.0},{"damage":21.0,"enemies":"Gremlin Nob","floor":11.0,"turns":4.0},{"damage":0.0,"enemies":"Blue Slaver","floor":12.0,"turns":3.0},{"damage":0.0,"enemies":"2 Fungi Beasts","floor":14.0,"turns":4.0},{"damage":0.0,"enemies":"Red Slaver","floor":15.0,"turns":4.0},{"damage":3.0,"enemies":"DF_ARCHETYPE_STREAMLINE","floor":16.0,"turns":10.0},{"damage":0.0,"enemies":"Shell Parasite","floor":19.0,"turns":5.0},{"damage":0.0,"enemies":"3 Byrds","floor":20.0,"turns":5.0},{"damage":4.0,"enemies":"Shelled Parasite and Fungi","floor":21.0,"turns":6.0},{"damage":0.0,"enemies":"downfall:FleeingMerchant","floor":22.0,"turns":4.0},{"damage":0.0,"enemies":"Book of Stabbing","floor":26.0,"turns":5.0},{"damage":10.0,"enemies":"downfall:FleeingMerchant","floor":28.0,"turns":4.0},{"damage":6.0,"enemies":"Slavers","floor":29.0,"turns":4.0},{"damage":6.0,"enemies":"downfall:FleeingMerchant","floor":31.0,"turns":4.0},{"damage":0.0,"enemies":"Snake Plant","floor":32.0,"turns":2.0},{"damage":14.0,"enemies":"WA_ARCHETYPE_CALM","floor":33.0,"turns":7.0},{"damage":0.0,"enemies":"3 Shapes","floor":36.0,"turns":3.0},{"damage":7.0,"enemies":"3 Darklings","floor":37.0,"turns":4.0},{"damage":24.0,"enemies":"Transient","floor":39.0,"turns":5.0},{"damage":6.0,"enemies":"Maw","floor":40.0,"turns":5.0},{"damage":0.0,"enemies":"downfall:FleeingMerchant","floor":44.0,"turns":1.0},{"damage":6.0,"enemies":"Spire Growth","floor":46.0,"turns":3.0},{"damage":0.0,"enemies":"4 Shapes","floor":47.0,"turns":5.0},{"damage":0.0,"enemies":"Writhing Mass","floor":48.0,"turns":5.0},{"damage":0.0,"enemies":"Jaw Worm Horde","floor":49.0,"turns":4.0},{"damage":64,"enemies":"SI_POISON_ARCHETYPE","floor":50,"turns":4}],"seed_played":"7988764494069431130","potions_obtained":[{"floor":2.0,"key":"Languid Potion"},{"floor":10.0,"key":"Energy Potion"},{"floor":10.0,"key":"Slimebound:SlimyTonguePotion"},{"floor":10.0,"key":"Dexterity Potion"},{"floor":11.0,"key":"Ancient Potion"},{"floor":12.0,"key":"SkillPotion"},{"floor":16.0,"key":"Adrenaline Potion"},{"floor":26.0,"key":"CultistPotion"},{"floor":27.0,"key":"CultistPotion"},{"floor":29.0,"key":"bronze:BurnAndBuffPotion"},{"floor":33.0,"key":"Strength Potion"},{"floor":36.0,"key":"Milkshake"}],"is_trial":false,"path_per_floor":["R","M","?","M","M","R","T","M","M","?","E","M","R","M","M","B",null,"R","M","M","M","$","R","T","?","E","?","$","E","R","$","M","B",null,"R","M","M","?","M","M","T","?","?","?","R","M","M","M","M","B"],"character_chosen":"SLIMEBOUND","items_purchased":["Membership Card"],"campfire_rested":1,"item_purchase_floors":[44],"current_hp_per_floor":[65,60,48,48,48,48,48,47,47,47,26,26,36,36,36,33,75,75,75,75,71,71,71,71,57,57,57,47,41,41,35,35,21,80,80,80,73,73,49,43,43,43,43,43,67,61,61,61,61,0,0,0],"gold":493,"neow_bonus":"BOSS_RELIC","is_daily":false,"chose_seed":false,"campfire_upgraded":6,"win_rate":0.0,"timestamp":1613770220,"path_taken":["R","M","?","M","M","R","T","M","M","?","E","M","R","M","M","BOSS","R","M","M","M","?","R","T","?","E","?","?","E","R","$","M","BOSS","R","M","M","?","?","M","T","?","?","?","R","M","M","?","M","BOSS"],"items_purchased_type":["Relic"],"build_version":"2020-12-22","purchased_purges":1,"victory":false,"max_hp_per_floor":[65,65,65,65,65,65,65,65,65,65,65,65,75,75,75,75,75,75,75,75,75,75,75,75,80,80,80,80,80,80,80,80,80,80,80,80,80,80,80,80,80,80,80,80,80,80,80,80,80,80,80,80],"relic_stats":{"counters":[30,127],"Black Star":3,"Kunai":[6],"obtain_stats":[{"Replay:PocketPolymizer":11,"downfall:HeartBlessingRed":35,"downfall:HeartBlessingGreen":13,"Ring of Chaos":34,"Omamori":26,"Pet Ghost":41,"Slimebound:TarBlob":17,"Replay:Rubber Ducky":41,"Anchor":29,"Matryoshka":29,"downfall:HeartBlessingBlue":13,"Simple Rune":26,"Iron Hammer":24,"Slimebound:AbsorbEndCombat":0,"Black Star":0,"Bag of Marbles":11,"Kunai":3,"Membership Card":44},{"Replay:PocketPolymizer":6,"downfall:HeartBlessingRed":20,"downfall:HeartBlessingGreen":7,"Ring of Chaos":20,"Omamori":15,"Pet Ghost":24,"Slimebound:TarBlob":10,"Replay:Rubber Ducky":24,"Anchor":17,"Matryoshka":17,"downfall:HeartBlessingBlue":7,"Simple Rune":15,"Iron Hammer":14,"Slimebound:AbsorbEndCombat":0,"Black Star":0,"Bag of Marbles":6,"Kunai":1,"Membership Card":25},{"Replay:PocketPolymizer":22,"downfall:HeartBlessingRed":88,"downfall:HeartBlessingGreen":25,"Ring of Chaos":88,"Omamori":67,"Pet Ghost":105,"Slimebound:TarBlob":42,"Replay:Rubber Ducky":105,"Anchor":75,"Matryoshka":75,"downfall:HeartBlessingBlue":25,"Simple Rune":67,"Iron Hammer":62,"Slimebound:AbsorbEndCombat":0,"Black Star":0,"Bag of Marbles":22,"Kunai":4,"Membership Card":106}]},"card_choices":[{"not_picked":["Slimebound:Chomp","Slimebound:SplitAcid","Slimebound:ComboTackle"],"picked":"SKIP","floor":2.0},{"not_picked":["Slimebound:LevelUp","Slimebound:SplitLeeching"],"picked":"Slimebound:Prepare","floor":4.0},{"not_picked":["Slimebound:FlameTackle","Slimebound:LeechEnergy"],"picked":"Slimebound:SamplingLick","floor":5.0},{"not_picked":["Slimebound:FinishingTackle","Slimebound:Replication","Slimebound:ItLooksTasty"],"picked":"SKIP","floor":8.0},{"not_picked":["Slimebound:FinishingTackle","Slimebound:LeechingTouch"],"picked":"Slimebound:GoopSpray","floor":9.0},{"not_picked":["Slimebound:TongueLash","Slimebound:Dissolve"],"picked":"Slimebound:MegaLick","floor":11.0},{"not_picked":["Slimebound:Chomp","Slimebound:SlimeSpikes"],"picked":"Slimebound:SplitSpecialist","floor":12.0},{"not_picked":["Slimebound:Darklings","Slimebound:LeechingTouch","Slimebound:Schlurp"],"picked":"SKIP","floor":14.0},{"not_picked":["Slimebound:LeechEnergy","Slimebound:GoopSpray","Slimebound:RollThrough"],"picked":"SKIP","floor":15.0},{"not_picked":["Slimebound:PrepareCrush","Slimebound:Darklings"],"picked":"Slimebound:Recycling","floor":16.0},{"not_picked":["Slimebound:Schlurp","Slimebound:PressTheAttack","Slimebound:GoopSpray"],"picked":"SKIP","floor":19.0},{"not_picked":["Slimebound:RejuvenatingLick","Slimebound:ItLooksTasty"],"picked":"Slimebound:MegaLick+1","floor":20.0},{"not_picked":["Slimebound:ComboTackle","Slimebound:HauntingLick","Slimebound:LeechEnergy+1"],"picked":"SKIP","floor":21.0},{"not_picked":["Slimebound:Repurpose","Slimebound:GoopSpray"],"picked":"Slimebound:FlameTackle","floor":22.0},{"not_picked":["Slimebound:Schlurp","Slimebound:GoopTackle"],"picked":"Slimebound:DouseInSlime","floor":26.0},{"not_picked":["Slimebound:Schlurp","Slimebound:GoopTackle","Slimebound:GrowthPunch"],"picked":"SKIP","floor":28.0},{"not_picked":["Slimebound:PressTheAttack+1","Slimebound:SplitLeeching","Slimebound:SlimeSpikes"],"picked":"SKIP","floor":29.0},{"not_picked":["Slimebound:HauntingLick","Slimebound:MegaLick"],"picked":"Slimebound:RollThrough","floor":31.0},{"not_picked":["Slimebound:LeechEnergy","Slimebound:HauntingLick","Slimebound:Grow"],"picked":"SKIP","floor":32.0},{"not_picked":["Slimebound:MassFeed","Slimebound:OneTwoCombo"],"picked":"Slimebound:PrepareCrush","floor":33.0},{"not_picked":["Slimebound:SplitBruiser","Slimebound:GoopSpray+1"],"picked":"Slimebound:AcidTongue+1","floor":36.0},{"not_picked":["Slimebound:Dissolve+1","Slimebound:SplitBruiser"],"picked":"Slimebound:Prepare+1","floor":37.0},{"not_picked":["Slimebound:MegaLick+1","Slimebound:ItLooksTasty"],"picked":"Slimebound:LivingWall+1","floor":39.0},{"not_picked":["Slimebound:ComboTackle+1","Slimebound:BestDefense"],"picked":"Slimebound:SamplingLick+1","floor":40.0},{"not_picked":["Slimebound:SlimeBarrage","Slimebound:SplitLeeching+1"],"picked":"Slimebound:CheckThePlaybook","floor":44.0},{"not_picked":["Slimebound:ProtectTheBoss","Slimebound:SplitLeeching+1","Slimebound:PressTheAttack"],"picked":"SKIP","floor":46.0},{"not_picked":["Slimebound:SplitBruiser+1","Slimebound:SlimeBrawl+1"],"picked":"Slimebound:HauntingLick+1","floor":47.0},{"not_picked":["Slimebound:LeechingTouch+1","Slimebound:SplitBruiser+1","Slimebound:GoopTackle+1"],"picked":"SKIP","floor":48.0},{"not_picked":["Slimebound:SlimeSpikes+1","Slimebound:CheckThePlaybook","Slimebound:SplitMire+1"],"picked":"SKIP","floor":49.0}],"player_experience":4208724,"relics_obtained":[{"floor":11.0,"key":"Replay:PocketPolymizer"},{"floor":11.0,"key":"Bag of Marbles"},{"floor":24.0,"key":"Iron Hammer"},{"floor":26.0,"key":"Omamori"},{"floor":26.0,"key":"Simple Rune"},{"floor":29.0,"key":"Anchor"},{"floor":29.0,"key":"Matryoshka"},{"floor":41.0,"key":"Pet Ghost"},{"floor":41.0,"key":"Replay:Rubber Ducky"}],"event_choices":[{"damage_healed":0.0,"max_hp_gain":0.0,"max_hp_loss":0.0,"gold_gain":0.0,"event_name":"Scrap Ooze","player_choice":"Success","floor":3.0,"gold_loss":0.0,"damage_taken":12.0,"relics_obtained":["Kunai"]},{"damage_healed":0.0,"max_hp_gain":0.0,"max_hp_loss":0.0,"gold_gain":0.0,"event_name":"Lab","player_choice":"Got Potions","floor":10.0,"gold_loss":0.0,"damage_taken":0.0},{"cards_removed":["Slimebound:Split"],"damage_healed":0.0,"max_hp_gain":0.0,"max_hp_loss":0.0,"gold_gain":0.0,"event_name":"Wheel of Change","player_choice":"Card Removal","floor":38.0,"gold_loss":0.0,"damage_taken":0.0},{"cards_removed":["Slimebound:ComboTackle"],"damage_healed":0.0,"max_hp_gain":0.0,"max_hp_loss":0.0,"gold_gain":0.0,"event_name":"Falling","player_choice":"Removed Attack","floor":42.0,"gold_loss":0.0,"damage_taken":0.0}],"is_beta":false,"boss_relics":[{"not_picked":["Sozu","Replay:Wanted Poster"],"picked":"Slimebound:TarBlob"},{"not_picked":["Snecko Heart","Tiny House"],"picked":"Ring of Chaos"}],"items_purged_floors":[22],"is_endless":false,"potions_floor_spawned":[2,11,12,14,16,19,20,26,29,33,36,37,46,49],"killed_by":"SI_POISON_ARCHETYPE","ascension_level":0}}