{"host":"test","time":1613747357,"event":{"mods":["BaseMod","Colored Map","Colored Powertips","Minty Spire (QoL Compilation)","Relic Stats","StSLib","ojb\u0027s Better Paths Mod","ojb\u0027s Info Mod"],"gold_per_floor":[112,130,141,10,10,10,36,36,36,98,98,133,143,158,158,232,232,247,247,8,58,76,101,114,144,144,144,169,169,183,200,200,279,279,293,1292,1303,1314,1324,1352,1363,651,674,674,685,685,685,685,685,685,685,685,685,2,27,27],"floor_reached":57,"language":"JPN","playtime":3652,"items_purged":["Normality","Normality"],"score":3004,"play_id":"d7a2d917-dbc3-4b67-99a6-5c567c6e297a","local_time":"20210220000917","is_ascension_mode":true,"campfire_choices":[{"data":"Doom and Gloom","floor":6.0,"key":"SMITH"},{"data":"Capacitor","floor":8.0,"key":"SMITH"},{"data":"Defragment","floor":11.0,"key":"SMITH"},{"data":"Tempest","floor":15.0,"key":"SMITH"},{"data":"Seek","floor":27.0,"key":"SMITH"},{"floor":29.0,"key":"REST"},{"data":"Buffer","floor":32.0,"key":"SMITH"},{"floor":44,"key":"RECALL"},{"data":"Multi-Cast","floor":47,"key":"SMITH"},{"data":"Hologram","floor":49,"key":"SMITH"},{"data":"Reinforced Body","floor":53,"key":"SMITH"}],"circlet_count":0,"master_deck":["AscendersBane","Dualcast","Cold Snap+1","Undo","Tempest+1","Doom and Gloom+1","Capacitor+1","Defragment+1","Compile Driver","Coolheaded","Glacier","Electrodynamics","Genetic Algorithm","Seek+1","Static Discharge","Buffer+1","Tempest","Turbo","Conserve Battery","Cold Snap","Ball Lightning","Skim","Buffer+1","Coolheaded","Machine Learning+1","Steam","BootSequence","Echo Form+1","Coolheaded+1","Hologram+1","Reinforced Body+1","Multi-Cast+1","Capacitor+1","Hologram+1","Doom and Gloom","Dark Shackles+1","Reinforced Body+1"],"relics":["Philosopher\u0027s Stone","Ornamental Fan","The Courier","Incense Burner","Whetstone","Pandora\u0027s Box","Chemical X","Frozen Egg 2","Kunai","Pantograph","Bottled Tornado","Snecko Eye","Dream Catcher","ClockworkSouvenir","Toxic Egg 2","CaptainsWheel","DataDisk","Happy Flower","Centennial Puzzle","Orichalcum"],"acts_visited":["Exordium","TheCity","TheBeyond","TheEnding"],"potions_floor_usage":[39,45,50,56,56],"damage_taken":[{"damage":0.0,"enemies":"Cultist","floor":1.0,"turns":3.0},{"damage":4.0,"enemies":"Small Slimes","floor":2.0,"turns":5.0},{"damage":6.0,"enemies":"Jaw Worm","floor":3.0,"turns":4.0},{"damage":7.0,"enemies":"Gremlin Nob","floor":7.0,"turns":3.0},{"damage":14.0,"enemies":"3 Sentries","floor":10.0,"turns":5.0},{"damage":12.0,"enemies":"Lagavulin","floor":12.0,"turns":5.0},{"damage":0.0,"enemies":"Blue Slaver","floor":13.0,"turns":4.0},{"damage":1.0,"enemies":"3 Louse","floor":14.0,"turns":6.0},{"damage":0.0,"enemies":"Slime Boss","floor":16.0,"turns":5.0},{"damage":4.0,"enemies":"Chosen","floor":18.0,"turns":5.0},{"damage":0.0,"enemies":"Spheric Guardian","floor":22.0,"turns":3.0},{"damage":0.0,"enemies":"Book of Stabbing","floor":23.0,"turns":4.0},{"damage":0.0,"enemies":"Chosen and Byrds","floor":24.0,"turns":4.0},{"damage":0.0,"enemies":"Gremlin Leader","floor":25.0,"turns":8.0},{"damage":31.0,"enemies":"Slavers","floor":28.0,"turns":3.0},{"damage":0.0,"enemies":"3 Cultists","floor":30.0,"turns":2.0},{"damage":2.0,"enemies":"Cultist and Chosen","floor":31.0,"turns":3.0},{"damage":0.0,"enemies":"Collector","floor":33.0,"turns":13.0},{"damage":0.0,"enemies":"3 Shapes","floor":35.0,"turns":3.0},{"damage":0.0,"enemies":"Orb Walker","floor":37.0,"turns":5.0},{"damage":0.0,"enemies":"Transient","floor":38.0,"turns":6.0},{"damage":16,"enemies":"Writhing Mass","floor":39,"turns":7},{"damage":3,"enemies":"Giant Head","floor":40,"turns":11},{"damage":0,"enemies":"Spire Growth","floor":41,"turns":5},{"damage":0,"enemies":"Jaw Worm Horde","floor":45,"turns":2},{"damage":16,"enemies":"Time Eater","floor":50,"turns":9},{"damage":11,"enemies":"Awakened One","floor":51,"turns":23},{"damage":0,"enemies":"Shield and Spear","floor":55,"turns":6},{"damage":28,"enemies":"The Heart","floor":56,"turns":13}],"seed_played":"4489126259785823744","potions_obtained":[{"floor":3.0,"key":"FocusPotion"},{"floor":10.0,"key":"Dexterity Potion"},{"floor":13.0,"key":"Block Potion"},{"floor":25.0,"key":"DuplicationPotion"},{"floor":31.0,"key":"Block Potion"},{"floor":41,"key":"FearPotion"},{"floor":45,"key":"Block Potion"},{"floor":55,"key":"Ancient Potion"}],"is_trial":false,"path_per_floor":["M","M","M","$","?","R","E","R","T","?","R","E","M","M","R","B",null,"M","?","$","?","M","E","M","E","T","R","E","R","M","M","R","B",null,"M","?","M","M","M","E","M","$","T","R","M","?","R","?","R","B","B",null,"R","$","E","B",null],"character_chosen":"DEFECT","items_purchased":["Doom and Gloom","FearPotion","Chemical X","Skim","FocusPotion","ClockworkSouvenir","Toxic Egg 2","CaptainsWheel","Capacitor+1","DataDisk","SkillPotion","ColorlessPotion","Happy Flower","Centennial Puzzle","Doom and Gloom","Dark Shackles+1"],"campfire_rested":1,"item_purchase_floors":[4,4,20,20,20,42,42,42,42,54,54,54,54,54,54,54],"current_hp_per_floor":[64,60,54,54,54,54,47,47,47,33,33,21,21,20,20,20,58,54,54,54,54,54,54,54,54,54,54,23,44,44,42,42,67,70,70,70,70,70,54,51,51,51,51,51,51,51,51,51,51,51,56,64,64,64,64,39],"gold":27,"neow_bonus":"BOSS_RELIC","is_daily":false,"chose_seed":true,"campfire_upgraded":9,"win_rate":0.0,"timestamp":1613747357,"path_taken":["M","M","?","$","?","R","E","R","T","?","R","E","M","M","R","BOSS","M","?","$","?","M","E","M","E","T","R","E","R","M","M","R","BOSS","M","?","M","M","M","E","M","$","T","R","M","?","R","?","R","BOSS","BOSS","R","$","E","BOSS"],"items_purchased_type":["Card","Potion","Relic","Card","Potion","Relic","Relic","Relic","Card","Relic","Potion","Potion","Relic","Relic","Card","Card"],"build_version":"2020-12-18","purchased_purges":2,"victory":true,"max_hp_per_floor":[71,71,71,71,71,71,71,71,71,71,71,71,71,71,71,71,71,71,71,71,71,71,71,71,71,71,71,71,71,71,71,71,71,71,71,71,71,71,71,71,71,71,71,71,71,71,71,67,67,67,67,67,67,67,67,67],"relic_stats":{"Happy Flower":[6],"counters":[29,175],"Whetstone":["Strike_B","Cold Snap"],"Orichalcum":[6],"Dream Catcher":0,"Centennial Puzzle":[3],"Ornamental Fan":[16],"Pantograph":60,"Snecko Eye":[153,141,137,153],"Pandora\u0027s Box":["Genetic Algorithm","Seek","Static Discharge","Rebound","Buffer","Tempest","Turbo","Conserve Battery"],"Chemical X":[58],"Kunai":[4],"obtain_stats":[{"Happy Flower":54,"The Courier":9,"Incense Burner":10,"Whetstone":12,"Frozen Egg 2":23,"Bottled Tornado":28,"Orichalcum":55,"ClockworkSouvenir":42,"Dream Catcher":40,"CaptainsWheel":42,"DataDisk":54,"Centennial Puzzle":54,"Ornamental Fan":7,"Pantograph":26,"Snecko Eye":34,"Philosopher\u0027s Stone":0,"Pandora\u0027s Box":17,"Chemical X":20,"Kunai":25,"Toxic Egg 2":42,"Cracked Core":0},{"Happy Flower":27,"The Courier":4,"Incense Burner":5,"Whetstone":6,"Frozen Egg 2":12,"Bottled Tornado":15,"Orichalcum":28,"ClockworkSouvenir":24,"Dream Catcher":23,"CaptainsWheel":24,"DataDisk":27,"Centennial Puzzle":27,"Ornamental Fan":4,"Pantograph":14,"Snecko Eye":18,"Philosopher\u0027s Stone":0,"Pandora\u0027s Box":9,"Chemical X":10,"Kunai":14,"Toxic Egg 2":24,"Cracked Core":0},{"Happy Flower":156,"The Courier":15,"Incense Burner":20,"Whetstone":25,"Frozen Egg 2":52,"Bottled Tornado":67,"Orichalcum":162,"ClockworkSouvenir":122,"Dream Catcher":117,"CaptainsWheel":122,"DataDisk":156,"Centennial Puzzle":156,"Ornamental Fan":15,"Pantograph":64,"Snecko Eye":85,"Philosopher\u0027s Stone":0,"Pandora\u0027s Box":40,"Chemical X":45,"Kunai":64,"Toxic Egg 2":122,"Cracked Core":0}]},"card_choices":[{"not_picked":["Beam Cell","Compile Driver"],"picked":"Cold Snap","floor":1.0},{"not_picked":["Stack","Lockon"],"picked":"Undo","floor":2.0},{"not_picked":["Chaos","Hologram"],"picked":"Tempest","floor":3.0},{"not_picked":["Storm","Go for the Eyes"],"picked":"Capacitor","floor":7.0},{"not_picked":["Hologram","Leap"],"picked":"Defragment","floor":10.0},{"not_picked":["Scrape","Conserve Battery"],"picked":"Compile Driver","floor":12.0},{"not_picked":["Go for the Eyes","Doom and Gloom"],"picked":"Coolheaded","floor":13.0},{"not_picked":["Go for the Eyes","Scrape"],"picked":"Glacier","floor":14.0},{"not_picked":["Thunder Strike","Buffer"],"picked":"Electrodynamics","floor":16.0},{"not_picked":["Beam Cell","Redo"],"picked":"Cold Snap","floor":18.0},{"not_picked":["Sweeping Beam","White Noise","Ball Lightning"],"picked":"SKIP","floor":22.0},{"not_picked":["Double Energy","Gash"],"picked":"Buffer+1","floor":23.0},{"not_picked":["Streamline","Cold Snap"],"picked":"Coolheaded","floor":24.0},{"not_picked":["Cold Snap","Leap","Creative AI+1"],"picked":"SKIP","floor":25.0},{"not_picked":["Redo","Barrage"],"picked":"Machine Learning+1","floor":28.0},{"not_picked":["Sunder","Darkness+1"],"picked":"Steam","floor":30.0},{"not_picked":["Ball Lightning","Sunder"],"picked":"BootSequence","floor":31.0},{"not_picked":["All For One","Multi-Cast"],"picked":"Echo Form+1","floor":33.0},{"not_picked":["Go for the Eyes","Barrage"],"picked":"Coolheaded+1","floor":35.0},{"not_picked":["Fusion","Ball Lightning"],"picked":"Hologram","floor":37.0},{"not_picked":["Darkness","Stack","Coolheaded"],"picked":"SKIP","floor":38.0},{"not_picked":["Ball Lightning","Static Discharge+1"],"picked":"Reinforced Body","floor":39},{"not_picked":["Recycle+1","Turbo"],"picked":"Multi-Cast","floor":40},{"not_picked":["Beam Cell+1","Steam","Storm+1"],"picked":"SKIP","floor":41},{"not_picked":["Turbo+1","Storm+1"],"picked":"Hologram+1","floor":45},{"not_picked":["Steam+1","Blizzard"],"picked":"Reinforced Body+1","floor":55}],"player_experience":2079493,"relics_obtained":[{"floor":7.0,"key":"Ornamental Fan"},{"floor":9.0,"key":"The Courier"},{"floor":10.0,"key":"Incense Burner"},{"floor":12.0,"key":"Whetstone"},{"floor":23.0,"key":"Frozen Egg 2"},{"floor":25.0,"key":"Kunai"},{"floor":26.0,"key":"Pantograph"},{"floor":28.0,"key":"Bottled Tornado"},{"floor":40,"key":"Dream Catcher"},{"floor":55,"key":"Orichalcum"}],"event_choices":[{"damage_healed":0.0,"max_hp_gain":0.0,"max_hp_loss":0.0,"gold_gain":0.0,"event_name":"Liars Game","player_choice":"Ignored","floor":5.0,"gold_loss":0.0,"damage_taken":0.0},{"damage_healed":0.0,"max_hp_gain":0.0,"max_hp_loss":0.0,"gold_gain":0.0,"event_name":"Dead Adventurer","player_choice":"Searched \u00271\u0027 times","floor":10.0,"gold_loss":0.0,"damage_taken":0.0},{"damage_healed":0.0,"max_hp_gain":0.0,"max_hp_loss":0.0,"gold_gain":0.0,"cards_transformed":["Zap","Rebound"],"event_name":"Drug Dealer","player_choice":"Became Test Subject","floor":19.0,"gold_loss":0.0,"damage_taken":0.0,"cards_obtained":["Rebound","Ball Lightning"]},{"damage_healed":0.0,"max_hp_gain":0.0,"max_hp_loss":0.0,"gold_gain":50.0,"event_name":"Golden Shrine","player_choice":"Pray","floor":21.0,"gold_loss":0.0,"damage_taken":0.0},{"damage_healed":0.0,"max_hp_gain":0.0,"max_hp_loss":0.0,"gold_gain":999.0,"event_name":"MindBloom","player_choice":"Gold","floor":36.0,"gold_loss":0.0,"damage_taken":0.0,"cards_obtained":["Normality","Normality"]},{"cards_removed":["Rebound"],"damage_healed":0,"gold_gain":0,"player_choice":"Removed Attack","damage_taken":0,"max_hp_gain":0,"max_hp_loss":0,"event_name":"Falling","floor":46,"gold_loss":0},{"damage_healed":0,"gold_gain":0,"player_choice":"Max HP","damage_taken":0,"max_hp_gain":0,"max_hp_loss":4,"event_name":"Winding Halls","floor":48,"gold_loss":0}],"is_beta":true,"boss_relics":[{"not_picked":["Velvet Choker","Black Star"],"picked":"Pandora\u0027s Box"},{"not_picked":["Inserter","Busted Crown"],"picked":"Snecko Eye"}],"items_purged_floors":[42,54],"is_endless":false,"potions_floor_spawned":[3,10,13,16,22,25,31,35,41,45,55],"ascension_level":20}}