{"host":"lxu17chzujqn8whl","time":1613768799,"event":{"mods":["BaseMod","Minty Spire (QoL Compilation)","Relic Stats","StSLib"],"gold_per_floor":[20,20,96,114,4,4,35,54,54,88,109,148,113,133,133,256,256,275,294,294,294,310,310,353,28,28,69,69,94,94,94,94],"floor_reached":31,"language":"ENG","playtime":729,"items_purged":["Strike_B","Strike_B"],"score":323,"play_id":"d051f95c-ef00-4105-8109-5613383fa03a","local_time":"20210219130639","is_ascension_mode":false,"campfire_choices":[{"data":"Hyperbeam","floor":6,"key":"SMITH"},{"data":"Doom and Gloom","floor":15,"key":"SMITH"},{"data":"Electrodynamics","floor":23,"key":"SMITH"},{"floor":28,"key":"REST"}],"circlet_count":0,"master_deck":["Strike_B","Strike_B","Defend_B","Defend_B","Defend_B","Defend_B","Zap","Dualcast","Hyperbeam+1","Cold Snap","Defragment","Doom and Gloom+1","Glacier","Conserve Battery","Conserve Battery","Sweeping Beam","Genetic Algorithm","Electrodynamics+1","Double Energy","Ball Lightning+1","Conserve Battery+1","Defragment","Turbo"],"relics":["Cracked Core","Golden Idol","WingedGreaves","Calipers","Shuriken","Juzu Bracelet","Philosopher\u0027s Stone","Orichalcum","Oddly Smooth Stone","Omamori","Bottled Lightning","Red Mask","Nilry\u0027s Codex"],"acts_visited":["Exordium","TheCity"],"potions_floor_usage":[10,11,12,16,27,31],"damage_taken":[{"damage":6,"enemies":"Jaw Worm","floor":1,"turns":2},{"damage":0,"enemies":"2 Louse","floor":4,"turns":2},{"damage":9,"enemies":"3 Sentries","floor":7,"turns":3},{"damage":0,"enemies":"Cultist","floor":8,"turns":2},{"damage":0,"enemies":"Lagavulin","floor":10,"turns":6},{"damage":9,"enemies":"2 Fungi Beasts","floor":11,"turns":2},{"damage":0,"enemies":"3 Sentries","floor":12,"turns":2},{"damage":0,"enemies":"Large Slime","floor":14,"turns":5},{"damage":19,"enemies":"Slime Boss","floor":16,"turns":11},{"damage":7,"enemies":"Shell Parasite","floor":18,"turns":8},{"damage":12,"enemies":"2 Thieves","floor":19,"turns":3},{"damage":0,"enemies":"3 Cultists","floor":22,"turns":2},{"damage":47,"enemies":"Slavers","floor":24,"turns":4},{"damage":0,"enemies":"Masked Bandits","floor":27,"turns":2},{"damage":2,"enemies":"Cultist and Chosen","floor":29,"turns":3},{"damage":13,"enemies":"Gremlin Leader","floor":31,"turns":6}],"seed_played":"7856851769933584811","potions_obtained":[{"floor":7,"key":"ColorlessPotion"},{"floor":10,"key":"Explosive Potion"},{"floor":11,"key":"Fire Potion"},{"floor":12,"key":"SkillPotion"},{"floor":24,"key":"SteroidPotion"},{"floor":27,"key":"SkillPotion"}],"is_trial":false,"path_per_floor":["M","?","?","M","$","R","E","M","T","E","M","E","?","M","R","B",null,"M","M","?","?","M","R","E","$","T","?","R","M","?","E"],"character_chosen":"DEFECT","items_purchased":["Doom and Gloom","Defragment","Omamori"],"campfire_rested":1,"item_purchase_floors":[5,25,25],"current_hp_per_floor":[69,51,51,51,51,51,42,42,42,42,33,33,51,51,51,32,75,68,56,56,56,56,56,9,9,9,9,31,29,13,0,0],"gold":94,"neow_bonus":"THREE_RARE_CARDS","is_daily":false,"chose_seed":false,"campfire_upgraded":3,"win_rate":0.0,"timestamp":1613768799,"path_taken":["M","?","?","M","?","R","E","M","T","E","?","E","?","M","R","BOSS","M","M","?","?","M","R","E","?","T","?","R","M","?","E"],"items_purchased_type":["Card","Card","Relic"],"build_version":"2020-12-22","purchased_purges":2,"victory":false,"max_hp_per_floor":[75,75,75,75,75,75,75,75,75,75,75,75,75,75,75,75,75,75,75,75,75,75,75,75,75,75,75,75,75,75,75,75],"relic_stats":{"counters":[16,63],"Golden Idol":95,"Shuriken":[1],"Juzu Bracelet":0,"Orichalcum":[6],"obtain_stats":[{"Calipers":9,"Golden Idol":2,"Nilry\u0027s Codex":30,"Oddly Smooth Stone":24,"Juzu Bracelet":12,"Omamori":25,"Orichalcum":20,"Shuriken":10,"Philosopher\u0027s Stone":17,"WingedGreaves":7,"Red Mask":27,"Bottled Lightning":26,"Cracked Core":0},{"Calipers":4,"Golden Idol":1,"Nilry\u0027s Codex":15,"Oddly Smooth Stone":13,"Juzu Bracelet":7,"Omamori":13,"Orichalcum":11,"Shuriken":5,"Philosopher\u0027s Stone":9,"WingedGreaves":3,"Red Mask":14,"Bottled Lightning":13,"Cracked Core":0},{"Calipers":9,"Golden Idol":2,"Nilry\u0027s Codex":57,"Oddly Smooth Stone":52,"Juzu Bracelet":19,"Omamori":52,"Orichalcum":46,"Shuriken":15,"Philosopher\u0027s Stone":35,"WingedGreaves":7,"Red Mask":54,"Bottled Lightning":52,"Cracked Core":0}]},"card_choices":[{"not_picked":["All For One","Amplify"],"picked":"Hyperbeam","floor":0},{"not_picked":["Capacitor","Steam"],"picked":"Cold Snap","floor":1},{"not_picked":["Lockon","Heatsinks"],"picked":"Defragment","floor":4},{"not_picked":["Genetic Algorithm","Redo"],"picked":"Glacier","floor":7},{"not_picked":["Darkness","Cold Snap","Gash"],"picked":"SKIP","floor":8},{"not_picked":["Beam Cell","Barrage"],"picked":"Conserve Battery","floor":10},{"not_picked":["Buffer","Cold Snap"],"picked":"Conserve Battery","floor":11},{"not_picked":["Melter","Rebound"],"picked":"Sweeping Beam","floor":12},{"not_picked":["Reprogram","Steam"],"picked":"Genetic Algorithm","floor":14},{"not_picked":["Fission","Rainbow"],"picked":"Electrodynamics","floor":16},{"not_picked":["Steam Power","Barrage"],"picked":"Double Energy","floor":18},{"not_picked":["Reprogram","Stack","Gash"],"picked":"SKIP","floor":19},{"not_picked":["Rebound","Redo"],"picked":"Ball Lightning+1","floor":22},{"not_picked":["Fusion","Go for the Eyes"],"picked":"Conserve Battery+1","floor":24},{"not_picked":["Steam","Compile Driver"],"picked":"Turbo","floor":27},{"not_picked":["Conserve Battery","Storm","Machine Learning"],"picked":"SKIP","floor":29}],"player_experience":716833,"relics_obtained":[{"floor":7,"key":"WingedGreaves"},{"floor":9,"key":"Calipers"},{"floor":10,"key":"Shuriken"},{"floor":12,"key":"Juzu Bracelet"},{"floor":24,"key":"Oddly Smooth Stone"},{"floor":26,"key":"Bottled Lightning"},{"floor":27,"key":"Red Mask"},{"floor":30,"key":"Nilry\u0027s Codex"}],"event_choices":[{"damage_healed":0,"gold_gain":0,"player_choice":"Take Damage","damage_taken":18,"relics_obtained":["Golden Idol"],"max_hp_gain":0,"max_hp_loss":0,"event_name":"Golden Idol","floor":2,"gold_loss":0},{"damage_healed":0,"gold_gain":76,"player_choice":"Gained Gold","damage_taken":0,"max_hp_gain":0,"max_hp_loss":0,"event_name":"Golden Wing","floor":3,"gold_loss":0},{"damage_healed":18,"gold_gain":0,"player_choice":"Healed","damage_taken":0,"max_hp_gain":0,"max_hp_loss":0,"event_name":"The Cleric","floor":13,"gold_loss":35},{"damage_healed":0,"gold_gain":0,"player_choice":"Opened","damage_taken":0,"relics_obtained":["Orichalcum"],"max_hp_gain":0,"max_hp_loss":0,"event_name":"The Mausoleum","floor":20,"gold_loss":0},{"damage_healed":0,"gold_gain":0,"player_choice":"Ignored","damage_taken":0,"max_hp_gain":0,"max_hp_loss":0,"event_name":"Ghosts","floor":21,"gold_loss":0},{"damage_healed":0,"gold_gain":0,"player_choice":"Fought Bandits","damage_taken":0,"max_hp_gain":0,"max_hp_loss":0,"event_name":"Masked Bandits","floor":27,"gold_loss":0},{"damage_healed":0,"gold_gain":0,"player_choice":"Obtained Book","damage_taken":16,"max_hp_gain":0,"max_hp_loss":0,"event_name":"Cursed Tome","floor":30,"gold_loss":0}],"is_beta":false,"boss_relics":[{"not_picked":["Tiny House","Black Star"],"picked":"Philosopher\u0027s Stone"}],"items_purged_floors":[5,25],"is_endless":false,"potions_floor_spawned":[7,10,11,12,24,27],"killed_by":"Gremlin Leader","ascension_level":0}}