{"host":"1v3mnj67s3trvm6y","time":1613740774,"event":{"mods":["BaseMod","Challenge The Spire","Minty Spire (QoL Compilation)","StSLib","The Cursed"],"gold_per_floor":[109,125,142,142,215,215,245,245,245,256,256,269,304,320,320,424,424,435,215,215,230,230,264,264,292,292,292,304,322,21,41,41,136,136,150,163,163,163,181,181,211,211,211,222,222,236,266,276,276,276,276,276,276,309,309,309],"floor_reached":55,"language":"ENG","playtime":3149,"items_purged":[],"score":779,"play_id":"c387c337-a75a-44cd-8ea6-9348c721a1e6","local_time":"20210219221934","is_ascension_mode":false,"campfire_choices":[{"data":"TheCursedMod:CleanUpWorkshop","floor":6,"key":"SMITH"},{"data":"TheCursedMod:AbyssShockwave","floor":8,"key":"SMITH"},{"floor":11,"key":"REST"},{"data":"TheCursedMod:ManaCirculation","floor":15,"key":"SMITH"},{"data":"TheCursedMod:OutForBlood","floor":24,"key":"SMITH"},{"floor":32,"key":"RECALL"},{"data":"TheCursedMod:SmokeScreen","floor":40,"key":"SMITH"},{"floor":45,"key":"REST"},{"floor":49,"key":"REST"},{"data":"TheCursedMod:LuckyCharm","floor":52,"key":"SMITH"}],"circlet_count":0,"master_deck":["TheCursedMod:Strike_TheCursed+1","TheCursedMod:Strike_TheCursed+1","TheCursedMod:Strike_TheCursed+1","TheCursedMod:Strike_TheCursed+1","TheCursedMod:Defend_TheCursed+1","TheCursedMod:Defend_TheCursed+1","TheCursedMod:CursedWand","TheCursedMod:CleanUpWorkshop+1","TheCursedMod:Dregs","TheCursedMod:AbyssShockwave+1","TheCursedMod:Obscuration+1","TheCursedMod:FuryStrike","TheCursedMod:CursedShiv","TheCursedMod:SmokeScreen+1","TheCursedMod:ManaCirculation+1","TheCursedMod:CursedMace","TheCursedMod:FleshFromBone","TheCursedMod:OutForBlood+1","TheCursedMod:WearCloak","TheCursedMod:LuckyCharm+1","Writhe","TheCursedMod:WearCloak","TheCursedMod:HellsGateOpen+1","TheCursedMod:Hemoplague","TheCursedMod:DemonicPact","TheCursedMod:CursedMace+1","TheCursedMod:SpitefulStrike+1","TheCursedMod:CursedRelics+1","TheCursedMod:WearCloak","TheCursedMod:SpitefulPray+1","Sadistic Nature","Flash of Steel+1","Panache","TheCursedMod:Evocation+1","TheCursedMod:CursedSpellbook+1","TheCursedMod:Torture+1","TheCursedMod:CursedAmulet+1","TheCursedMod:ShockAndAwe+1","TheCursedMod:CursedShiv+1","TheCursedMod:SpitefulPray"],"relics":["TheCursedMod:BlackMagic101","Dead Branch","Gremlin Horn","CaptainsWheel","SlaversCollar","Nunchaku","Smiling Mask","Molten Egg 2","Nloth\u0027s Gift","TheCursedMod:BloodyHarpoon","Sozu","Vajra","Pocketwatch","Akabeko","PreservedInsect","Boot"],"acts_visited":["Exordium","TheCity","TheBeyond","TheEnding"],"potions_floor_usage":[13,13,23,25,28,54,55,55],"damage_taken":[{"damage":1,"enemies":"Cultist","floor":1,"turns":3},{"damage":4,"enemies":"Small Slimes","floor":2,"turns":4},{"damage":0,"enemies":"2 Louse","floor":3,"turns":2},{"damage":15,"enemies":"Lagavulin","floor":7,"turns":6},{"damage":2,"enemies":"Blue Slaver","floor":10,"turns":4},{"damage":5,"enemies":"Looter","floor":12,"turns":3},{"damage":2,"enemies":"Gremlin Nob","floor":13,"turns":3},{"damage":5,"enemies":"Red Slaver","floor":14,"turns":4},{"damage":21,"enemies":"Slime Boss","floor":16,"turns":10},{"damage":0,"enemies":"Chosen","floor":18,"turns":4},{"damage":0,"enemies":"3 Byrds","floor":21,"turns":5},{"damage":11,"enemies":"Gremlin Leader","floor":23,"turns":6},{"damage":1,"enemies":"Slavers","floor":25,"turns":4},{"damage":4,"enemies":"Snake Plant","floor":28,"turns":6},{"damage":17,"enemies":"Centurion and Healer","floor":29,"turns":10},{"damage":2,"enemies":"Snecko","floor":31,"turns":5},{"damage":27,"enemies":"Collector","floor":33,"turns":11},{"damage":0,"enemies":"3 Shapes","floor":35,"turns":1},{"damage":0,"enemies":"Orb Walker","floor":36,"turns":2},{"damage":7,"enemies":"Writhing Mass","floor":39,"turns":5},{"damage":4,"enemies":"Nemesis","floor":41,"turns":5},{"damage":9,"enemies":"3 Darklings","floor":44,"turns":3},{"damage":7,"enemies":"4 Shapes","floor":46,"turns":2},{"damage":2,"enemies":"Reptomancer","floor":47,"turns":4},{"damage":11,"enemies":"Jaw Worm Horde","floor":48,"turns":3},{"damage":66,"enemies":"Time Eater","floor":50,"turns":10},{"damage":37,"enemies":"Shield and Spear","floor":54,"turns":4},{"damage":66,"enemies":"The Heart","floor":55,"turns":2}],"seed_played":"7377162509706490687","potions_obtained":[{"floor":7,"key":"AttackPotion"},{"floor":10,"key":"TheCursedMod:DregsPotion"},{"floor":12,"key":"DuplicationPotion"},{"floor":14,"key":"Regen Potion"},{"floor":16,"key":"Dexterity Potion"},{"floor":23,"key":"SpeedPotion"},{"floor":25,"key":"AttackPotion"},{"floor":29,"key":"ColorlessPotion"}],"is_trial":false,"path_per_floor":["M","M","M","?","?","R","E","R","T","M","R","M","E","M","R","B",null,"M","$","?","M","?","E","R","E","T","?","M","M","$","M","R","B",null,"M","M","?","?","M","R","E","T","T","M","R","M","E","M","R","B",null,"R","$","E","B"],"character_chosen":"THE_CURSED","items_purchased":["TheCursedMod:LuckyCharm","Nunchaku","TheCursedMod:BloodyHarpoon","TheCursedMod:SpitefulStrike+1"],"campfire_rested":3,"item_purchase_floors":[19,19,30,30],"current_hp_per_floor":[74,70,70,55,55,55,40,40,40,38,60,55,53,48,48,27,75,75,75,75,75,75,75,75,74,74,74,70,53,53,51,51,24,75,75,75,75,65,58,58,54,54,54,45,67,60,58,47,69,3,75,75,75,38,0,0],"gold":309,"neow_bonus":"TRANSFORM_CARD","is_daily":false,"chose_seed":false,"campfire_upgraded":6,"win_rate":0.0,"timestamp":1613740774,"path_taken":["M","?","M","?","?","R","E","R","T","M","R","M","E","M","R","BOSS","M","$","?","M","?","E","R","E","T","?","M","M","$","M","R","BOSS","M","M","?","?","M","R","E","?","T","M","R","?","E","M","R","BOSS","R","$","E","BOSS"],"items_purchased_type":["Card","Relic","Relic","Card"],"build_version":"2020-12-22","purchased_purges":0,"victory":false,"max_hp_per_floor":[75,75,75,75,75,75,75,75,75,75,75,75,75,75,75,75,75,75,75,75,75,75,75,75,75,75,75,75,75,75,75,75,75,75,75,75,75,75,75,75,75,75,75,75,75,75,75,75,75,75,75,75,75,75,75,75],"card_choices":[{"not_picked":["TheCursedMod:Torture","TheCursedMod:CursedAmulet"],"picked":"TheCursedMod:Obscuration","floor":1},{"not_picked":["TheCursedMod:Stretching","TheCursedMod:Wield"],"picked":"TheCursedMod:FuryStrike","floor":2},{"not_picked":["TheCursedMod:EmpowerCircles","TheCursedMod:CursedArmor"],"picked":"TheCursedMod:CursedShiv","floor":3},{"not_picked":["TheCursedMod:TacticalStrike","TheCursedMod:CursedShiv"],"picked":"TheCursedMod:SmokeScreen","floor":7},{"not_picked":["TheCursedMod:CursedBlade","TheCursedMod:CircleOfFlame"],"picked":"TheCursedMod:ManaCirculation","floor":10},{"not_picked":["TheCursedMod:Wield","TheCursedMod:CursedAmulet"],"picked":"TheCursedMod:CursedMace","floor":12},{"not_picked":["TheCursedMod:VitalStrike","TheCursedMod:StingEye"],"picked":"TheCursedMod:FleshFromBone","floor":13},{"not_picked":["TheCursedMod:VitalStrike","TheCursedMod:Torture","TheCursedMod:SoulCrush"],"picked":"SKIP","floor":14},{"not_picked":["TheCursedMod:Neurasthenia","TheCursedMod:StunningStrike"],"picked":"TheCursedMod:OutForBlood","floor":16},{"not_picked":["TheCursedMod:RavingStaff","TheCursedMod:Stigma"],"picked":"TheCursedMod:WearCloak","floor":18},{"not_picked":["TheCursedMod:Torture","TheCursedMod:Stigma"],"picked":"TheCursedMod:WearCloak","floor":21},{"not_picked":["TheCursedMod:CursedBoomerang","TheCursedMod:TacticalStrike"],"picked":"TheCursedMod:HellsGateOpen+1","floor":23},{"not_picked":["TheCursedMod:SpitefulStrike+1","TheCursedMod:Mangle+1"],"picked":"TheCursedMod:Hemoplague","floor":25},{"not_picked":["TheCursedMod:CursedArmor","TheCursedMod:TroublousMinions+1"],"picked":"TheCursedMod:DemonicPact","floor":28},{"not_picked":["TheCursedMod:Wield+1","TheCursedMod:CircleOfFlame"],"picked":"TheCursedMod:CursedMace+1","floor":29},{"not_picked":["TheCursedMod:Wield+1","TheCursedMod:CircleOfFlame","TheCursedMod:CursedAmulet"],"picked":"SKIP","floor":31},{"not_picked":["TheCursedMod:StunningStrike+1","TheCursedMod:ManaCirculation"],"picked":"TheCursedMod:CursedRelics+1","floor":33},{"not_picked":["TheCursedMod:SurpriseAttack+1","TheCursedMod:Wield+1"],"picked":"TheCursedMod:WearCloak","floor":35},{"not_picked":["TheCursedMod:RapidMovement+1","TheCursedMod:FuryStrike+1"],"picked":"TheCursedMod:SpitefulPray+1","floor":36},{"not_picked":["Jack Of All Trades","Secret Weapon"],"picked":"Sadistic Nature","floor":38},{"not_picked":["PanicButton","Master of Strategy"],"picked":"Flash of Steel+1","floor":38},{"not_picked":["Good Instincts","Mind Blast+1"],"picked":"Panache","floor":38},{"not_picked":["TheCursedMod:Torture","TheCursedMod:CursedAmulet"],"picked":"TheCursedMod:Evocation+1","floor":39},{"not_picked":["TheCursedMod:CircleOfFocus","TheCursedMod:SpitefulPray+1"],"picked":"TheCursedMod:CursedSpellbook+1","floor":41},{"not_picked":["TheCursedMod:SaltUponWound","TheCursedMod:WearCloak+1"],"picked":"TheCursedMod:Torture+1","floor":44},{"not_picked":["TheCursedMod:Torture","TheCursedMod:Evocation"],"picked":"TheCursedMod:CursedAmulet+1","floor":46},{"not_picked":["TheCursedMod:DarkBarrier","TheCursedMod:UltimatePain"],"picked":"TheCursedMod:ShockAndAwe+1","floor":47},{"not_picked":["TheCursedMod:Wield+1","TheCursedMod:SpreadPlague"],"picked":"TheCursedMod:CursedShiv+1","floor":48},{"not_picked":["TheCursedMod:DarkBarrier","TheCursedMod:SurpriseAttack+1"],"picked":"TheCursedMod:SpitefulPray","floor":54}],"player_experience":1546249,"relics_obtained":[{"floor":7,"key":"Dead Branch"},{"floor":9,"key":"Gremlin Horn"},{"floor":13,"key":"CaptainsWheel"},{"floor":23,"key":"Smiling Mask"},{"floor":25,"key":"Molten Egg 2"},{"floor":41,"key":"Vajra"},{"floor":42,"key":"Pocketwatch"},{"floor":43,"key":"Akabeko"},{"floor":47,"key":"PreservedInsect"},{"floor":54,"key":"Boot"}],"event_choices":[{"damage_healed":0,"gold_gain":0,"player_choice":"Entered Light","damage_taken":15,"max_hp_gain":0,"max_hp_loss":0,"event_name":"Shining Light","floor":4,"gold_loss":0,"cards_upgraded":["TheCursedMod:Strike_TheCursed","TheCursedMod:Obscuration"]},{"damage_healed":0,"gold_gain":73,"player_choice":"Gained Gold","damage_taken":0,"max_hp_gain":0,"max_hp_loss":0,"event_name":"Golden Wing","floor":5,"gold_loss":0},{"damage_healed":0,"gold_gain":0,"player_choice":"Opened","damage_taken":0,"relics_obtained":["Pen Nib"],"max_hp_gain":0,"max_hp_loss":0,"event_name":"The Mausoleum","floor":20,"gold_loss":0,"cards_obtained":["Writhe"]},{"damage_healed":0,"gold_gain":0,"player_choice":"Simplicity","damage_taken":0,"max_hp_gain":0,"max_hp_loss":0,"event_name":"Back to Basics","floor":22,"gold_loss":0,"cards_upgraded":["TheCursedMod:Strike_TheCursed","TheCursedMod:Strike_TheCursed","TheCursedMod:Strike_TheCursed","TheCursedMod:Defend_TheCursed","TheCursedMod:Defend_TheCursed","TheCursedMod:Defend_TheCursed"]},{"damage_healed":0,"gold_gain":0,"player_choice":"Traded Relic","damage_taken":0,"relics_obtained":["Nloth\u0027s Gift"],"max_hp_gain":0,"max_hp_loss":0,"event_name":"N\u0027loth","floor":27,"relics_lost":["Pen Nib"],"gold_loss":0},{"cards_removed":["TheCursedMod:Defend_TheCursed"],"damage_healed":0,"gold_gain":0,"player_choice":"Removed Skill","damage_taken":0,"max_hp_gain":0,"max_hp_loss":0,"event_name":"Falling","floor":37,"gold_loss":0},{"damage_healed":0,"gold_gain":0,"player_choice":"Memory 3","damage_taken":10,"max_hp_gain":0,"max_hp_loss":0,"event_name":"SensoryStone","floor":38,"gold_loss":0}],"is_beta":false,"boss_relics":[{"not_picked":["Runic Dome","Snecko Eye"],"picked":"SlaversCollar"},{"not_picked":["Pandora\u0027s Box","Calling Bell"],"picked":"Sozu"}],"items_purged_floors":[],"is_endless":false,"potions_floor_spawned":[7,10,12,14,16,23,25,29,31,33,35,36,44,48],"killed_by":"The Heart","ascension_level":0}}