{"host":"st1kg310ms6sytc5","time":1613740013,"event":{"mods":["ATMod(°¢èªMod)","Act Like it!","BaseMod","Bossed Relics","CapriCore","Gensokyo","Minty Spire (QoL Compilation)","StSLib","SuperFastMode","Wide Potions","Yakumo Yukari mod","¡¾ÒÅÎï¿¨ÅÆ¡¿REMEMod"],"gold_per_floor":[134,9,29,47,57,84,116,128,128],"floor_reached":8,"language":"ZHS","playtime":350,"items_purged":["AT_purpleEX"],"score":96,"play_id":"1b001884-605e-4fbd-9053-b7c3007d0aa2","local_time":"20210219210653","is_ascension_mode":true,"campfire_choices":[],"circlet_count":0,"master_deck":["AscendersBane","AT_purpleEX","AT_purpleEX","AT_purpleEX","Defend_purpleEX","Defend_purpleEX","Defend_purpleEX","Defend_purpleEX","Observe_purple_1","Observe_purple_2","AT_EmpoweredMortalDraw","Die Die Die","DimensionStaggered_purple","Boundary_LightAndDark_purple","Umbrella_purple"],"relics":["Boundary_crack","Memoryfragments_purpleEX","AT_ATBox","REME_ComplimentaryCards","NeowsBlessing","MawBank"],"acts_visited":["Exordium"],"potions_floor_usage":[1,6],"damage_taken":[{"damage":0,"enemies":"Cultist","floor":1,"turns":1},{"damage":0,"enemies":"Small Slimes","floor":3,"turns":1},{"damage":0,"enemies":"2 Louse","floor":4,"turns":1},{"damage":16,"enemies":"Red Slaver","floor":5,"turns":5},{"damage":65,"enemies":"Lagavulin","floor":6,"turns":10},{"damage":8,"enemies":"Blue Slaver","floor":7,"turns":4},{"damage":18,"enemies":"Gremlin Nob","floor":8,"turns":3}],"seed_played":"-9101906576176241586","potions_obtained":[{"floor":1,"key":"REME_GoldPotion"},{"floor":4,"key":"SkillPotion"}],"is_trial":false,"path_per_floor":["M","$","M","M","M","E","M","E"],"character_chosen":"Youkari","items_purchased":["DimensionStaggered_purple"],"campfire_rested":0,"item_purchase_floors":[2],"current_hp_per_floor":[63,63,66,68,57,17,12,0,0],"gold":128,"neow_bonus":"THREE_ENEMY_KILL","is_daily":false,"chose_seed":false,"campfire_upgraded":0,"win_rate":0.0,"timestamp":1613740013,"path_taken":["M","$","?","M","M","E","M","E"],"items_purchased_type":["Card"],"build_version":"2020-12-22","purchased_purges":1,"victory":false,"max_hp_per_floor":[70,70,70,70,70,70,70,70,70],"card_choices":[{"not_picked":["ExistenceContinue_purple","Realm_recovery_purpleEX","Line_surface_state_purple"],"picked":"SKIP","floor":1},{"not_picked":["Shallow_ocean_purpleEX","RuptureOfTimeAndSpace_purple","Realm_recovery_purpleEX"],"picked":"SKIP","floor":3},{"not_picked":["StateDuplicate_purple","MNeedle_purple","Fancifulhole_purple"],"picked":"SKIP","floor":4},{"not_picked":["MeetDecomposer_purple","StateDuplicate_purple"],"picked":"Boundary_LightAndDark_purple","floor":5},{"not_picked":["ProofOfUnderstanding_purple","RuptureOfTimeAndSpace_purple"],"picked":"Umbrella_purple","floor":6},{"not_picked":["ButterflyHabitatTemple_purple","OmniscientAndOmnipotent_Monster_purple","Yakumo_Ran_purple"],"picked":"SKIP","floor":7}],"player_experience":1441659,"relics_obtained":[{"floor":6,"key":"MawBank"}],"event_choices":[],"is_beta":false,"boss_relics":[],"items_purged_floors":[2],"is_endless":false,"potions_floor_spawned":[1,4,5],"killed_by":"Gremlin Nob","ascension_level":12}}