{"host":"df48i9djcn92c5sx","time":1613746655,"event":{"mods":["Act Like it!","Arknights","BaseMod","Decade(王小明)","Downfall","Gensokyo","Marisa（F雨　魔理沙）","Minty Spire (QoL Compilation)","READ ME - Guardian Mod","READ ME - Snecko Mod","Reimu（博丽灵梦）","Remilia（蕾米莉亚）","Shop Mod","StSLib","The Jungle","The Servant 0.9.4"],"gold_per_floor":[109,39,39,70,0,0,30,30,30,59,77,77,96,114,114,193,193,203,203,40,52,52,81,81,113,161,195,195,195,195,207,207,278,278,296,52,68,85,100,100,100,100,153,153,153,63,63,88,88,88,88],"floor_reached":52,"language":"ZHS","playtime":1657,"items_purged":["Strike_RM"],"score":2134,"play_id":"1a2ed956-ef2a-4cee-a849-e27b206971c5","local_time":"20210219225735","is_ascension_mode":true,"campfire_choices":[{"data":"ScarletShoot","floor":6.0,"key":"SMITH"},{"data":"BombardNight","floor":8.0,"key":"SMITH"},{"data":"LeisurelyOfLord","floor":12.0,"key":"SMITH"},{"data":"HeartBreak","floor":15.0,"key":"SMITH"},{"data":"BloodySeventeenLaser","floor":24.0,"key":"SMITH"},{"data":"KillingBlow","floor":30.0,"key":"SMITH"},{"data":"VampireSweep","floor":32.0,"key":"SMITH"},{"data":"RedNightlessCastle","floor":40.0,"key":"SMITH"},{"data":"Gensokyo:GreaterSplit","floor":42.0,"key":"SMITH"},{"data":"ChaoticDestiny","floor":45.0,"key":"SMITH"},{"data":"BloodRain","floor":47.0,"key":"SMITH"},{"data":"EternalNight","floor":49.0,"key":"SMITH"}],"circlet_count":0,"master_deck":["AscendersBane","Strike_RM","Strike_RM","Defend_RM+1","Defend_RM","Defend_RM+1","Defend_RM","RedMoon","ScarletShoot+1","DiffusionOfMisfortune","BombardNight+1","FitfulNightmare+1","LeisurelyOfLord+1","HeartBreak+1","BloodySeventeenLaser+1","VampireSweep+1","EternalNight+1","KillingBlow+1","AfternoonTea+1","ScarletImprint+1","MillenniumVampire","Gensokyo:Kunekune","BloodRain+1","RedNightlessCastle+1","UnstableMagic+1","Gensokyo:GreaterSplit+1","ChaoticDestiny+1","Gensokyo:CustomPotion"],"relics":["ScarletHat","NeowsBlessing","bronze:BronzeIdol","Guardian:PocketSentry","Gremlin Horn","Frozen Egg 2","Dream Catcher","APieceOfRedMist","Juzu Bracelet","Boot","Shuriken","Gensokyo:MosesMiracle","Coffee Dripper","Bronze Scales","Bag of Marbles","Tea:ReiMu"],"acts_visited":["Exordium","Gensokyo:Gensokyo","Gensokyo:Gensokyoer"],"potions_floor_usage":[],"damage_taken":[{"damage":0.0,"enemies":"Gensokyo:Gryphon","floor":1.0,"turns":1.0},{"damage":0.0,"enemies":"Gensokyo:Mamizou","floor":4.0,"turns":1.0},{"damage":0.0,"enemies":"Gensokyo:Cirno","floor":7.0,"turns":2.0},{"damage":4.0,"enemies":"Gensokyo:Aya","floor":10.0,"turns":7.0},{"damage":0.0,"enemies":"Gensokyo:2_Kodama","floor":11.0,"turns":1.0},{"damage":0.0,"enemies":"Gensokyo:Python","floor":13.0,"turns":2.0},{"damage":14.0,"enemies":"Gensokyo:CorruptedTreant","floor":14.0,"turns":3.0},{"damage":0.0,"enemies":"Gensokyo:Kokoro","floor":16.0,"turns":9.0},{"damage":6.0,"enemies":"Gensokyo:AngelMirror","floor":18.0,"turns":3.0},{"damage":2.0,"enemies":"Gensokyo:3_Dogs","floor":21.0,"turns":2.0},{"damage":1.0,"enemies":"Gensokyo:Koishi","floor":23.0,"turns":4.0},{"damage":0.0,"enemies":"Gensokyo:Reisen","floor":25.0,"turns":5.0},{"damage":15.0,"enemies":"Gensokyo:Koishi","floor":27.0,"turns":6.0},{"damage":0.0,"enemies":"Gensokyo:Wraith","floor":31.0,"turns":3.0},{"damage":12.0,"enemies":"Gensokyo:Kaguya","floor":33.0,"turns":9.0},{"damage":0.0,"enemies":"Gensokyo:AncientGuardian","floor":35.0,"turns":2.0},{"damage":0.0,"enemies":"Gensokyo:3_Boulders","floor":37.0,"turns":3.0},{"damage":17.0,"enemies":"Gensokyo:Sharpion","floor":38.0,"turns":2.0},{"damage":4.0,"enemies":"Gensokyo:4_Bats","floor":39.0,"turns":3.0},{"damage":0.0,"enemies":"Gensokyo:Doremy","floor":48.0,"turns":5.0},{"damage":6,"enemies":"Gensokyo:Scarlet_Devils","floor":50,"turns":8},{"damage":37,"enemies":"Gensokyo:Shinki","floor":51,"turns":10}],"seed_played":"3860511856176289772","potions_obtained":[{"floor":4.0,"key":"Weak Potion"},{"floor":14.0,"key":"Swift Potion"},{"floor":18.0,"key":"Explosive Potion"},{"floor":25.0,"key":"GamblersBrew"},{"floor":31.0,"key":"BlessingOfTheForge"},{"floor":37.0,"key":"LiquidMemories"},{"floor":38.0,"key":"LiquidMemories"}],"is_trial":false,"path_per_floor":["M","?","?","?","?","R","E","R","T","E","M","R","M","M","R","B",null,"M","?","$","M","?","E","R","E","T","E","?","?","R","M","R","B",null,"M","$","M","M","M","R","?","R","T","?","R","?","R","E","R","B","B",null],"character_chosen":"REMILIA","items_purchased":["KillingBlow","Bronze Scales"],"campfire_rested":0,"item_purchase_floors":[20,36],"current_hp_per_floor":[63,63,63,63,63,63,63,63,63,59,59,59,60,46,46,56,67,62,62,62,60,60,61,61,67,67,61,61,61,61,62,62,54,60,62,62,62,53,49,49,49,49,49,49,49,49,49,53,53,61,46],"gold":88,"neow_bonus":"THREE_ENEMY_KILL","is_daily":false,"chose_seed":false,"campfire_upgraded":12,"win_rate":0.0,"timestamp":1613746655,"path_taken":["M","?","?","?","?","R","E","R","T","E","M","R","M","?","R","BOSS","M","?","$","M","?","E","R","E","T","E","?","?","R","M","R","BOSS","M","$","M","M","M","R","?","R","T","?","R","?","R","E","R","BOSS","BOSS"],"items_purchased_type":["Card","Relic"],"build_version":"2020-12-22","purchased_purges":1,"victory":true,"max_hp_per_floor":[70,70,70,70,70,70,70,70,70,70,70,70,70,70,70,70,70,70,70,70,70,70,70,70,70,70,70,62,62,62,62,62,62,62,62,62,62,62,62,62,62,62,62,62,62,62,62,62,62,62,62],"card_choices":[{"not_picked":["MastersStateliness","NightDance"],"picked":"DiffusionOfMisfortune","floor":1.0},{"not_picked":["UnderTheZenith","Maim","DiffusionOfMisfortune"],"picked":"SKIP","floor":4.0},{"not_picked":["BloodAndWine","VampireFantasy"],"picked":"BombardNight","floor":7.0},{"not_picked":["ScarletDevil","UnderTheZenith"],"picked":"FitfulNightmare+1","floor":10.0},{"not_picked":["Stigmanizer","ScarletGensokyo"],"picked":"LeisurelyOfLord","floor":11.0},{"not_picked":["FitfulNightmare+1","EndlessAdversity"],"picked":"HeartBreak","floor":13.0},{"not_picked":["RedMagic","ScarletImprint","BlasphemousPunishment"],"picked":"SKIP","floor":14.0},{"not_picked":["ForecastOfChange","TransientEternity+1"],"picked":"BloodySeventeenLaser","floor":16.0},{"not_picked":["ScarletImprint","GlobalNightmare+1"],"picked":"VampireSweep","floor":18.0},{"not_picked":["Stigmanizer","HunterOfTheNight"],"picked":"AfternoonTea+1","floor":21.0},{"not_picked":["GlobalNightmare","BlasphemousPunishment"],"picked":"ScarletImprint+1","floor":23.0},{"not_picked":["ReincarnationDial","UnstableMagic+1"],"picked":"QueenOfMidnight+1","floor":25.0},{"not_picked":["RedRainbow","ScarletNetherworld+1"],"picked":"MillenniumVampire","floor":27.0},{"not_picked":["Gensokyo:Apocalypse","Gensokyo:HAARP+1"],"picked":"Gensokyo:Kunekune","floor":28.0},{"not_picked":["ScarletImprint","UnderTheZenith","CharismaGuard+1"],"picked":"SKIP","floor":31.0},{"not_picked":["QueenOfMidnight+1","KillingBlow"],"picked":"BloodRain","floor":33.0},{"not_picked":["ScarletSymphony","RedRainbow"],"picked":"RedNightlessCastle","floor":35.0},{"not_picked":["UnstableMagic","RedRainbow","FavorOfDestiny"],"picked":"SKIP","floor":37.0},{"not_picked":["ScarletImprint","ScarletDream"],"picked":"UnstableMagic+1","floor":38.0},{"not_picked":["ScarletImprint","UltimateOffering","VampireKiss"],"picked":"SKIP","floor":39.0},{"not_picked":["EndlessAdversity","GlobalNightmare","BadLadyScramble"],"picked":"SKIP","floor":48.0}],"player_experience":1592317,"relics_obtained":[{"floor":4.0,"key":"bronze:BronzeIdol"},{"floor":7.0,"key":"Gremlin Horn"},{"floor":9.0,"key":"Frozen Egg 2"},{"floor":10.0,"key":"Dream Catcher"},{"floor":23.0,"key":"Juzu Bracelet"},{"floor":25.0,"key":"Boot"},{"floor":27.0,"key":"Shuriken"},{"floor":35.0,"key":"Gensokyo:MosesMiracle"},{"floor":43.0,"key":"Bag of Marbles"},{"floor":48.0,"key":"Tea:ReiMu"}],"event_choices":[],"is_beta":false,"boss_relics":[{"not_picked":["Calling Bell","sneckomod:SneckoTalon"],"picked":"APieceOfRedMist"},{"not_picked":["Pandora\u0027s Box","SacredBark"],"picked":"Coffee Dripper"}],"items_purged_floors":[36],"is_endless":false,"potions_floor_spawned":[4,14,18,25,31,37,38],"ascension_level":20}}