{"host":"w4b7hmige5bnqipq","time":1613729891,"event":{"mods":["2.2 Compatiblity","BaseMod","Colored Map","DeckTracker","Keyboard Shortcuts","Minty Spire (QoL Compilation)","Permanent Neow","Rare Cards Sparkle","SuperFastMode","everything is the same but u backflip on backflip","slay the spire mod where everything is the same but ironclad has a cowboy hat"],"gold_per_floor":[212,12,30,49,64,64,99,99,99,99,118,118,118,118,118],"floor_reached":14,"language":"KOR","playtime":296,"items_purged":["Strike_B"],"score":171,"play_id":"b223bf27-45a8-419b-9278-714c95455c0d","local_time":"20210219181811","is_ascension_mode":true,"campfire_choices":[{"data":"Streamline","floor":6,"key":"SMITH"},{"data":"Zap","floor":12,"key":"SMITH"}],"circlet_count":0,"master_deck":["AscendersBane","Strike_B","Strike_B","Defend_B","Defend_B","Defend_B","Defend_B","Zap+1","Dualcast","Skim","Streamline+1","Coolheaded","Capacitor","Rebound","Self Repair+1"],"relics":["Cracked Core","Membership Card","Lizard Tail","White Beast Statue","Frozen Egg 2"],"acts_visited":["Exordium"],"potions_floor_usage":[7],"damage_taken":[{"damage":0,"enemies":"2 Louse","floor":1,"turns":3},{"damage":1,"enemies":"Cultist","floor":3,"turns":4},{"damage":5,"enemies":"Small Slimes","floor":4,"turns":4},{"damage":4,"enemies":"Blue Slaver","floor":5,"turns":6},{"damage":23,"enemies":"Lagavulin","floor":7,"turns":6},{"damage":18,"enemies":"2 Fungi Beasts","floor":11,"turns":4},{"damage":39,"enemies":"3 Sentries","floor":14,"turns":4}],"seed_played":"7886344683237449088","potions_obtained":[{"floor":1,"key":"Swift Potion"},{"floor":4,"key":"DuplicationPotion"},{"floor":5,"key":"LiquidMemories"},{"floor":11,"key":"FearPotion"}],"is_trial":false,"path_per_floor":["M","$","M","M","M","R","E","?","T","?","M","R","?","E"],"character_chosen":"DEFECT","items_purchased":["Membership Card"],"campfire_rested":0,"item_purchase_floors":[2],"current_hp_per_floor":[64,64,63,58,54,54,31,5,5,5,34,34,34,0,0],"gold":118,"neow_bonus":"HUNDRED_GOLD","is_daily":false,"chose_seed":false,"campfire_upgraded":2,"win_rate":0.0,"timestamp":1613729891,"path_taken":["M","$","M","M","M","R","E","?","T","?","?","R","?","E"],"items_purchased_type":["Relic"],"build_version":"2020-12-22","purchased_purges":1,"victory":false,"max_hp_per_floor":[71,71,71,71,71,71,71,71,71,71,71,71,71,71,71],"card_choices":[{"not_picked":["Tempest","Leap"],"picked":"Skim","floor":1},{"not_picked":["Stack","Redo"],"picked":"Streamline","floor":3},{"not_picked":["Streamline","Leap"],"picked":"Coolheaded","floor":4},{"not_picked":["Streamline","Undo"],"picked":"Capacitor","floor":5},{"not_picked":["Coolheaded","Genetic Algorithm"],"picked":"Rebound","floor":7},{"not_picked":["Leap","Ball Lightning"],"picked":"Self Repair+1","floor":11}],"player_experience":781303,"relics_obtained":[{"floor":7,"key":"Lizard Tail"},{"floor":9,"key":"Frozen Egg 2"}],"event_choices":[{"damage_healed":0,"gold_gain":0,"player_choice":"Success","damage_taken":26,"relics_obtained":["White Beast Statue"],"max_hp_gain":0,"max_hp_loss":0,"event_name":"Scrap Ooze","floor":8,"gold_loss":0},{"cards_removed":["Strike_B"],"damage_healed":0,"gold_gain":0,"player_choice":"Offered Basic","damage_taken":0,"max_hp_gain":0,"max_hp_loss":0,"event_name":"Bonfire Elementals","floor":10,"gold_loss":0},{"damage_healed":0,"gold_gain":0,"player_choice":"Ignored","damage_taken":0,"max_hp_gain":0,"max_hp_loss":0,"event_name":"Shining Light","floor":13,"gold_loss":0}],"is_beta":false,"boss_relics":[],"items_purged_floors":[2],"is_endless":false,"potions_floor_spawned":[1,4,5,11],"killed_by":"3 Sentries","ascension_level":18}}