{"host":"tzwikg9s6mkzv6w0","time":1613751380,"event":{"mods":["BaseMod","Good Game Mod","Minty Spire (QoL Compilation)","Spicy Shops","StSLib"],"gold_per_floor":[16,16,16,28,42,42,69,83,160,188,206,206,5,18,18,91,91,104,21,41,59,59,59,91,91,91,191,224,247,281,293,293,364,364,378,378,161,174,187,212,212,243,255,281,293,325,380,407,419,431,443,455,10,49,49],"floor_reached":56,"language":"ZHS","playtime":1736,"items_purged":["Defend_P","Defend_P","Defend_P+1"],"score":2526,"play_id":"a29da04c-4afa-44f9-93bc-33a97e75526c","local_time":"20210220001620","is_ascension_mode":true,"campfire_choices":[{"data":"Eruption","floor":6.0,"key":"SMITH"},{"data":"Ragnarok","floor":15.0,"key":"SMITH"},{"data":"Vault","floor":23.0,"key":"SMITH"},{"floor":32.0,"key":"RECALL"},{"data":"Scrawl","floor":41.0,"key":"SMITH"},{"data":"Fasting2","floor":49.0,"key":"SMITH"},{"floor":52.0,"key":"REST"}],"circlet_count":0,"master_deck":["AscendersBane","Strike_P+1","Strike_P+1","Strike_P+1","Strike_P+1","Eruption+1","Vigilance+1","Ragnarok+1","Tantrum+1","Scrawl+1","Vault+1","BowlingBash+1","FearNoEvil+1","LessonLearned+1","Omniscience+1","Vault+1","Purity+1","Fasting2+1","Fasting2+1","MentalFortress"],"relics":["HolyWater","REME:ComplimentaryCards","GoldenEye","Sundial","Art of War","Membership Card","Runic Pyramid","OrangePellets","MutagenicStrength","Ginger","Mummified Hand","Lizard Tail","Matryoshka","Centennial Puzzle","Potion Belt","Vajra","ClockworkSouvenir","Lantern","CeramicFish","MawBank","Letter Opener","Bottled Lightning","Yang","Calipers","InkBottle","Strange Spoon","Strawberry"],"acts_visited":["Exordium","TheCity","TheBeyond","TheEnding"],"potions_floor_usage":[55,55],"damage_taken":[{"damage":7.0,"enemies":"Jaw Worm","floor":1.0,"turns":3.0},{"damage":0.0,"enemies":"2 Louse","floor":4.0,"turns":2.0},{"damage":0.0,"enemies":"Cultist","floor":5.0,"turns":2.0},{"damage":12.0,"enemies":"Lagavulin","floor":7.0,"turns":3.0},{"damage":0.0,"enemies":"Gremlin Gang","floor":8.0,"turns":2.0},{"damage":16.0,"enemies":"Gremlin Nob","floor":10.0,"turns":3.0},{"damage":8.0,"enemies":"Blue Slaver","floor":11.0,"turns":4.0},{"damage":0.0,"enemies":"Exordium Thugs","floor":14.0,"turns":2.0},{"damage":8.0,"enemies":"Hexaghost","floor":16.0,"turns":7.0},{"damage":17.0,"enemies":"3 Byrds","floor":18.0,"turns":5.0},{"damage":0.0,"enemies":"Shell Parasite","floor":20.0,"turns":1.0},{"damage":0.0,"enemies":"Snecko","floor":21.0,"turns":2.0},{"damage":4.0,"enemies":"Slavers","floor":24.0,"turns":3.0},{"damage":21.0,"enemies":"Colosseum Slavers","floor":27.0,"turns":2.0},{"damage":0.0,"enemies":"Colosseum Nobs","floor":27.0,"turns":3.0},{"damage":11.0,"enemies":"Book of Stabbing","floor":28.0,"turns":3.0},{"damage":15.0,"enemies":"Slavers","floor":30.0,"turns":4.0},{"damage":0.0,"enemies":"Snake Plant","floor":31.0,"turns":2.0},{"damage":14.0,"enemies":"Collector","floor":33.0,"turns":6.0},{"damage":0.0,"enemies":"Orb Walker","floor":35.0,"turns":3.0},{"damage":21.0,"enemies":"3 Shapes","floor":38.0,"turns":2.0},{"damage":0.0,"enemies":"Maw","floor":39.0,"turns":4.0},{"damage":0.0,"enemies":"Nemesis","floor":40.0,"turns":3.0},{"damage":0.0,"enemies":"Giant Head","floor":42.0,"turns":4.0},{"damage":0.0,"enemies":"Transient","floor":44.0,"turns":6.0},{"damage":0.0,"enemies":"Jaw Worm Horde","floor":46.0,"turns":2.0},{"damage":0.0,"enemies":"Reptomancer","floor":47.0,"turns":2.0},{"damage":0.0,"enemies":"Sphere and 2 Shapes","floor":48.0,"turns":2.0},{"damage":0.0,"enemies":"Donu and Deca","floor":50.0,"turns":4.0},{"damage":0.0,"enemies":"Shield and Spear","floor":54.0,"turns":3.0},{"damage":51,"enemies":"The Heart","floor":55,"turns":6}],"seed_played":"8872727109206738336","potions_obtained":[{"floor":4.0,"key":"Fire Potion"},{"floor":7.0,"key":"PowerPotion"},{"floor":10.0,"key":"Explosive Potion"},{"floor":16.0,"key":"Explosive Potion"},{"floor":18.0,"key":"Regen Potion"},{"floor":21.0,"key":"DistilledChaos"},{"floor":28.0,"key":"Weak Potion"},{"floor":31.0,"key":"DistilledChaos"},{"floor":33.0,"key":"EssenceOfSteel"},{"floor":35.0,"key":"AttackPotion"},{"floor":42.0,"key":"AttackPotion"},{"floor":44.0,"key":"Ambrosia"}],"is_trial":false,"path_per_floor":["M","?","?","M","M","R","E","M","T","E","M","?","$","M","R","B",null,"M","$","M","M","?","R","E","?","T","?","E","T","E","M","R","B",null,"M","?","$","M","M","E","R","E","T","M","?","M","E","M","R","B",null,"R","$","E","B",null],"character_chosen":"WATCHER","items_purchased":["Membership Card","OrangePellets","ClockworkSouvenir","Lantern","Calipers","InkBottle","Strange Spoon"],"campfire_rested":1,"item_purchase_floors":[13,19,37,37,53,53,53],"current_hp_per_floor":[54,54,54,54,54,54,42,42,42,26,18,18,18,18,18,10,54,37,37,37,37,37,37,33,33,33,12,1,1,41,41,41,27,58,58,53,53,32,32,32,32,32,32,32,32,32,32,32,32,32,59,68,68,75,24],"gold":49,"neow_bonus":"THREE_RARE_CARDS","is_daily":false,"chose_seed":false,"campfire_upgraded":5,"win_rate":0.0,"timestamp":1613751380,"path_taken":["M","?","?","?","?","R","E","M","T","E","M","?","?","M","R","BOSS","M","$","M","M","?","R","E","?","T","?","E","?","E","M","R","BOSS","M","?","$","M","M","E","R","E","T","M","?","M","E","?","R","BOSS","R","$","E","BOSS"],"items_purchased_type":["Relic","Relic","Relic","Relic","Relic","Relic","Relic"],"build_version":"2020-12-22","purchased_purges":3,"victory":true,"max_hp_per_floor":[68,68,68,68,68,68,68,68,68,68,68,68,68,68,68,68,68,68,68,68,68,68,68,68,68,68,68,68,68,68,68,68,68,68,68,68,68,68,68,68,68,68,68,68,68,68,68,68,68,68,68,68,68,75,75],"card_choices":[{"not_picked":["Omniscience","SpiritShield"],"picked":"Ragnarok","floor":0.0},{"not_picked":["ForeignInfluence","FollowUp","PathToVictory"],"picked":"SKIP","floor":1.0},{"not_picked":["FlyingSleeves","ReachHeaven","Consecrate"],"picked":"SKIP","floor":4.0},{"not_picked":["Protect","SashWhip","Swivel"],"picked":"SKIP","floor":5.0},{"not_picked":["Ragnarok","Consecrate","JustLucky"],"picked":"SKIP","floor":7.0},{"not_picked":["ClearTheMind","EmptyBody","FlurryOfBlows"],"picked":"SKIP","floor":8.0},{"not_picked":["ThirdEye","Tantrum"],"picked":"Scrawl","floor":10.0},{"not_picked":["Halt","ClearTheMind","FlyingSleeves"],"picked":"SKIP","floor":11.0},{"not_picked":["Worship","Protect","CutThroughFate"],"picked":"SKIP","floor":14.0},{"not_picked":["Judgement","DevaForm"],"picked":"Vault","floor":16.0},{"not_picked":["Study","SashWhip","Crescendo"],"picked":"SKIP","floor":18.0},{"not_picked":["CarveReality","Weave","EmptyBody"],"picked":"SKIP","floor":20.0},{"not_picked":["Halt","EmptyBody"],"picked":"BowlingBash","floor":21.0},{"not_picked":["DeceiveReality","Halt"],"picked":"FearNoEvil","floor":24.0},{"not_picked":["WheelKick","Prostrate","Nirvana"],"picked":"SKIP","floor":28.0},{"not_picked":["Indignation","CutThroughFate","Pray"],"picked":"SKIP","floor":30.0},{"not_picked":["MentalFortress","ClearTheMind"],"picked":"Omniscience","floor":31.0},{"not_picked":["MasterReality","Wish"],"picked":"Vault","floor":33.0},{"not_picked":["EmptyBody","Prostrate","SignatureMove+1"],"picked":"SKIP","floor":35.0},{"not_picked":["Sadistic Nature","HandOfGreed"],"picked":"Purity","floor":36.0},{"not_picked":["FlyingSleeves","BowlingBash+1","EmptyFist"],"picked":"SKIP","floor":38.0},{"not_picked":["Weave","Swivel"],"picked":"Fasting2+1","floor":39.0},{"not_picked":["EmptyFist","Vengeance","Prostrate"],"picked":"SKIP","floor":40.0},{"not_picked":["SashWhip","Indignation","EmptyFist"],"picked":"SKIP","floor":42.0},{"not_picked":["LikeWater","CrushJoints","Conclude"],"picked":"SKIP","floor":44.0},{"not_picked":["Halt","FlyingSleeves","BattleHymn"],"picked":"SKIP","floor":46.0},{"not_picked":["BowlingBash","Establishment"],"picked":"Fasting2","floor":47.0},{"not_picked":["WreathOfFlame","Protect","Meditate"],"picked":"SKIP","floor":48.0},{"not_picked":["FollowUp","FlyingSleeves"],"picked":"MentalFortress","floor":54.0}],"player_experience":162747,"relics_obtained":[{"floor":7.0,"key":"GoldenEye"},{"floor":9.0,"key":"Sundial"},{"floor":10.0,"key":"Art of War"},{"floor":24.0,"key":"Ginger"},{"floor":26.0,"key":"Mummified Hand"},{"floor":27.0,"key":"Lizard Tail"},{"floor":27.0,"key":"Matryoshka"},{"floor":28.0,"key":"Centennial Puzzle"},{"floor":29.0,"key":"Potion Belt"},{"floor":30.0,"key":"Vajra"},{"floor":40.0,"key":"CeramicFish"},{"floor":42.0,"key":"MawBank"},{"floor":43.0,"key":"Letter Opener"},{"floor":43.0,"key":"Bottled Lightning"},{"floor":47.0,"key":"Yang"},{"floor":54.0,"key":"Strawberry"}],"event_choices":[{"damage_healed":0.0,"max_hp_gain":0.0,"max_hp_loss":0.0,"gold_gain":0.0,"cards_transformed":["Defend_P"],"event_name":"Transmorgrifier","player_choice":"Transformed","floor":3.0,"gold_loss":0.0,"damage_taken":0.0,"cards_obtained":["Tantrum"]},{"cards_removed":["Defend_P"],"damage_healed":0.0,"max_hp_gain":0.0,"max_hp_loss":0.0,"gold_gain":0.0,"event_name":"Bonfire Elementals","player_choice":"Offered Basic","floor":12.0,"gold_loss":0.0,"damage_taken":0.0},{"damage_healed":0.0,"max_hp_gain":0.0,"max_hp_loss":0.0,"gold_gain":0.0,"event_name":"Drug Dealer","player_choice":"Inject Mutagens","floor":22.0,"gold_loss":0.0,"damage_taken":0.0,"relics_obtained":["MutagenicStrength"]},{"damage_healed":0.0,"max_hp_gain":0.0,"max_hp_loss":0.0,"gold_gain":0.0,"event_name":"The Library","player_choice":"Read","floor":25.0,"gold_loss":0.0,"damage_taken":0.0,"cards_obtained":["LessonLearned"]},{"damage_healed":0.0,"max_hp_gain":0.0,"max_hp_loss":0.0,"gold_gain":0.0,"event_name":"Colosseum","player_choice":"Fight","floor":27.0,"gold_loss":0.0,"damage_taken":0.0},{"damage_healed":0.0,"max_hp_gain":0.0,"max_hp_loss":0.0,"gold_gain":0.0,"event_name":"Colosseum","player_choice":"Fought Nobs","floor":27.0,"gold_loss":0.0,"damage_taken":0.0},{"damage_healed":0.0,"max_hp_gain":0.0,"max_hp_loss":0.0,"gold_gain":0.0,"event_name":"SensoryStone","player_choice":"Memory 2","floor":36.0,"gold_loss":0.0,"damage_taken":5.0},{"damage_healed":0.0,"max_hp_gain":0.0,"max_hp_loss":0.0,"gold_gain":0.0,"event_name":"Accursed Blacksmith","player_choice":"Forge","floor":45.0,"gold_loss":0.0,"damage_taken":0.0,"cards_upgraded":["Tantrum"]}],"is_beta":false,"boss_relics":[{"not_picked":["Busted Crown","Cursed Key"],"picked":"Runic Pyramid"},{"not_picked":["Tiny House","Fusion Hammer"],"picked":"HolyWater"}],"items_purged_floors":[13,37,53],"is_endless":false,"potions_floor_spawned":[4,7,10,16,18,21,27,28,31,33,35,42,44],"ascension_level":18}}