{"host":"thn8o1tmql8xszd5","time":1613768325,"event":{"mods":["2.2 Compatiblity","AchievementEnabler","BaseMod","Bestiary","Block Reminder","Colored Map","Curses Come First","DeckTracker","Downfall","Highlight Path","Minty Spire (QoL Compilation)","Permanent Neow","Relic Sorter","Relic Stats","StSLib"],"gold_per_floor":[0,14,25,25,44,72,143,243,258,268,268,288,323,323,338,435,435,335,420,420,437,437,456,456,481,498,529,27,27,27,37,56,160,160,160,171,171,186,186,205,230,280,325,340,372,392,392,409,428,428],"floor_reached":51,"language":"ENG","playtime":2299,"items_purged":["champ:Strike"],"score":858,"play_id":"1d3b3af4-5b8d-48a1-bafd-a0e1f146f776","local_time":"20210219155845","is_ascension_mode":false,"campfire_choices":[{"data":"champ:Execute","floor":1,"key":"SMITH"},{"data":"champ:Taunt","floor":11,"key":"SMITH"},{"data":"champ:StanceDance","floor":18,"key":"SMITH"},{"data":"champ:DefensiveStyle","floor":30,"key":"SMITH"},{"data":"champ:FlashCut","floor":35,"key":"SMITH"},{"floor":47,"key":"REST"}],"circlet_count":0,"master_deck":["champ:Strike","champ:Strike","champ:Defend","champ:Defend","champ:Defend","champ:Execute+1","champ:Taunt+1","champ:FlashCut+1","champ:StanceDance+1","champ:PreciseThrust","champ:ShieldSlam+1","champ:SkillfulDodge+1","champ:RageSigil+1","champ:Circumvent+1","champ:ShieldSigil+1","champ:HoldFirm+1","champ:DefensiveShout+1","champ:Taunt+1","champ:FocusedDefense+1","champ:Parry+1","champ:RageSigil+1","champ:DefensiveStyle+1","champ:ShieldSigil+1","champ:BringItOn+1","champ:ShieldSigil+1","champ:FocusedDefense+1","champ:DefensiveShout+1","champ:DefensiveStyle+1","champ:DefensiveShout+1","champ:RageSigil+1"],"relics":["champ:ChampionCrown","Mango","champ:LiftRelic","Nunchaku","Toxic Egg 2","Boot","Sozu","downfall:HeartBlessingGreen","MutagenicStrength","The Courier","Mercury Hourglass","Eternal Feather","Thread and Needle","Philosopher\u0027s Stone","Blood Vial","Turnip","Ice Cream","Du-Vu Doll"],"acts_visited":["Exordium","TheCity","TheBeyond"],"potions_floor_usage":[13,16,33],"damage_taken":[{"damage":13,"enemies":"Jaw Worm","floor":2,"turns":4},{"damage":0,"enemies":"2 Louse","floor":3,"turns":3},{"damage":0,"enemies":"Small Slimes","floor":5,"turns":3},{"damage":25,"enemies":"3 Sentries","floor":6,"turns":7},{"damage":16,"enemies":"3 Louse","floor":9,"turns":4},{"damage":22,"enemies":"Exordium Thugs","floor":10,"turns":4},{"damage":12,"enemies":"Exordium Wildlife","floor":12,"turns":2},{"damage":24,"enemies":"Gremlin Nob","floor":13,"turns":3},{"damage":0,"enemies":"downfall:LooterAlt","floor":15,"turns":2},{"damage":17,"enemies":"SI_SHIV_ARCHETYPE","floor":16,"turns":8},{"damage":10,"enemies":"Shell Parasite","floor":21,"turns":4},{"damage":10,"enemies":"3 Byrds","floor":23,"turns":3},{"damage":12,"enemies":"Slavers","floor":25,"turns":6},{"damage":10,"enemies":"Snake Plant","floor":26,"turns":3},{"damage":10,"enemies":"Gremlin Leader","floor":27,"turns":9},{"damage":10,"enemies":"downfall:FleeingMerchant","floor":28,"turns":4},{"damage":10,"enemies":"Snecko","floor":31,"turns":3},{"damage":0,"enemies":"Sentry and Sphere","floor":32,"turns":3},{"damage":10,"enemies":"WA_ARCHETYPE_CALM","floor":33,"turns":3},{"damage":0,"enemies":"3 Shapes","floor":36,"turns":4},{"damage":10,"enemies":"Orb Walker","floor":38,"turns":2},{"damage":3,"enemies":"Spire Growth","floor":40,"turns":4},{"damage":10,"enemies":"Spire Growth","floor":42,"turns":4},{"damage":27,"enemies":"2 Orb Walkers","floor":43,"turns":5},{"damage":23,"enemies":"Maw","floor":44,"turns":5},{"damage":20,"enemies":"Reptomancer","floor":45,"turns":4},{"damage":21,"enemies":"3 Darklings","floor":46,"turns":5},{"damage":0,"enemies":"Spire Growth","floor":48,"turns":3},{"damage":0,"enemies":"Writhing Mass","floor":49,"turns":2},{"damage":31,"enemies":"IC_BLOCK_ARCHETYPE","floor":50,"turns":11}],"seed_played":"-8339073903739746699","potions_obtained":[{"floor":3,"key":"LiquidMemories"},{"floor":6,"key":"DistilledChaos"},{"floor":15,"key":"SneckoOil"},{"floor":16,"key":"BlessingOfTheForge"}],"is_trial":false,"path_per_floor":["R","M","M","?","M","E","T","?","M","M","R","M","E","?","M","B",null,"R","?","?","M","?","M","T","E","M","E","$","?","R","M","M","B",null,"R","M","?","M","?","M","T","?","?","M","E","M","R","M","M","B",null],"character_chosen":"THE_CHAMP","items_purchased":["Thread and Needle","champ:ShieldSigil+1","champ:BringItOn+1","champ:ShieldSigil+1","champ:FocusedDefense+1"],"campfire_rested":1,"item_purchase_floors":[28,28,28,28,28],"current_hp_per_floor":[104,101,101,101,101,96,96,96,95,83,83,81,67,67,67,60,104,104,86,86,86,86,86,86,84,84,84,84,84,99,99,99,99,104,104,104,104,104,104,101,101,103,87,76,68,69,104,104,104,93],"gold":428,"neow_bonus":"ONE_RARE_RELIC","is_daily":false,"chose_seed":false,"campfire_upgraded":5,"win_rate":0.0,"timestamp":1613768325,"path_taken":["R","M","M","?","M","E","T","?","M","M","R","M","E","?","M","BOSS","R","?","?","M","?","?","T","E","M","E","$","?","R","M","M","BOSS","R","M","?","M","?","M","T","?","?","M","E","M","R","M","M","BOSS"],"items_purchased_type":["Relic","Card","Card","Card","Card"],"build_version":"2020-12-22","purchased_purges":1,"victory":true,"max_hp_per_floor":[104,104,104,104,104,104,104,104,104,104,104,104,104,104,104,104,104,104,104,104,104,104,104,104,104,104,104,104,104,104,104,104,104,104,104,104,104,104,104,104,104,104,104,104,104,104,104,104,104,104],"relic_stats":{"Sozu":11,"Blood Vial":9,"Nunchaku":[14],"counters":[30,127],"Eternal Feather":33,"Turnip":[3],"Boot":[20],"obtain_stats":[{"Ice Cream":43,"champ:ChampionCrown":0,"Mango":0,"downfall:HeartBlessingGreen":18,"Eternal Feather":27,"Thread and Needle":28,"The Courier":24,"Boot":13,"Mercury Hourglass":25,"Sozu":17,"Blood Vial":41,"Du-Vu Doll":45,"Nunchaku":6,"champ:LiftRelic":4,"MutagenicStrength":20,"Philosopher\u0027s Stone":34,"Turnip":42,"Toxic Egg 2":7},{"Ice Cream":24,"champ:ChampionCrown":0,"Mango":0,"downfall:HeartBlessingGreen":10,"Eternal Feather":15,"Thread and Needle":16,"The Courier":12,"Boot":8,"Mercury Hourglass":13,"Sozu":10,"Blood Vial":22,"Du-Vu Doll":26,"Nunchaku":4,"champ:LiftRelic":2,"MutagenicStrength":10,"Philosopher\u0027s Stone":19,"Turnip":23,"Toxic Egg 2":4},{"Ice Cream":97,"champ:ChampionCrown":0,"Mango":0,"downfall:HeartBlessingGreen":40,"Eternal Feather":65,"Thread and Needle":69,"The Courier":47,"Boot":30,"Mercury Hourglass":53,"Sozu":40,"Blood Vial":88,"Du-Vu Doll":106,"Nunchaku":17,"champ:LiftRelic":7,"MutagenicStrength":40,"Philosopher\u0027s Stone":78,"Turnip":92,"Toxic Egg 2":17}],"Mercury Hourglass":[293]},"card_choices":[{"not_picked":["champ:StanceDance","champ:SetATrap"],"picked":"champ:FlashCut","floor":2},{"not_picked":["champ:Backstep","champ:PreemptiveStrike","champ:CrookedStrike"],"picked":"SKIP","floor":3},{"not_picked":["champ:EnragedBash","champ:ShieldWall"],"picked":"champ:StanceDance","floor":5},{"not_picked":["champ:StanceDance","champ:Endure"],"picked":"champ:PreciseThrust","floor":6},{"not_picked":["champ:FanOfKnives","champ:GutPunch"],"picked":"champ:ShieldSlam+1","floor":9},{"not_picked":["champ:MurderStrike","champ:BringItOn+1"],"picked":"champ:SkillfulDodge+1","floor":10},{"not_picked":["champ:BerserkersShout+1","champ:IronFortress"],"picked":"champ:RageSigil+1","floor":12},{"not_picked":["champ:FancyFootwork+1","champ:SwordSigil+1"],"picked":"champ:Circumvent+1","floor":13},{"not_picked":["champ:Duel","champ:RapidStrikes"],"picked":"champ:ShieldSigil+1","floor":15},{"not_picked":["champ:LastStand","champ:HeavySlash"],"picked":"champ:HoldFirm+1","floor":16},{"not_picked":["champ:Backstep+1","champ:FlashCut"],"picked":"champ:DefensiveShout+1","floor":21},{"not_picked":["champ:Shatter","champ:HeartStrike","champ:ArenaPreparation+1"],"picked":"SKIP","floor":23},{"not_picked":["champ:SwordThrow","champ:Shatter+1"],"picked":"champ:FocusedDefense+1","floor":25},{"not_picked":["champ:PreciseThrust+1","champ:FancyFootwork+1"],"picked":"champ:Parry+1","floor":26},{"not_picked":["champ:ViciousMockery+1","champ:BerserkersShout+1"],"picked":"champ:RageSigil+1","floor":27},{"not_picked":["champ:SetATrap+1","champ:BerserkerStyle"],"picked":"champ:DefensiveStyle","floor":28},{"not_picked":["champ:Circumvent+1","champ:PreciseThrust+1","champ:PerfectedStrike"],"picked":"SKIP","floor":31},{"not_picked":["champ:Haymaker+1","champ:BerserkerStyle"],"picked":"champ:DefensiveShout+1","floor":32},{"not_picked":["champ:FalseCounter+1","champ:Shatter"],"picked":"champ:DefensiveStyle+1","floor":36},{"not_picked":["champ:StanceDance+1","champ:BringItOn+1","champ:Backstep+1"],"picked":"SKIP","floor":38},{"not_picked":["champ:FocusedDefense+1","champ:Endure+1","champ:Shatter+1"],"picked":"SKIP","floor":40},{"not_picked":["champ:FanOfKnives","champ:Duel"],"picked":"champ:DefensiveShout+1","floor":42},{"not_picked":["champ:FanOfKnives+1","champ:RecklessLeap","champ:GutPunch+1"],"picked":"SKIP","floor":44},{"not_picked":["champ:MurderStrike","champ:Encircle","champ:FancyFootwork+1"],"picked":"SKIP","floor":45},{"not_picked":["champ:FlashCut","champ:BerserkersShout+1"],"picked":"champ:RageSigil+1","floor":46},{"not_picked":["champ:AdrenalArmor+1","champ:PreciseThrust+1","champ:Backstep+1"],"picked":"SKIP","floor":48},{"not_picked":["champ:StanceDance+1","champ:TornadoPunch","champ:SwordThrow"],"picked":"SKIP","floor":49}],"player_experience":854110,"relics_obtained":[{"floor":6,"key":"Nunchaku"},{"floor":7,"key":"Toxic Egg 2"},{"floor":13,"key":"Boot"},{"floor":24,"key":"The Courier"},{"floor":25,"key":"Mercury Hourglass"},{"floor":27,"key":"Eternal Feather"},{"floor":41,"key":"Blood Vial"},{"floor":42,"key":"Turnip"},{"floor":43,"key":"Ice Cream"},{"floor":45,"key":"Du-Vu Doll"}],"event_choices":[{"damage_healed":0,"gold_gain":0,"player_choice":"Inject Mutagens","damage_taken":0,"relics_obtained":["MutagenicStrength"],"max_hp_gain":0,"max_hp_loss":0,"event_name":"Drug Dealer","floor":20,"gold_loss":0},{"cards_removed":["champ:Defend"],"damage_healed":0,"gold_gain":0,"player_choice":"Removed Skill","damage_taken":0,"max_hp_gain":0,"max_hp_loss":0,"event_name":"Falling","floor":39,"gold_loss":0},{"damage_healed":0,"gold_gain":0,"player_choice":"Fight","damage_taken":0,"max_hp_gain":0,"max_hp_loss":0,"event_name":"Mysterious Sphere","floor":43,"gold_loss":0}],"is_beta":false,"boss_relics":[{"not_picked":["Empty Cage","Runic Dome"],"picked":"Sozu"},{"not_picked":["Coffee Dripper","Astrolabe"],"picked":"Philosopher\u0027s Stone"}],"items_purged_floors":[28],"is_endless":false,"potions_floor_spawned":[3,6,15,16,23,25,31,32,33,38,40,42,44,48,49],"ascension_level":0}}