{"host":"o9lehcdjc4u6j9un","time":1613754133,"event":{"mods":["Aspiration","BaseMod","Better-Laid Plans","Bossed Relics","Colored Map","Downfall","Gremlin Mod","Hermit","Koishi","Marisa£®ÏF”Í°°ƒß¿Ì…≥£©","Minty Spire (QoL Compilation)","Reimu£®≤©¿ˆ¡È√Œ£©","Remilia£®¿Ÿ√◊¿Ú—«£©","Robot Space Explorer","StSLib","The Alterego","The Hierophant","The Jungle","The Marked","The Runesmith","The Senshi","The Servant 0.9.4","Yakumo Yukari mod","Youmu£®ªÍ∆«—˝√Œ£©","≤–¡Ù÷ÆŒÔ"],"gold_per_floor":[111,186,34,34,49,74,74,104,104,135,135,35,35,68,68,165,165,179,193,203,6,6,17,43,43,43,78,78,113,113,133,133,234,234,252,55,70,70,81,100,100,152,152,205,30,59,59,90,90,90,90,90,90,119,119],"floor_reached":56,"language":"ZHS","playtime":8653,"items_purged":["Koishi:GhostParty","Koishi:BasicStrike","Koishi:BasicStrike","Koishi:BasicStrike","Koishi:HauntingSlash"],"score":1480,"play_id":"820d9604-6e69-4724-abde-d5e0e06cb17c","local_time":"20210220010213","is_ascension_mode":false,"campfire_choices":[{"floor":7,"key":"REST"},{"floor":13,"key":"REST"},{"floor":15,"key":"REST"},{"floor":25,"key":"REST"},{"floor":28,"key":"REST"},{"floor":32,"key":"REST"},{"floor":41,"key":"REST"},{"floor":47,"key":"REST"},{"floor":49,"key":"RECALL"},{"data":"Koishi:ReleaseOfTheId","floor":52,"key":"SMITH"}],"circlet_count":0,"master_deck":["Koishi:BasicDefend","Koishi:BasicDefend","Koishi:BasicDefend","Koishi:BasicDefend","Koishi:Provoke","Koishi:Jaunt","Koishi:HeartAttack","Koishi:ReleaseOfTheId","Koishi:UnconsciousUprising","Koishi:UnconsciousUprising","Koishi:FadingMemory","Koishi:ReflexRadar","Koishi:Prune","Koishi:SubconsciousSweep+1","Koishi:RorschachInDanmaku","Koishi:ReflexRadar","Koishi:GeneticsOfTheUnconscious+1","Koishi:ReflexRadar","Koishi:Whimsy","Koishi:GeneticsOfTheUnconscious","Koishi:SubconsciousSweep","Koishi:SpiritedAway","Koishi:ReleaseOfTheId+1"],"relics":["Koishi:ImaginaryFriend","Oddly Smooth Stone","Singing Bowl","RuthlessExorcism:ReiMu","Lantern","Omamori","aspiration:SecretTechniqueScroll","InkBottle","ScarletDevilRocket","White Beast Statue","Incense Burner","theJungle:PaperFaux","PlaceholderMod:LiveLive","Gremlin Horn","CatCart","Bag of Marbles","champ:DuelingGlove","Ornamental Fan","PlaceholderMod:DaolothFragment","Koishi:TeethAndClaws"],"acts_visited":["Exordium","Exordium","TheBeyond","TheEnding"],"potions_floor_usage":[16,20,55,55,55],"damage_taken":[{"damage":0,"enemies":"2 Louse","floor":1,"turns":5},{"damage":1,"enemies":"Small Slimes","floor":5,"turns":2},{"damage":26,"enemies":"Gremlin Nob","floor":6,"turns":4},{"damage":20,"enemies":"3 Sentries","floor":10,"turns":6},{"damage":8,"enemies":"Lagavulin","floor":14,"turns":6},{"damage":41,"enemies":"Slime Boss","floor":16,"turns":12},{"damage":6,"enemies":"theJungle:MUSHROOMGANG","floor":18,"turns":4},{"damage":7,"enemies":"Shell Parasite","floor":19,"turns":3},{"damage":7,"enemies":"theJungle:Lyon","floor":20,"turns":3},{"damage":4,"enemies":"theJungle:2_Snecko_Cultists","floor":23,"turns":2},{"damage":11,"enemies":"theJungle:2_Phrogs","floor":24,"turns":5},{"damage":8,"enemies":"theJungle:MamaSnecko","floor":27,"turns":4},{"damage":6,"enemies":"theJungle:Cassacara","floor":29,"turns":4},{"damage":12,"enemies":"theJungle:2_Flameangoes","floor":31,"turns":3},{"damage":12,"enemies":"theJungle:QueenSpyder","floor":33,"turns":4},{"damage":5,"enemies":"3 Darklings","floor":35,"turns":2},{"damage":9,"enemies":"3 Shapes","floor":37,"turns":2},{"damage":6,"enemies":"Writhing Mass","floor":39,"turns":3},{"damage":17,"enemies":"Nemesis","floor":40,"turns":5},{"damage":11,"enemies":"Orin","floor":42,"turns":6},{"damage":6,"enemies":"2 Orb Walkers","floor":44,"turns":1},{"damage":14,"enemies":"Giant Head","floor":46,"turns":5},{"damage":6,"enemies":"Reptomancer","floor":48,"turns":1},{"damage":37,"enemies":"Awakened One","floor":50,"turns":8},{"damage":5,"enemies":"Shield and Spear","floor":54,"turns":2},{"damage":30,"enemies":"The Heart","floor":55,"turns":6}],"seed_played":"-2326441173986456989","potions_obtained":[{"floor":14,"key":"SpeedPotion"},{"floor":16,"key":"DistilledChaos"},{"floor":23,"key":"champ:CounterPotion"},{"floor":29,"key":"ColorlessPotion"},{"floor":31,"key":"ColorlessPotion"},{"floor":33,"key":"Block Potion"},{"floor":35,"key":"DistilledChaos"},{"floor":42,"key":"BlessingOfTheForge"},{"floor":46,"key":"LiquidMemories"}],"is_trial":false,"path_per_floor":["M","?","$","?","M","E","R","?","T","E","?","$","R","E","R","B",null,"M","M","M","$","?","M","E","R","T","E","R","E","?","M","R","B",null,"M","$","M","?","M","E","R","?","T","?","$","E","R","E","R","B",null,"R","$","E","B",null],"character_chosen":"KOISHI","items_purchased":["Koishi:HeartAttack","Koishi:RorschachInDanmaku","Koishi:ReflexRadar"],"campfire_rested":8,"item_purchase_floors":[3,21,36],"current_hp_per_floor":[60,49,49,49,49,24,42,42,42,23,20,20,38,31,49,8,60,55,49,43,43,43,39,30,48,48,42,61,57,57,47,67,58,70,66,66,59,59,56,40,62,52,52,47,47,33,55,49,49,12,74,74,74,71,41],"gold":119,"neow_bonus":"TRANSFORM_CARD","is_daily":false,"chose_seed":false,"campfire_upgraded":1,"win_rate":0.0,"timestamp":1613754133,"path_taken":["M","?","$","?","M","E","R","?","T","E","?","$","R","E","R","BOSS","M","M","M","$","?","M","E","R","T","E","R","E","?","M","R","BOSS","M","$","M","?","?","E","R","?","T","?","$","E","R","E","R","BOSS","R","$","E","BOSS"],"items_purchased_type":["Card","Card","Card"],"build_version":"2020-12-22","purchased_purges":5,"victory":true,"max_hp_per_floor":[60,60,60,60,60,60,60,60,60,60,60,60,60,60,60,60,60,60,60,60,60,60,60,62,62,62,64,64,66,66,68,68,70,70,70,70,72,72,74,74,74,74,74,74,74,74,74,74,74,74,74,74,74,76,76],"card_choices":[{"not_picked":["Koishi:RacingHeart","Koishi:StingingMind"],"picked":"Koishi:Jaunt","floor":1},{"not_picked":["Koishi:HeartAttack","Koishi:UnconsciousUprising"],"picked":"Koishi:ReleaseOfTheId","floor":5},{"not_picked":["Koishi:GhostParty","Koishi:Possession","Koishi:JumpScare"],"picked":"SKIP","floor":6},{"not_picked":["Koishi:YoukaiPolygraph","Koishi:DanmakuParanoia"],"picked":"Koishi:UnconsciousUprising","floor":10},{"not_picked":["Koishi:EmbersOfLove","Koishi:DNAsFlaw"],"picked":"Koishi:UnconsciousUprising","floor":14},{"not_picked":["Koishi:SilentAndRestless","Koishi:ConditionedTeleport"],"picked":"Koishi:FadingMemory","floor":16},{"not_picked":["Koishi:UnseenTerror","Koishi:ParalyzingFear"],"picked":"Koishi:ReflexRadar","floor":18},{"not_picked":["Koishi:ParalyzingFear","Koishi:DreadfulBlow"],"picked":"Koishi:Prune","floor":19},{"not_picked":["Koishi:PhantomStrike","Koishi:HeartfeltFancy"],"picked":"Koishi:SubconsciousSweep+1","floor":20},{"not_picked":["Koishi:HeartStoppingHorror","Koishi:CatchAndRose"],"picked":"Koishi:ReflexRadar","floor":23},{"not_picked":["Koishi:StingingMind","Koishi:MassHysteria+1","Koishi:RacingHeart"],"picked":"Singing Bowl","floor":24},{"not_picked":["Koishi:UnansweredLove","Koishi:MindStellarRelief","Koishi:DreadfulBlow+1"],"picked":"Singing Bowl","floor":27},{"not_picked":["Koishi:MentalBreakdown","Koishi:Jaunt","Koishi:TraumaticStroke"],"picked":"Singing Bowl","floor":29},{"not_picked":["Koishi:PhantomBarrier+1","Koishi:Vanish","Koishi:SprinkleStarAndHeart"],"picked":"Singing Bowl","floor":31},{"not_picked":["Koishi:GrowingPain","Koishi:MentalBreakdown","Koishi:Ego"],"picked":"Singing Bowl","floor":33},{"not_picked":["Koishi:IdleWhim+1","Koishi:Vanish"],"picked":"Koishi:GeneticsOfTheUnconscious+1","floor":35},{"not_picked":["Koishi:CatchAndRose","Koishi:PredatoryInstincts","Koishi:ParalyzingFear+1"],"picked":"Singing Bowl","floor":37},{"not_picked":["Koishi:StingingMind","Koishi:MindNumbingTerror","Koishi:UnansweredLove"],"picked":"Singing Bowl","floor":39},{"not_picked":["Koishi:Jaunt","Koishi:SubterraneanRose+1"],"picked":"Koishi:Whimsy","floor":40},{"not_picked":["Koishi:Possession","Koishi:RacingHeart+1"],"picked":"Koishi:GeneticsOfTheUnconscious","floor":42},{"not_picked":["Koishi:EmbryosDream+1","Koishi:UnansweredLove"],"picked":"Koishi:SubconsciousSweep","floor":44},{"not_picked":["Koishi:Prune","Koishi:Untouchable"],"picked":"Koishi:SpiritedAway","floor":46},{"not_picked":["Koishi:SubterraneanRose+1","Koishi:PhantomStrike+1"],"picked":"Koishi:ReleaseOfTheId","floor":48},{"not_picked":["Koishi:CatchAndRose","Koishi:PhantomStrike","Koishi:FidgetySnatcher+1"],"picked":"Singing Bowl","floor":54}],"player_experience":364316,"relics_obtained":[{"floor":6,"key":"Oddly Smooth Stone"},{"floor":10,"key":"RuthlessExorcism:ReiMu"},{"floor":14,"key":"Omamori"},{"floor":24,"key":"InkBottle"},{"floor":26,"key":"ScarletDevilRocket"},{"floor":27,"key":"White Beast Statue"},{"floor":29,"key":"Incense Burner"},{"floor":40,"key":"Gremlin Horn"},{"floor":42,"key":"CatCart"},{"floor":43,"key":"Bag of Marbles"},{"floor":44,"key":"champ:DuelingGlove"},{"floor":46,"key":"Ornamental Fan"},{"floor":48,"key":"PlaceholderMod:DaolothFragment"},{"floor":54,"key":"Koishi:TeethAndClaws"}],"event_choices":[{"damage_healed":0,"gold_gain":75,"player_choice":"Gather Gold","damage_taken":11,"max_hp_gain":0,"max_hp_loss":0,"event_name":"World of Goop","floor":2,"gold_loss":0},{"damage_healed":0,"gold_gain":0,"player_choice":"Ignored","damage_taken":0,"max_hp_gain":0,"max_hp_loss":0,"event_name":"Liars Game","floor":4,"gold_loss":0},{"damage_healed":0,"gold_gain":30,"player_choice":"Searched \u00273\u0027 times","damage_taken":0,"relics_obtained":["Singing Bowl"],"max_hp_gain":0,"max_hp_loss":0,"event_name":"Dead Adventurer","floor":8,"gold_loss":0},{"damage_healed":0,"gold_gain":0,"player_choice":"Success","damage_taken":3,"relics_obtained":["Lantern"],"max_hp_gain":0,"max_hp_loss":0,"event_name":"Scrap Ooze","floor":11,"gold_loss":0},{"damage_healed":0,"gold_gain":0,"player_choice":"0 cards matched","damage_taken":0,"max_hp_gain":0,"max_hp_loss":0,"event_name":"Match and Keep!","floor":38,"gold_loss":0,"cards_obtained":[]},{"damage_healed":0,"gold_gain":0,"player_choice":"Fight","damage_taken":0,"max_hp_gain":0,"max_hp_loss":0,"event_name":"OrinTheCat","floor":42,"gold_loss":0},{"damage_healed":0,"gold_gain":0,"player_choice":"Fight","damage_taken":0,"max_hp_gain":0,"max_hp_loss":0,"event_name":"Mysterious Sphere","floor":44,"gold_loss":0}],"is_beta":false,"boss_relics":[{"not_picked":["aspiration:FutureDiary","Black Star"],"picked":"aspiration:SecretTechniqueScroll"},{"not_picked":["Busted Crown","aspiration:RunesmithSkillbook"],"picked":"PlaceholderMod:LiveLive"}],"items_purged_floors":[3,12,21,36,45],"is_endless":false,"potions_floor_spawned":[14,16,23,29,31,33,35,37,39,40,42,44,46,48,54],"ascension_level":0}}