{"host":"u21q392b5xaj11fl","time":1613700770,"event":{"mods":["2.2 Compatiblity","Bard","BaseMod","Better Note","Colored Map","Colored Powertips","Conspire","Custom Start","Downfall","Faster Ascension Climbing","GifTheSpireLib","Gremlin Skip","Highlight Path","Hubris","Infinite Spire","Mad Scientist","Marisa????????","Mimic Mod","Minty Spire (QoL Compilation)","Monster B Gone","Permanent Neow","Potionbrewer","Quick Restart","READ ME - Guardian Mod","Relic Sorter","Replay The Spire","Shop Mod","Somnambulant","StSLib","Stuff the Spire","SuperFastMode","The Construct","The Disciple","The Servant 0.9.4"],"gold_per_floor":[210,12,28,48,67,67,52,83,123,149,149,165,192,204,204,204,204],"floor_reached":16,"language":"ENG","playtime":1339,"items_purged":[],"score":211,"play_id":"d1a1bccb-b24d-4dc7-a6d5-bca151dd9a15","local_time":"20210218201250","is_ascension_mode":true,"campfire_choices":[{"floor":6,"key":"REST"},{"floor":11,"key":"REST"}],"circlet_count":0,"master_deck":["AscendersBane","Strike_Br","Strike_Br","Strike_Br","Strike_Br","Defend_Br","Defend_Br","Defend_Br","Defend_Br","SecondHand","PatternShift","Recurrance","HandsUpC","LockedScales","LockedAnchor","Engulf","ReapSow","LockedAnchor","LockedThread","ExoVibe","BlueShift","AlternateTimeline"],"relics":["Chronometer","OrangePellets","StuffTheSpire:OldFever","infinitespire:Beetle Shell","hexamod:CandleOfCauterizing","Strawberry"],"acts_visited":["Exordium"],"potions_floor_usage":[8,8,10,13,16],"damage_taken":[{"damage":9,"enemies":"Cultist","floor":1,"turns":5},{"damage":11,"enemies":"Small Slimes","floor":3,"turns":5},{"damage":10,"enemies":"2 Louse","floor":4,"turns":3},{"damage":8,"enemies":"Blue Slaver","floor":5,"turns":5},{"damage":6,"enemies":"Exordium Thugs","floor":7,"turns":4},{"damage":15,"enemies":"3 Sentries","floor":8,"turns":7},{"damage":1,"enemies":"Large Slime","floor":9,"turns":7},{"damage":10,"enemies":"Lagavulin","floor":10,"turns":5},{"damage":3,"enemies":"Large Slime","floor":12,"turns":3},{"damage":7,"enemies":"3 Sentries","floor":13,"turns":8},{"damage":3,"enemies":"Blue Slaver","floor":14,"turns":4},{"damage":56,"enemies":"Fading Forest","floor":16,"turns":9}],"seed_played":"-2677758320086987788","potions_obtained":[{"floor":3,"key":"potionbrewer:BoundlessPotion"},{"floor":5,"key":"Elixir"},{"floor":7,"key":"Toxic Potion"},{"floor":8,"key":"SteroidPotion"},{"floor":12,"key":"AttackPotion"},{"floor":15,"key":"SmokeBomb"},{"floor":15,"key":"Regen Potion"}],"is_trial":false,"path_per_floor":["M","$","M","M","M","R","M","E","MIM","E","R","M","E","M","R_BF","B"],"character_chosen":"CHRONO_CLASS","items_purchased":["HandsUpC","OrangePellets"],"campfire_rested":2,"item_purchase_floors":[2,2],"current_hp_per_floor":[47,47,36,26,18,36,30,15,14,4,22,19,19,16,16,0,0],"gold":204,"neow_bonus":"HUNDRED_GOLD","is_daily":false,"chose_seed":false,"campfire_upgraded":0,"win_rate":0.0,"timestamp":1613700770,"path_taken":["M","$","?","?","M","R","M","E","MIM","E","R","M","E","M","R_BF","BOSS"],"items_purchased_type":["Card","Relic"],"build_version":"2020-12-22","purchased_purges":0,"victory":false,"max_hp_per_floor":[62,62,62,62,62,62,62,62,62,62,62,62,69,69,69,69,69],"card_choices":[{"not_picked":["Facsimile","LockedUrn"],"picked":"Recurrance","floor":1},{"not_picked":["DaylightSavings","ResonantCall"],"picked":"LockedScales","floor":3},{"not_picked":["HandsUpB","CrunchTime"],"picked":"LockedAnchor","floor":4},{"not_picked":["PrimeTime","CrunchTime"],"picked":"Engulf","floor":5},{"not_picked":["LockedOrichalcum","MasterKey"],"picked":"ReapSow","floor":7},{"not_picked":["Recurrance","BiteCommand"],"picked":"LockedAnchor","floor":8},{"not_picked":["BiteCommand","LockedScales"],"picked":"LockedThread","floor":10},{"not_picked":["Tempo","LockedTornado"],"picked":"ExoVibe","floor":12},{"not_picked":["LockedLightning","Facsimile"],"picked":"BlueShift","floor":13},{"not_picked":["BiteCommand","LockedScales"],"picked":"AlternateTimeline","floor":14}],"player_experience":299925,"relics_obtained":[{"floor":8,"key":"StuffTheSpire:OldFever"},{"floor":9,"key":"infinitespire:Beetle Shell"},{"floor":10,"key":"hexamod:CandleOfCauterizing"},{"floor":13,"key":"Strawberry"}],"event_choices":[],"is_beta":false,"boss_relics":[],"items_purged_floors":[],"is_endless":false,"potions_floor_spawned":[3,5,7,8,12],"killed_by":"Fading Forest","ascension_level":14}}