{"host":"7wi4qgm5yw4j7oz0","time":1613767925,"event":{"mods":["AchievementEnabler","BaseMod","Block Reminder","Colored Map","Colored Powertips","Highlight Path","Minty Spire (QoL Compilation)","Permanent Neow","Random Character Button","StSLib","SuperFastMode","everything is the same but u backflip on backflip"],"gold_per_floor":[12,12,26,39,56,84,84,95,95,95,95,117,129,141,153,239,251,282,311,340,352,377,417,429,451,463,491,503,515,84,102,102,179,179,198,198,215,231,251,251,151,151,175,175,175],"floor_reached":44,"language":"KOR","playtime":2160,"items_purged":["Clumsy","Parasite"],"score":760,"play_id":"b0dc6054-9bcf-4d53-9f0c-626c20e1f408","local_time":"20210220055205","is_ascension_mode":true,"campfire_choices":[{"floor":7.0,"key":"REST"},{"data":"Pommel Strike","floor":13.0,"key":"SMITH"},{"data":"Rage","floor":15.0,"key":"SMITH"},{"floor":24.0,"key":"REST"},{"floor":28.0,"key":"REST"},{"data":"Armaments","floor":32.0,"key":"SMITH"},{"data":"Offering","floor":40.0,"key":"SMITH"}],"circlet_count":0,"master_deck":["AscendersBane","Strike_R","Strike_R","Strike_R","Defend_R","Defend_R","Defend_R","Defend_R","Perfected Strike+1","Wild Strike","Pommel Strike+1","Spot Weakness","Headbutt","Shrug It Off","Rage+1","Offering+1","Pommel Strike","Evolve","Warcry","Impervious","Iron Wave+1","Cleave","Blind","Armaments+1","Pommel Strike","Immolate","Power Through+1","Disarm+1","Carnage+1","Flash of Steel","Writhe"],"relics":["Burning Blood","Lizard Tail","StoneCalendar","Oddly Smooth Stone","MawBank","Cursed Key","StrikeDummy","Question Card","Eternal Feather","Philosopher\u0027s Stone","Art of War"],"acts_visited":["Exordium","TheCity","TheBeyond"],"potions_floor_usage":[44],"damage_taken":[{"damage":6.0,"enemies":"Cultist","floor":1.0,"turns":3.0},{"damage":0.0,"enemies":"Jaw Worm","floor":3.0,"turns":3.0},{"damage":0.0,"enemies":"2 Louse","floor":4.0,"turns":2.0},{"damage":2.0,"enemies":"Exordium Wildlife","floor":5.0,"turns":2.0},{"damage":55.0,"enemies":"3 Sentries","floor":6.0,"turns":9.0},{"damage":21.0,"enemies":"Lots of Slimes","floor":8.0,"turns":5.0},{"damage":6.0,"enemies":"2 Fungi Beasts","floor":12.0,"turns":3.0},{"damage":30.0,"enemies":"Hexaghost","floor":16.0,"turns":9.0},{"damage":11.0,"enemies":"Spheric Guardian","floor":18.0,"turns":3.0},{"damage":7.0,"enemies":"3 Byrds","floor":19.0,"turns":5.0},{"damage":21.0,"enemies":"Centurion and Healer","floor":20.0,"turns":4.0},{"damage":19.0,"enemies":"Shelled Parasite and Fungi","floor":22.0,"turns":5.0},{"damage":23.0,"enemies":"Gremlin Leader","floor":23.0,"turns":6.0},{"damage":27.0,"enemies":"Snake Plant","floor":25.0,"turns":4.0},{"damage":10.0,"enemies":"Centurion and Healer","floor":27.0,"turns":5.0},{"damage":0.0,"enemies":"Shelled Parasite and Fungi","floor":31.0,"turns":5.0},{"damage":88.0,"enemies":"Automaton","floor":33.0,"turns":12.0},{"damage":12.0,"enemies":"3 Darklings","floor":35.0,"turns":4.0},{"damage":6.0,"enemies":"3 Shapes","floor":37.0,"turns":2.0},{"damage":14.0,"enemies":"Writhing Mass","floor":38.0,"turns":7.0},{"damage":15.0,"enemies":"Jaw Worm Horde","floor":39.0,"turns":4.0},{"damage":86,"enemies":"Giant Head","floor":44,"turns":7}],"seed_played":"-3799537654299844702","potions_obtained":[{"floor":1.0,"key":"Block Potion"},{"floor":3.0,"key":"AttackPotion"},{"floor":4.0,"key":"BloodPotion"},{"floor":8.0,"key":"BloodPotion"},{"floor":16.0,"key":"ColorlessPotion"},{"floor":18.0,"key":"Strength Potion"},{"floor":20.0,"key":"Weak Potion"},{"floor":27.0,"key":"SkillPotion"},{"floor":37.0,"key":"BloodPotion"}],"is_trial":false,"path_per_floor":["M","?","M","M","M","E","R","M","T","?","?","M","R","$","R","B",null,"M","M","M","?","M","E","R","M","T","M","R","?","$","M","R","B",null,"M","?","M","M","M","R","$","?","T","E"],"character_chosen":"IRONCLAD","items_purchased":["Eternal Feather","Blind","Armaments"],"campfire_rested":3,"item_purchase_floors":[30,30,30],"current_hp_per_floor":[68,68,74,75,75,26,48,48,48,48,37,52,52,52,52,28,63,58,57,42,42,29,12,34,13,13,9,31,31,31,37,52,19,61,55,55,55,47,38,56,56,56,56,0,0],"gold":175,"neow_bonus":"ONE_RARE_RELIC","is_daily":false,"chose_seed":false,"campfire_upgraded":4,"win_rate":0.0,"timestamp":1613767925,"path_taken":["M","?","?","M","M","E","R","M","T","?","?","M","R","$","R","BOSS","M","M","M","?","M","E","R","?","T","M","R","?","$","?","R","BOSS","M","?","M","M","M","R","$","?","T","E"],"items_purchased_type":["Relic","Card","Card"],"build_version":"2020-12-22","purchased_purges":2,"victory":false,"max_hp_per_floor":[75,75,75,75,75,75,75,75,75,75,75,75,75,75,75,75,75,75,75,75,75,75,75,75,75,75,75,75,75,75,75,75,75,75,75,75,75,75,75,75,72,72,72,72,72],"card_choices":[{"not_picked":["Disarm","Warcry"],"picked":"Perfected Strike","floor":1.0},{"not_picked":["Clash","Intimidate"],"picked":"Wild Strike","floor":3.0},{"not_picked":["Havoc","Clothesline"],"picked":"Pommel Strike","floor":4.0},{"not_picked":["Heavy Blade","Pummel"],"picked":"Spot Weakness","floor":5.0},{"not_picked":["Inflame","Bloodletting"],"picked":"Headbutt","floor":6.0},{"not_picked":["Clothesline","Flex"],"picked":"Shrug It Off","floor":8.0},{"not_picked":["Pommel Strike","Twin Strike"],"picked":"Rage","floor":12.0},{"not_picked":["Bludgeon","Berserk"],"picked":"Offering","floor":16.0},{"not_picked":["Power Through","Flex","Seeing Red+1"],"picked":"SKIP","floor":18.0},{"not_picked":["Rage","Searing Blow+1"],"picked":"Pommel Strike","floor":19.0},{"not_picked":["Rage","Iron Wave"],"picked":"Evolve","floor":20.0},{"not_picked":["Wild Strike","Spot Weakness","Havoc"],"picked":"SKIP","floor":22.0},{"not_picked":["Body Slam","Clothesline"],"picked":"Impervious","floor":23.0},{"not_picked":["Feel No Pain","Sword Boomerang"],"picked":"Iron Wave+1","floor":25.0},{"not_picked":["Searing Blow","Dropkick","Shrug It Off"],"picked":"Cleave","floor":27.0},{"not_picked":["Ghostly Armor","Headbutt","Wild Strike"],"picked":"Pommel Strike","floor":31.0},{"not_picked":["Bludgeon","Impervious","Brutality"],"picked":"Immolate","floor":33.0},{"not_picked":["Wild Strike","Evolve","Whirlwind"],"picked":"Power Through+1","floor":35.0},{"not_picked":["Cleave","Anger+1","Intimidate"],"picked":"Disarm+1","floor":37.0},{"not_picked":["Metallicize","Thunderclap","Clash","Clothesline"],"picked":"SKIP","floor":38.0},{"not_picked":["Havoc","Anger+1","Evolve"],"picked":"Carnage+1","floor":39.0},{"not_picked":["Mayhem","Transmutation","PanicButton"],"picked":"Flash of Steel","floor":42.0}],"player_experience":342924,"relics_obtained":[{"floor":6.0,"key":"StoneCalendar"},{"floor":9.0,"key":"Oddly Smooth Stone"},{"floor":23.0,"key":"StrikeDummy"},{"floor":26.0,"key":"Question Card"},{"floor":43.0,"key":"Art of War"}],"event_choices":[{"cards_removed":["Strike_R"],"damage_healed":0.0,"max_hp_gain":0.0,"max_hp_loss":0.0,"gold_gain":0.0,"event_name":"Purifier","player_choice":"Purged","floor":2.0,"gold_loss":0.0,"damage_taken":0.0},{"damage_healed":0.0,"max_hp_gain":0.0,"max_hp_loss":0.0,"gold_gain":0.0,"event_name":"Golden Idol","player_choice":"Ignored","floor":10.0,"gold_loss":0.0,"damage_taken":0.0},{"damage_healed":0.0,"max_hp_gain":0.0,"max_hp_loss":0.0,"gold_gain":0.0,"event_name":"Scrap Ooze","player_choice":"Success","floor":11.0,"gold_loss":0.0,"damage_taken":11.0,"relics_obtained":["MawBank"]},{"damage_healed":0.0,"max_hp_gain":0.0,"max_hp_loss":0.0,"gold_gain":0.0,"cards_transformed":["Bash"],"event_name":"Transmorgrifier","player_choice":"Transformed","floor":21.0,"gold_loss":0.0,"damage_taken":0.0,"cards_obtained":["Warcry"]},{"damage_healed":0.0,"max_hp_gain":0.0,"max_hp_loss":0.0,"gold_gain":0.0,"event_name":"Accursed Blacksmith","player_choice":"Forge","floor":29.0,"gold_loss":0.0,"damage_taken":0.0,"cards_upgraded":["Perfected Strike"]},{"cards_removed":["Strike_R"],"damage_healed":0.0,"max_hp_gain":0.0,"max_hp_loss":0.0,"gold_gain":0.0,"event_name":"Falling","player_choice":"Removed Attack","floor":36.0,"gold_loss":0.0,"damage_taken":0.0},{"damage_healed":0.0,"max_hp_gain":0.0,"max_hp_loss":0.0,"gold_gain":0.0,"event_name":"SensoryStone","player_choice":"Memory 1","floor":42.0,"gold_loss":0.0,"damage_taken":0.0}],"is_beta":false,"boss_relics":[{"not_picked":["Velvet Choker","Empty Cage"],"picked":"Cursed Key"},{"not_picked":["Busted Crown","Mark of Pain"],"picked":"Philosopher\u0027s Stone"}],"items_purged_floors":[30,41],"is_endless":false,"potions_floor_spawned":[1,3,4,8,16,18,20,27,37],"killed_by":"Giant Head","ascension_level":15}}