{"host":"r9v0g0iwbsx9dzwu","time":1613726673,"event":{"mods":["ATMod(阿瑾Mod)","Act Like it!","Arknights","Aspiration","BaseMod","Minty Spire (QoL Compilation)","MostiFishMod","Reliquary","Replay The Spire","RumiaBox-露米娅的神秘盒子","StSLib","TestMod","[IsaacMod]以撒尖塔","【遗物卡牌】REMEMod"],"gold_per_floor":[16,33,51,51,71,104,29,61,87,102,102,110,110,178,178,279,279,295,7,7,20,20,55,55,67,94,94,124,150,168,196,196,292,292,306,306,306,306,317,352,352,366,366,378,407,426,426,459,459,459,459,459,459,489,489],"floor_reached":56,"language":"ZHS","playtime":1313,"items_purged":["Amnesia","ats:Strike V","ats:Armor Crushing Shot+1","ats:True Silver Slash+1","ats:Defend+1"],"score":2118,"play_id":"2ec54fb4-a266-4048-af0d-7e2f529b19c3","local_time":"20210219172433","is_ascension_mode":true,"campfire_choices":[{"data":"ats:Armor Crushing Shot","floor":13,"key":"SMITH"},{"floor":15,"key":"RECALL"},{"data":"ats:Rat Pack","floor":24,"key":"SMITH"},{"data":"ats:Rat Pack","floor":32,"key":"SMITH"},{"data":"ats:Defend","floor":47,"key":"SMITH"},{"data":"ats:Serious Mode","floor":49,"key":"SMITH"},{"floor":52,"key":"REST"}],"circlet_count":0,"master_deck":["ats:Defend+1","ats:Emotion Absorption+1","ats:Mental Burst+1","ats:Disruption Kick+1","ats:Emotion Absorption+1","ats:Rat Pack+1","ats:Rat Pack+1","ats:Wolf Pack+1","ats:Shadow Assault+1","ats:Red Shift+1","ats:Defend+1","ats:Serious Mode+1","MostiFishMod:PerfectForm"],"relics":["ats:Sanity","HushsDoor","Damocles","Chaos","testmod-BouquetWithThorns","PatriotShield","Kintsugi","Molten Egg 2","Technique","reliquary:Bookmark","AT_RabadonDeathcap","ats:Originium","TheBean","Bag of Preparation","DollysMirror","HereWithMe","Black Star","BookOfRevelations","Tiny House","reliquary:ExpiredCoupon","AT_ArchangelStaff","Orrery","Ring of Chaos","GuppysCollar","testmod-CasingShield","D6","MagicDraw2","Darkstone Periapt","RhineFirstAidKit","Void","TuHaoJin","Busted Crown","MutagenicStrength","MomsKnife","Pantograph","reliquary:Boomerang","Red Mask","InkBottle","reliquary:Stiletto","AT_RedNoBalance","REME_HandOfSuture","reliquary:FingerTrap","SatanicBible","Damocles","GuppysHairball","Tiny Chest","DiscerningMonocle","Orichalcum","ats:Defend","Sozu","DianDianMeat","PreservedInsect","AT_TrinityForce","NineVolt","NineLifeCat","aspiration:KMNothing","aspiration:KMNothing","aspiration:KMNothing","aspiration:KMNothing","aspiration:KMNothing","aspiration:KMNothing","aspiration:KMNothing","aspiration:KMNothing","aspiration:KMNothing","aspiration:KMNothing","aspiration:KMNothing","aspiration:KMNothing"],"acts_visited":["Exordium","TheCity","TheBeyond","TheEnding"],"potions_floor_usage":[],"damage_taken":[{"damage":0.0,"enemies":"Small Slimes","floor":1.0,"turns":2.0},{"damage":0.0,"enemies":"2 Louse","floor":2.0,"turns":1.0},{"damage":0,"enemies":"Cultist","floor":3,"turns":2},{"damage":0,"enemies":"Large Slime","floor":5,"turns":2},{"damage":0,"enemies":"Lagavulin","floor":6,"turns":2},{"damage":0,"enemies":"3 Sentries","floor":8,"turns":1},{"damage":0,"enemies":"Looter","floor":10,"turns":1},{"damage":0,"enemies":"Gremlin Nob","floor":12,"turns":1},{"damage":0,"enemies":"3 Sentries","floor":14,"turns":1},{"damage":0,"enemies":"Hexaghost","floor":16,"turns":2},{"damage":0,"enemies":"3 Byrds","floor":18,"turns":1},{"damage":0,"enemies":"Spheric Guardian","floor":21,"turns":1},{"damage":0,"enemies":"Slavers","floor":23,"turns":1},{"damage":0,"enemies":"Shelled Parasite and Fungi","floor":25,"turns":1},{"damage":0,"enemies":"Gremlin Leader","floor":28,"turns":2},{"damage":0,"enemies":"Masked Bandits","floor":29,"turns":1},{"damage":0,"enemies":"Sentry and Sphere","floor":30,"turns":1},{"damage":0,"enemies":"Slavers","floor":31,"turns":2},{"damage":0,"enemies":"Automaton","floor":33,"turns":1},{"damage":0,"enemies":"3 Darklings","floor":35,"turns":1},{"damage":0,"enemies":"Orb Walker","floor":39,"turns":1},{"damage":0,"enemies":"R_Hoarder","floor":40,"turns":2},{"damage":0,"enemies":"Transient","floor":42,"turns":2},{"damage":0,"enemies":"Spire Growth","floor":44,"turns":1},{"damage":0,"enemies":"Giant Head","floor":45,"turns":1},{"damage":0,"enemies":"3 Darklings","floor":46,"turns":1},{"damage":0,"enemies":"R_Hoarder","floor":48,"turns":1},{"damage":0,"enemies":"Donu and Deca","floor":50,"turns":1},{"damage":0,"enemies":"Shield and Spear","floor":54,"turns":1},{"damage":0,"enemies":"Delirium","floor":55,"turns":6}],"seed_played":"-1559332258468723604","potions_obtained":[{"floor":1.0,"key":"Swift Potion"},{"floor":2.0,"key":"Weak Potion"},{"floor":3,"key":"Fire Potion"},{"floor":12,"key":"LiquidMemories"}],"is_trial":false,"path_per_floor":["M","M","M","?","M","E","$","E","T","M","?","E","R","E","R","B",null,"M","$","T","M","$","E","R","M","T","?","E","?","M","E","R","B",null,"M","?","$","?","M","E","T","M","T","M","E","M","R","E","R","B",null,"R","$","E","B",null],"character_chosen":"DOCTOR_CLASS","items_purchased":["GuppysCollar","ats:Wolf Pack+1","D6","SatanicBible","Damocles","GuppysHairball","ats:Red Shift+1","Orichalcum","ats:Defend","Sozu","aspiration:KMNothing","aspiration:KMNothing","aspiration:KMNothing","MostiFishMod:PerfectForm"],"campfire_rested":1,"item_purchase_floors":[17,17,19,34,34,34,34,37,37,37,53,53,53,53],"current_hp_per_floor":[72,72,72,72,72,72,72,72,72,72,72,77,77,77,77,77,55,55,55,55,55,55,55,55,55,55,55,55,55,55,55,55,52,15,15,15,15,15,7,104,104,4,4,4,4,4,4,5,5,5,5,5,7,7,7],"gold":489,"neow_bonus":"ONE_RARE_RELIC","is_daily":false,"chose_seed":false,"campfire_upgraded":5,"win_rate":0.0,"timestamp":1613726673,"path_taken":["M","M","M","?","M","E","$","E","T","?","?","E","R","E","R","BOSS","M","$","?","M","?","E","R","?","T","?","E","?","M","E","R","BOSS","M","?","?","?","M","E","?","M","T","?","E","M","R","E","R","BOSS","R","$","E","BOSS"],"items_purchased_type":["Relic","Card","Relic","Relic","Relic","Relic","Card","Relic","Card","Relic","Relic","Relic","Relic","Card"],"build_version":"2020-12-22","purchased_purges":5,"victory":true,"max_hp_per_floor":[72,72,72,72,72,72,72,72,72,72,72,77,77,77,77,77,55,55,55,55,55,55,55,55,55,55,55,55,55,55,55,55,55,15,15,15,15,15,15,104,104,4,4,4,4,4,4,5,5,5,5,5,7,7,7],"card_choices":[{"not_picked":[],"picked":"Bomb","floor":0.0},{"not_picked":["ats:Absolute Focus","ats:Revitalization"],"picked":"ats:Mental Burst","floor":1.0},{"not_picked":["ats:Flexible Camouflage","ats:Guard Mode","ats:Ignite+1"],"picked":"SKIP","floor":2.0},{"not_picked":["ats:Apocalypse","ats:Flexible Camouflage","ats:Beaten Up"],"picked":"SKIP","floor":3},{"not_picked":["ats:Absolute Focus","ats:Blood Oath+1","ats:Flexible Camouflage"],"picked":"SKIP","floor":5},{"not_picked":["ats:Absolute Focus","ats:Blood Oath+1","ats:Flexible Camouflage"],"picked":"SKIP","floor":5},{"not_picked":["ats:Healing Strengthening","ats:Absolute Focus","ats:Counter Healing Mode"],"picked":"SKIP","floor":6},{"not_picked":["ats:Consecutive Shot Auto+1","ats:Poison Spread+1"],"picked":"ats:Disruption Kick+1","floor":8},{"not_picked":["ats:Poison Spread+1","ats:Closed Bolt Burst Fire+1","ats:Absolute Focus"],"picked":"SKIP","floor":10},{"not_picked":["ats:Curse Doll","ats:Very Hot Blade+1"],"picked":"ats:True Silver Slash+1","floor":14},{"not_picked":["ats:Chain Hook+1","ats:Defend Order"],"picked":"ats:Rat Pack","floor":14},{"not_picked":["ats:Defend Order","ats:Guard Mode","ats:Poison Spread+1"],"picked":"SKIP","floor":14},{"not_picked":["ats:Very Hot Blade+1","ats:Guard Mode","ats:Automatic Cover"],"picked":"SKIP","floor":14},{"not_picked":["ats:Dogmatic Field","ats:Disruption Kick+1"],"picked":"ats:Rat Pack","floor":16},{"not_picked":["ats:Counter Healing Mode","ats:Song Of Battle","ats:Hook Shot"],"picked":"SKIP","floor":18},{"not_picked":["ats:Counter Healing Mode","ats:Song Of Battle","ats:Hook Shot"],"picked":"SKIP","floor":18},{"not_picked":["ats:Consecutive Shot Auto+1","ats:Counter Healing Mode","ats:Blood Oath+1"],"picked":"SKIP","floor":21},{"not_picked":["ats:Very Hot Blade+1","ats:Flexible Camouflage","ats:Thorns"],"picked":"SKIP","floor":23},{"not_picked":["ats:Shell Defense","ats:Cat Scratch+1","ats:Very Hot Blade+1"],"picked":"SKIP","floor":25},{"not_picked":["ats:Curse Doll"],"picked":"SKIP","floor":28},{"not_picked":["ats:Phantom"],"picked":"SKIP","floor":30},{"not_picked":["ats:LN2 Cannon+1"],"picked":"SKIP","floor":31},{"not_picked":[],"picked":"ats:Shadow Assault+1","floor":33},{"not_picked":["ats:Cat Scratch+1"],"picked":"SKIP","floor":35},{"not_picked":["ats:Revitalization+1"],"picked":"SKIP","floor":39},{"not_picked":["ats:Powerful Strike+1"],"picked":"SKIP","floor":40},{"not_picked":["ats:Ignite+1"],"picked":"SKIP","floor":42},{"not_picked":["ats:Poison Spread+1"],"picked":"SKIP","floor":44},{"not_picked":["ats:Overload+1"],"picked":"SKIP","floor":45},{"not_picked":["ats:Red Shift+1"],"picked":"SKIP","floor":46},{"not_picked":[],"picked":"ats:Serious Mode","floor":48},{"not_picked":["ats:Ignite+1"],"picked":"SKIP","floor":54}],"player_experience":74327,"relics_obtained":[{"floor":1.0,"key":"Kintsugi"},{"floor":2.0,"key":"Molten Egg 2"},{"floor":3,"key":"Technique"},{"floor":5,"key":"reliquary:Bookmark"},{"floor":6,"key":"AT_RabadonDeathcap"},{"floor":6,"key":"ats:Originium"},{"floor":6,"key":"TheBean"},{"floor":8,"key":"ats:Originium"},{"floor":8,"key":"Bag of Preparation"},{"floor":8,"key":"DollysMirror"},{"floor":9,"key":"HereWithMe"},{"floor":10,"key":"Black Star"},{"floor":12,"key":"BookOfRevelations"},{"floor":12,"key":"ats:Originium"},{"floor":12,"key":"Tiny House"},{"floor":14,"key":"ats:Originium"},{"floor":14,"key":"reliquary:ExpiredCoupon"},{"floor":14,"key":"AT_ArchangelStaff"},{"floor":14,"key":"Orrery"},{"floor":18,"key":"testmod-CasingShield"},{"floor":21,"key":"MagicDraw2"},{"floor":23,"key":"Darkstone Periapt"},{"floor":23,"key":"RhineFirstAidKit"},{"floor":23,"key":"Void"},{"floor":25,"key":"TuHaoJin"},{"floor":26,"key":"Busted Crown"},{"floor":28,"key":"MomsKnife"},{"floor":28,"key":"Pantograph"},{"floor":28,"key":"reliquary:Boomerang"},{"floor":29,"key":"Red Mask"},{"floor":30,"key":"InkBottle"},{"floor":31,"key":"reliquary:Stiletto"},{"floor":31,"key":"AT_SilverBalance"},{"floor":31,"key":"REME_HandOfSuture"},{"floor":35,"key":"Tiny Chest"},{"floor":35,"key":"DiscerningMonocle"},{"floor":39,"key":"DianDianMeat"},{"floor":39,"key":"PreservedInsect"},{"floor":40,"key":"AT_TrinityForce"},{"floor":40,"key":"NineVolt"},{"floor":40,"key":"NineLifeCat"},{"floor":40,"key":"aspiration:KaomsHeart"},{"floor":41,"key":"aspiration:KMNothing"},{"floor":42,"key":"aspiration:KMNothing"},{"floor":42,"key":"aspiration:KMNothing"},{"floor":43,"key":"aspiration:KMNothing"},{"floor":44,"key":"aspiration:KMNothing"},{"floor":44,"key":"aspiration:KMNothing"},{"floor":45,"key":"aspiration:KMNothing"},{"floor":45,"key":"aspiration:KMNothing"},{"floor":45,"key":"aspiration:KMNothing"},{"floor":45,"key":"aspiration:KMNothing"},{"floor":46,"key":"aspiration:KMNothing"},{"floor":46,"key":"aspiration:KMNothing"},{"floor":48,"key":"aspiration:KMNothing"},{"floor":48,"key":"aspiration:KMNothing"},{"floor":48,"key":"aspiration:KMNothing"},{"floor":48,"key":"aspiration:KMNothing"},{"floor":54,"key":"aspiration:KMNothing"},{"floor":54,"key":"aspiration:KMNothing"},{"floor":54,"key":"aspiration:KMNothing"},{"floor":54,"key":"aspiration:KMNothing"}],"event_choices":[{"damage_healed":0,"gold_gain":0,"player_choice":"Swap Relic","damage_taken":0,"relics_obtained":["testmod-TestBox"],"max_hp_gain":0,"max_hp_loss":0,"event_name":"给自己的盒子","floor":4,"relics_lost":["DaveBox"],"gold_loss":0},{"damage_healed":0,"gold_gain":0,"player_choice":"Ignored","damage_taken":0,"max_hp_gain":0,"max_hp_loss":0,"event_name":"Shining Light","floor":11,"gold_loss":0},{"damage_healed":0,"gold_gain":0,"player_choice":"Inject Mutagens","damage_taken":0,"relics_obtained":["MutagenicStrength"],"max_hp_gain":0,"max_hp_loss":0,"event_name":"Drug Dealer","floor":27,"gold_loss":0},{"damage_healed":0,"gold_gain":0,"player_choice":"Fought Bandits","damage_taken":0,"max_hp_gain":0,"max_hp_loss":0,"event_name":"Masked Bandits","floor":29,"gold_loss":0}],"is_beta":false,"boss_relics":[{"not_picked":["aspiration:SecretTechniqueScroll","PunchingBag"],"picked":"Ring of Chaos"},{"not_picked":[]},{"not_picked":["Oddly Smooth Stone","Pandora\u0027s Box"],"picked":"reliquary:FingerTrap"},{"not_picked":[]}],"items_purged_floors":[7,17,34,37,53],"is_endless":false,"potions_floor_spawned":[1,2,3,16,18,28,30,31,35,39,42,46],"ascension_level":4}}