{"host":"ciz475qwqkblmwrq","time":1613725474,"event":{"mods":["2.2 Compatiblity","AchievementEnabler","Act Like it!","Bard","BaseMod","Beaked The Cultist","Colored Map","Colored Powertips","Dark Map","Downfall","Ekko","Friendly Minions","Hallownest","Hermit","Highlight Path","Hubris","JesterMod","Mimic Mod","Minty Spire (QoL Compilation)","Rare Cards Sparkle","Replay The Spire","Shade Mod","StSLib","The Bug Knight","The Construct","The Cursed","The Disciple","The Hierophant","The Necromancer","The Runesmith","TheVacant","everything is the same but u backflip on backflip","slay the spire mod where everything is the same but ironclad has a cowboy hat"],"gold_per_floor":[116,116,24,41,41,71,71,101,101,101,116,116,116,132,132,237,237,257,86,101,81,81,81],"floor_reached":22,"language":"ENG","playtime":1096,"items_purged":[],"score":260,"play_id":"0245f41a-d3df-4f88-bb73-92c02a20b921","local_time":"20210219010434","is_ascension_mode":true,"campfire_choices":[{"floor":7,"key":"RECALL"},{"floor":10,"key":"REST"},{"data":"Genetic Algorithm","floor":13,"key":"SMITH"},{"floor":15,"key":"REST"}],"circlet_count":0,"master_deck":["Strike_B","Strike_B","Strike_B","Defend_B","Defend_B","Defend_B","Defend_B","Zap","Dualcast","Genetic Algorithm+1","ReplayTheSpireMod:Private Reserves","Panic Button","Lockon","Coolheaded","Sweeping Beam","Rainbow","Panache","Melter"],"relics":["Cracked Core","NeowsBlessing","Happy Flower","PreservedInsect","SlaversCollar"],"acts_visited":["Exordium","TheCity"],"potions_floor_usage":[8,16],"damage_taken":[{"damage":0,"enemies":"Jaw Worm","floor":1,"turns":1},{"damage":0,"enemies":"Cultist","floor":4,"turns":1},{"damage":0,"enemies":"Gremlin Nob","floor":6,"turns":1},{"damage":32,"enemies":"HollowMod:MossKnight","floor":8,"turns":12},{"damage":1,"enemies":"2 Louse","floor":11,"turns":2},{"damage":2,"enemies":"Looter","floor":14,"turns":3},{"damage":47,"enemies":"The Guardian","floor":16,"turns":16},{"damage":46,"enemies":"Spheric Guardian","floor":18,"turns":6},{"damage":0,"enemies":"Chosen","floor":20,"turns":3},{"damage":37,"enemies":"Shelled Parasite and Fungi","floor":22,"turns":2}],"seed_played":"470113364390879013","potions_obtained":[{"floor":1,"key":"SkillPotion"},{"floor":2,"key":"Regen Potion"},{"floor":2,"key":"Death Potion"},{"floor":8,"key":"SpeedPotion"},{"floor":14,"key":"hexamod:SoulburnPotion"},{"floor":16,"key":"Milkshake"}],"is_trial":false,"path_per_floor":["M","?","$","M","?","E","R","E","T","R","M","?","R","M","R","B",null,"M","$","M","?","M"],"character_chosen":"DEFECT","items_purchased":["ReplayTheSpireMod:Private Reserves","Panache"],"campfire_rested":2,"item_purchase_floors":[3,19],"current_hp_per_floor":[75,75,75,75,68,68,68,36,36,58,57,57,57,55,75,28,75,29,29,29,29,0,0],"gold":81,"neow_bonus":"THREE_ENEMY_KILL","is_daily":false,"chose_seed":false,"campfire_upgraded":1,"win_rate":0.0,"timestamp":1613725474,"path_taken":["M","?","?","?","?","E","R","E","T","R","M","?","R","M","R","BOSS","M","$","M","?","?"],"items_purchased_type":["Card","Card"],"build_version":"2020-12-22","purchased_purges":0,"victory":false,"max_hp_per_floor":[75,75,75,75,75,75,75,75,75,75,75,75,75,75,75,75,75,75,75,75,75,75,75],"card_choices":[{"not_picked":["Loop","Redo"],"picked":"Genetic Algorithm","floor":1},{"not_picked":["Steam","Glacier","Tempest"],"picked":"SKIP","floor":4},{"not_picked":["Multi-Cast","Redo"],"picked":"Panic Button","floor":6},{"not_picked":["Chill","Biased Cognition"],"picked":"Lockon","floor":8},{"not_picked":["BasicCrystalCard","Gash"],"picked":"Coolheaded","floor":11},{"not_picked":["Redo","Stack"],"picked":"Sweeping Beam","floor":14},{"not_picked":["Machine Learning","Multi-Cast"],"picked":"Rainbow","floor":16},{"not_picked":["Panic Button+1","Blizzard","Aggregate"],"picked":"SKIP","floor":18},{"not_picked":["Sweeping Beam","Rebound"],"picked":"Melter","floor":20}],"player_experience":711714,"relics_obtained":[{"floor":6,"key":"Happy Flower"},{"floor":8,"key":"PreservedInsect"}],"event_choices":[{"damage_healed":0,"gold_gain":0,"player_choice":"Got Potions","damage_taken":0,"max_hp_gain":0,"max_hp_loss":0,"event_name":"Lab","floor":2,"gold_loss":0},{"cards_removed":["Strike_B"],"damage_healed":0,"gold_gain":0,"player_choice":"Card Removal","damage_taken":7,"max_hp_gain":0,"max_hp_loss":0,"event_name":"Golden Wing","floor":5,"gold_loss":0},{"damage_healed":0,"gold_gain":0,"player_choice":"Bought 1 Potion","damage_taken":0,"max_hp_gain":0,"max_hp_loss":0,"event_name":"The Woman in Blue","floor":21,"gold_loss":0}],"is_beta":false,"boss_relics":[{"not_picked":["hubris:HollowSoul","Runesmith:UraniumAnvil"],"picked":"SlaversCollar"}],"items_purged_floors":[],"is_endless":false,"potions_floor_spawned":[1,4,8,14,16,20],"killed_by":"Shelled Parasite and Fungi","ascension_level":4}}