{"host":"w14xfy17z3c5mpoi","time":1613773908,"event":{"mods":["AchievementEnabler","BaseMod","Minty Spire (QoL Compilation)","Relic Stats"],"gold_per_floor":[110,60,60,60,73,108,108,127,127,127,144,154,189,200,200,302,302,312,332,351,0,99,129,149,64,89,119,136,136,148,165,165,265,265,283,283,283,330,51,51,0,0,0,50,61,61,95,109,109,109],"floor_reached":51,"language":"ENG","playtime":2615,"items_purged":["Strike_R","Strike_R"],"score":1138,"play_id":"dc0d72c8-e996-499e-8067-df5b7bc1e897","local_time":"20210219173148","is_ascension_mode":true,"campfire_choices":[{"data":"Whirlwind","floor":7,"key":"SMITH"},{"data":"Pommel Strike","floor":10,"key":"SMITH"},{"data":"Uppercut","floor":15,"key":"SMITH"},{"data":"Offering","floor":29,"key":"SMITH"},{"data":"Bloodletting","floor":32,"key":"SMITH"},{"data":"Limit Break","floor":40,"key":"SMITH"},{"data":"Inflame","floor":46,"key":"SMITH"},{"data":"Flex","floor":49,"key":"SMITH"}],"circlet_count":0,"master_deck":["Strike_R","Strike_R","Defend_R","Defend_R","Defend_R","Bash","Bloodletting+1","Dropkick","Whirlwind+1","Pommel Strike+1","Thunderclap","Pommel Strike","Uppercut+1","Feed","Flame Barrier+1","Flex+1","Ghostly Armor","Inflame+1","Offering+1","Limit Break+1","Flex+1","Shrug It Off","Heavy Blade+1","Flex+1"],"relics":["Burning Blood","NeowsBlessing","Bird Faced Urn","Gremlin Horn","Bag of Marbles","Coffee Dripper","Lantern","Anchor","Juzu Bracelet","Ancient Tea Set","Regal Pillow","SlaversCollar","Torii","Membership Card","Red Mask","Shuriken","Prayer Wheel","Oddly Smooth Stone"],"acts_visited":["Exordium","TheCity","TheBeyond"],"potions_floor_usage":[13,16,16,20,23,27,33,33,38,50],"damage_taken":[{"damage":0,"enemies":"Small Slimes","floor":1,"turns":1},{"damage":0,"enemies":"2 Louse","floor":5,"turns":1},{"damage":0,"enemies":"3 Sentries","floor":6,"turns":1},{"damage":3,"enemies":"Jaw Worm","floor":8,"turns":1},{"damage":3,"enemies":"Exordium Wildlife","floor":11,"turns":1},{"damage":3,"enemies":"3 Louse","floor":12,"turns":1},{"damage":16,"enemies":"Gremlin Nob","floor":13,"turns":3},{"damage":3,"enemies":"Large Slime","floor":14,"turns":2},{"damage":66,"enemies":"The Guardian","floor":16,"turns":14},{"damage":13,"enemies":"Chosen","floor":18,"turns":3},{"damage":3,"enemies":"Spheric Guardian","floor":19,"turns":3},{"damage":6,"enemies":"Centurion and Healer","floor":20,"turns":3},{"damage":0,"enemies":"Slavers","floor":23,"turns":2},{"damage":1,"enemies":"Snecko","floor":24,"turns":3},{"damage":26,"enemies":"Book of Stabbing","floor":27,"turns":4},{"damage":17,"enemies":"3 Cultists","floor":28,"turns":3},{"damage":0,"enemies":"Shelled Parasite and Fungi","floor":30,"turns":2},{"damage":6,"enemies":"Cultist and Chosen","floor":31,"turns":2},{"damage":61,"enemies":"Automaton","floor":33,"turns":10},{"damage":8,"enemies":"Orb Walker","floor":35,"turns":4},{"damage":75,"enemies":"2 Orb Walkers","floor":38,"turns":6},{"damage":9,"enemies":"Mind Bloom Boss Battle","floor":44,"turns":3},{"damage":9,"enemies":"3 Shapes","floor":45,"turns":2},{"damage":6,"enemies":"Reptomancer","floor":47,"turns":1},{"damage":7,"enemies":"Spire Growth","floor":48,"turns":3},{"damage":72,"enemies":"Donu and Deca","floor":50,"turns":5}],"seed_played":"8589072702904898101","potions_obtained":[{"floor":1,"key":"Weak Potion"},{"floor":6,"key":"GamblersBrew"},{"floor":8,"key":"BloodPotion"},{"floor":14,"key":"Explosive Potion"},{"floor":19,"key":"SneckoOil"},{"floor":23,"key":"Regen Potion"},{"floor":24,"key":"Dexterity Potion"},{"floor":27,"key":"LiquidMemories"},{"floor":35,"key":"BlessingOfTheForge"}],"is_trial":false,"path_per_floor":["M","?","?","?","M","E","R","M","T","R","M","M","E","M","R","B",null,"M","M","M","$","?","E","M","?","T","E","M","R","M","M","R","B",null,"M","?","?","?","$","R","?","?","T","?","M","R","E","M","R","B",null],"character_chosen":"IRONCLAD","items_purchased":["Inflame","Lantern","Fire Potion","Membership Card","Block Potion","SteroidPotion","Shrug It Off"],"campfire_rested":0,"item_purchase_floors":[21,21,21,39,39,39,39],"current_hp_per_floor":[78,78,83,83,85,85,85,85,85,85,85,85,75,78,78,18,68,63,66,66,66,66,77,86,86,86,85,79,79,90,92,92,39,80,83,83,83,20,20,20,20,88,88,87,89,89,91,91,91,30],"gold":109,"neow_bonus":"THREE_ENEMY_KILL","is_daily":false,"chose_seed":false,"campfire_upgraded":8,"win_rate":0.0,"timestamp":1613773908,"path_taken":["M","?","?","?","M","E","R","?","T","R","M","M","E","M","R","BOSS","M","M","M","$","?","E","M","?","T","E","M","R","M","M","R","BOSS","M","?","?","?","$","R","?","?","T","?","M","R","E","M","R","BOSS"],"items_purchased_type":["Card","Relic","Potion","Relic","Potion","Potion","Card"],"build_version":"2020-12-22","purchased_purges":2,"victory":true,"max_hp_per_floor":[80,80,85,85,85,85,85,85,85,85,85,85,85,85,85,85,85,85,85,85,85,85,88,88,88,88,88,91,91,94,94,94,94,94,97,97,97,101,101,101,101,88,88,88,91,91,91,91,91,94],"relic_stats":{"Regal Pillow":0,"Gremlin Horn":[13,13],"Torii":2,"counters":[26,84],"Shuriken":[8],"Bird Faced Urn":[31],"Prayer Wheel":2,"Juzu Bracelet":1,"obtain_stats":[{"Lantern":21,"Regal Pillow":27,"NeowsBlessing":0,"Gremlin Horn":9,"Torii":38,"Oddly Smooth Stone":47,"Juzu Bracelet":25,"Ancient Tea Set":26,"Burning Blood":0,"SlaversCollar":34,"Anchor":23,"Shuriken":43,"Bird Faced Urn":6,"Prayer Wheel":44,"Bag of Marbles":13,"Coffee Dripper":17,"Red Mask":41,"Membership Card":39},{"Lantern":12,"Regal Pillow":15,"NeowsBlessing":0,"Gremlin Horn":4,"Torii":21,"Oddly Smooth Stone":24,"Juzu Bracelet":14,"Ancient Tea Set":14,"Burning Blood":0,"SlaversCollar":19,"Anchor":13,"Shuriken":21,"Bird Faced Urn":3,"Prayer Wheel":22,"Bag of Marbles":7,"Coffee Dripper":9,"Red Mask":21,"Membership Card":21},{"Lantern":34,"Regal Pillow":43,"NeowsBlessing":0,"Gremlin Horn":4,"Torii":70,"Oddly Smooth Stone":76,"Juzu Bracelet":39,"Ancient Tea Set":39,"Burning Blood":0,"SlaversCollar":60,"Anchor":36,"Shuriken":70,"Bird Faced Urn":3,"Prayer Wheel":73,"Bag of Marbles":9,"Coffee Dripper":25,"Red Mask":70,"Membership Card":70}],"Burning Blood":137},"card_choices":[{"not_picked":["Anger","Flame Barrier"],"picked":"Bloodletting","floor":1},{"not_picked":["Feel No Pain","Wild Strike"],"picked":"Dropkick","floor":5},{"not_picked":["Twin Strike","Clash"],"picked":"Whirlwind","floor":6},{"not_picked":["Havoc","Armaments"],"picked":"Pommel Strike","floor":8},{"not_picked":["Anger","Dropkick"],"picked":"Thunderclap","floor":11},{"not_picked":["Thunderclap","Body Slam","Intimidate"],"picked":"SKIP","floor":12},{"not_picked":["Demon Form","Twin Strike"],"picked":"Pommel Strike","floor":13},{"not_picked":["Clash","Infernal Blade"],"picked":"Uppercut","floor":14},{"not_picked":["Exhume","Limit Break"],"picked":"Feed","floor":16},{"not_picked":["Heavy Blade+1","Headbutt+1"],"picked":"Flame Barrier+1","floor":18},{"not_picked":["Disarm","Perfected Strike+1"],"picked":"Flex","floor":19},{"not_picked":["True Grit","Anger+1"],"picked":"Ghostly Armor","floor":20},{"not_picked":["Anger","Spot Weakness","Armaments"],"picked":"SKIP","floor":23},{"not_picked":["Flame Barrier","Rampage","Thunderclap+1"],"picked":"SKIP","floor":24},{"not_picked":["Pummel","Inflame"],"picked":"Offering","floor":27},{"not_picked":["Havoc","Battle Trance","Thunderclap+1"],"picked":"SKIP","floor":28},{"not_picked":["Armaments","Sentinel+1","Perfected Strike"],"picked":"SKIP","floor":30},{"not_picked":["Perfected Strike+1","Intimidate+1","Body Slam"],"picked":"SKIP","floor":31},{"not_picked":["Feed","Brutality"],"picked":"Limit Break","floor":33},{"not_picked":["Clash","Twin Strike"],"picked":"Flex+1","floor":35},{"not_picked":["Disarm+1","Searing Blow"],"picked":"Heavy Blade+1","floor":45},{"not_picked":["Dual Wield+1","Rampage","Combust"],"picked":"SKIP","floor":45},{"not_picked":["Evolve+1","Bludgeon","Cleave"],"picked":"SKIP","floor":47},{"not_picked":["Body Slam+1","Disarm+1"],"picked":"Flex+1","floor":48},{"not_picked":["Hemokinesis+1","Cleave+1","Heavy Blade"],"picked":"SKIP","floor":48}],"player_experience":700285,"relics_obtained":[{"floor":6,"key":"Bird Faced Urn"},{"floor":9,"key":"Gremlin Horn"},{"floor":13,"key":"Bag of Marbles"},{"floor":23,"key":"Anchor"},{"floor":26,"key":"Ancient Tea Set"},{"floor":27,"key":"Regal Pillow"},{"floor":38,"key":"Torii"},{"floor":43,"key":"Shuriken"},{"floor":44,"key":"Prayer Wheel"},{"floor":47,"key":"Oddly Smooth Stone"}],"event_choices":[{"cards_removed":["Strike_R"],"damage_healed":0,"gold_gain":0,"player_choice":"Card Removal","damage_taken":0,"max_hp_gain":0,"max_hp_loss":0,"event_name":"The Cleric","floor":2,"gold_loss":50},{"damage_healed":0,"gold_gain":0,"player_choice":"Donut","damage_taken":0,"max_hp_gain":5,"max_hp_loss":0,"event_name":"Big Fish","floor":3,"gold_loss":0},{"damage_healed":0,"gold_gain":0,"cards_transformed":["Defend_R"],"player_choice":"Change","damage_taken":0,"max_hp_gain":0,"max_hp_loss":0,"event_name":"Living Wall","floor":4,"gold_loss":0,"cards_obtained":["Combust"]},{"damage_healed":0,"gold_gain":99,"player_choice":"Stole From Cult","damage_taken":0,"max_hp_gain":0,"max_hp_loss":0,"event_name":"Nest","floor":22,"gold_loss":0},{"damage_healed":0,"gold_gain":0,"player_choice":"Obtained Relic","damage_taken":0,"relics_obtained":["Juzu Bracelet"],"max_hp_gain":0,"max_hp_loss":0,"event_name":"Addict","floor":25,"gold_loss":85},{"cards_removed":["Combust"],"damage_healed":0,"gold_gain":0,"player_choice":"Removed Power","damage_taken":0,"max_hp_gain":0,"max_hp_loss":0,"event_name":"Falling","floor":36,"gold_loss":0},{"damage_healed":0,"gold_gain":0,"player_choice":"Memory 1","damage_taken":0,"max_hp_gain":0,"max_hp_loss":0,"event_name":"SensoryStone","floor":37,"gold_loss":0},{"damage_healed":0,"gold_gain":0,"player_choice":"Fight","damage_taken":0,"max_hp_gain":0,"max_hp_loss":0,"event_name":"Mysterious Sphere","floor":38,"gold_loss":0},{"damage_healed":0,"gold_gain":0,"player_choice":"Paid","damage_taken":0,"relics_obtained":["Red Mask"],"max_hp_gain":0,"max_hp_loss":0,"event_name":"Tomb of Lord Red Mask","floor":41,"gold_loss":51},{"damage_healed":88,"gold_gain":0,"player_choice":"Heal","damage_taken":0,"max_hp_gain":0,"max_hp_loss":13,"event_name":"The Moai Head","floor":42,"gold_loss":0},{"damage_healed":0,"gold_gain":0,"player_choice":"Fight","damage_taken":0,"max_hp_gain":0,"max_hp_loss":0,"event_name":"MindBloom","floor":44,"gold_loss":0}],"is_beta":false,"boss_relics":[{"not_picked":["Runic Pyramid","Tiny House"],"picked":"Coffee Dripper"},{"not_picked":["Calling Bell","Runic Dome"],"picked":"SlaversCollar"}],"items_purged_floors":[21,39],"is_endless":false,"potions_floor_spawned":[1,6,8,14,19,23,24,27,28,35,45,47],"ascension_level":8}}