{"host":"za9ilm1uiwmpmin1","time":1613739792,"event":{"mods":["AchievementEnabler","Act Like it!","BaseMod","Dota2Spire","Downfall","Friendly Minions","Gensokyo","KomeijiMod","Minty Spire (QoL Compilation)","MostiFishMod","StSLib","TestMod","Waifu the Spire"],"gold_per_floor":[116,126,1,16,16,50,64,64,64,76,88,113,126,157,169,257,269,296,326,350,362,374,415,427,472,484,796,822,834,859,900,912,1001,1013,1037,1067,1096,788,798,798,825,825,825,825,825,853,869,900,900,900,900,900,509,542,542],"floor_reached":56,"language":"ZHS","playtime":1663,"items_purged":["champ:Strike","champ:Defend"],"score":2823,"play_id":"c080045d-7a6e-497a-a220-294a412427e6","local_time":"20210219210312","is_ascension_mode":true,"campfire_choices":[{"floor":8,"key":"RECALL"},{"data":"champ:Duel","floor":15,"key":"SMITH"},{"data":"champ:FanOfKnives","floor":24,"key":"SMITH"},{"data":"champ:EnchantShield","floor":29,"key":"SMITH"},{"data":"champ:HoldFirm","floor":32,"key":"SMITH"},{"data":"champ:Taunt","floor":40,"key":"SMITH"},{"data":"champ:Defend","floor":42,"key":"SMITH"},{"data":"champ:Strike","floor":49,"key":"PURGE"},{"data":"champ:Defend","floor":52,"key":"PURGE"}],"circlet_count":0,"master_deck":["champ:Defend","champ:Defend+1","champ:Taunt+1","champ:FanOfKnives+1","champ:Duel+1","champ:EnchantShield+1","champ:HoldFirm+1","champ:FancyFootwork+1","champ:ShieldWall"],"relics":["DaveBox","testmod-TestBox","testmod-FatalChain","FeatherPendant","OneHitWonderSystem","SynthV:TestCard","Dota2Spire:ArcaneBoots","testmod-ArcanaOfDestiny","testmod-Muramasa","Sundial","MawBank","Coffee Dripper","downfall:ExtraCursedKey","Dota2Spire:DrumOfEndurance","testmod-CrystalShield","Old Coin","hexamod:Sixitude","Runic Pyramid","Kunai","Darkstone Periapt","Peace Pipe","hexamod:BolsterEngine","testmod-LifeArmor","CaptainsWheel","Lizard Tail"],"acts_visited":["Exordium","Gensokyo:Gensokyo","Gensokyo:Gensokyoer","TheEnding"],"potions_floor_usage":[55,55],"damage_taken":[{"damage":0,"enemies":"Gensokyo:Gryphon","floor":1,"turns":3},{"damage":0,"enemies":"Gensokyo:Python","floor":2,"turns":3},{"damage":0,"enemies":"Gensokyo:2_Kodama","floor":4,"turns":4},{"damage":0,"enemies":"Gensokyo:Cirno","floor":6,"turns":5},{"damage":0,"enemies":"Gensokyo:VengefulSpirit","floor":7,"turns":5},{"damage":0,"enemies":"Gensokyo:5_Fairies","floor":10,"turns":2},{"damage":0,"enemies":"Gensokyo:2_Rabbits","floor":11,"turns":2},{"damage":0,"enemies":"Gensokyo:Aya","floor":12,"turns":3},{"damage":0,"enemies":"Gensokyo:LivingMonolith","floor":13,"turns":2},{"damage":0,"enemies":"Gensokyo:Mamizou","floor":14,"turns":5},{"damage":0,"enemies":"Gensokyo:Kokoro","floor":16,"turns":7},{"damage":0,"enemies":"Gensokyo:Chomper","floor":18,"turns":3},{"damage":0,"enemies":"Gensokyo:CosmicMonolith","floor":19,"turns":3},{"damage":0,"enemies":"Gensokyo:Slime_Group","floor":20,"turns":4},{"damage":0,"enemies":"Gensokyo:Reisen","floor":23,"turns":2},{"damage":0,"enemies":"Gensokyo:Tenshi","floor":25,"turns":3},{"damage":0,"enemies":"Gensokyo:Wraith","floor":28,"turns":3},{"damage":0,"enemies":"Gensokyo:Swordslinger","floor":30,"turns":3},{"damage":0,"enemies":"Gensokyo:Koishi","floor":31,"turns":6},{"damage":0,"enemies":"Gensokyo:Eternal_Rivals","floor":33,"turns":5},{"damage":0,"enemies":"Gensokyo:3_Bats","floor":35,"turns":1},{"damage":0,"enemies":"Gensokyo:AncientGuardian","floor":36,"turns":3},{"damage":0,"enemies":"Gensokyo:4_Bats","floor":37,"turns":2},{"damage":0,"enemies":"Gensokyo:Rafflesia","floor":39,"turns":4},{"damage":0,"enemies":"Gensokyo:Marisa","floor":41,"turns":3},{"damage":0,"enemies":"Gensokyo:Kasen","floor":46,"turns":2},{"damage":0,"enemies":"Gensokyo:SeedOfUnknown","floor":47,"turns":2},{"damage":0,"enemies":"Gensokyo:Marisa","floor":48,"turns":2},{"damage":0,"enemies":"Gensokyo:Yuyuko","floor":50,"turns":2},{"damage":0,"enemies":"Shield and Spear","floor":54,"turns":2},{"damage":0,"enemies":"The Heart","floor":55,"turns":5}],"seed_played":"-6153589065958940147","potions_obtained":[{"floor":2,"key":"GamblersBrew"},{"floor":4,"key":"Energy Potion"},{"floor":13,"key":"Guardian:BlockOnCardUsePotion"},{"floor":48,"key":"testmod-TestPotion"}],"is_trial":false,"path_per_floor":["M","M","COS","M","?","E","M","R","T","M","M","E","M","E","R","B",null,"M","M","M","?","?","E","R","E","T","?","M","R","M","E","R","B",null,"M","M","M","$","M","R","E","R","T","?","?","E","M","E","R","B",null,"R","$","E","B",null],"character_chosen":"THE_CHAMP","items_purchased":["Kunai","CaptainsWheel"],"campfire_rested":0,"item_purchase_floors":[38,53],"current_hp_per_floor":[1,1,1,1,1,1,1,1,1,1,1,1,1,1,1,1,1,1,1,1,1,1,1,1,1,1,1,1,1,1,1,1,1,1,1,1,1,1,1,1,1,1,1,1,1,1,1,1,1,1,1,1,1,1,1],"gold":542,"neow_bonus":"BOSS_RELIC","is_daily":false,"chose_seed":false,"campfire_upgraded":6,"win_rate":0.0,"timestamp":1613739792,"path_taken":["M","?","COS","M","?","E","M","R","T","M","M","E","M","E","R","BOSS","M","M","M","?","?","E","R","E","T","?","M","R","M","E","R","BOSS","M","M","M","$","M","R","E","R","T","?","?","E","M","E","R","BOSS","R","$","E","BOSS"],"items_purchased_type":["Relic","Relic"],"build_version":"2020-12-22","purchased_purges":2,"victory":true,"max_hp_per_floor":[1,1,1,1,1,1,1,1,1,1,1,1,1,1,1,1,1,1,1,1,1,1,1,1,1,1,1,1,1,1,1,1,1,1,1,1,1,1,1,1,1,1,1,1,1,1,1,1,1,1,1,1,1,1,1],"card_choices":[{"not_picked":["champ:Shatter","champ:Circumvent"],"picked":"champ:FanOfKnives","floor":1},{"not_picked":["champ:Circumvent","champ:ShieldSigil","champ:Endure","champ:Shatter","champ:GutPunch"],"picked":"SKIP","floor":2},{"not_picked":["champ:PreciseThrust","champ:CheapShot","champ:PerfectedStrike","champ:Shatter","champ:DeathBlow"],"picked":"SKIP","floor":4},{"not_picked":["champ:CrookedStrike","champ:FancyFootwork","champ:Backstep","champ:FanOfKnives","champ:BringItOn"],"picked":"SKIP","floor":6},{"not_picked":["champ:PreciseThrust","champ:AdrenalArmor","champ:PerfectedStrike","champ:BringItOn","champ:EndlessRage"],"picked":"SKIP","floor":7},{"not_picked":["champ:TornadoPunch","champ:FocusedBerserking","champ:Lariat","champ:HeavySlash","champ:DefensiveShout"],"picked":"SKIP","floor":10},{"not_picked":["champ:FlashCut","champ:PreemptiveStrike","champ:SwordSigil","champ:Shatter","champ:Haymaker"],"picked":"SKIP","floor":11},{"not_picked":["champ:TornadoPunch","champ:Circumvent","champ:Backstep","champ:GutPunch"],"picked":"champ:Duel","floor":12},{"not_picked":["champ:Parry","champ:PreciseThrust","champ:EndlessRage","champ:EnGarde","champ:RisingSlash"],"picked":"SKIP","floor":13},{"not_picked":["champ:VampiricStrike","champ:Lariat","champ:RapidStrikes","champ:Endure"],"picked":"champ:EnchantShield","floor":14},{"not_picked":["champ:Backstep","champ:FlashCut","champ:BladeFlurry+1","champ:CrookedStrike+1","champ:Haymaker"],"picked":"SKIP","floor":18},{"not_picked":["champ:DefensiveShout","champ:FaceSlap","champ:FlashCut","champ:FalseCounter","champ:PreciseThrust+1"],"picked":"SKIP","floor":19},{"not_picked":["champ:PreciseThrust+1","champ:EnragedBash+1","champ:BladeFlurry","champ:FlashCut","champ:Endure+1"],"picked":"SKIP","floor":20},{"not_picked":["champ:Backstep","champ:AdrenalArmor","champ:Shatter","champ:BerserkerStyle","champ:EnchantCrown"],"picked":"SKIP","floor":23},{"not_picked":["champ:BladeFlurry","champ:BerserkerStyle","champ:Endure","champ:EnGarde","champ:SwordSigil"],"picked":"SKIP","floor":25},{"not_picked":["champ:Encircle","champ:EnGarde","champ:GladiatorStyle","champ:Haymaker","champ:BerserkersShout"],"picked":"SKIP","floor":28},{"not_picked":["champ:RapidStrikes","champ:TornadoPunch","champ:BringItOn","champ:StanceDance","champ:Duel+1"],"picked":"SKIP","floor":30},{"not_picked":["champ:StanceDance","champ:CrookedStrike","champ:DeathBlow","champ:BerserkersShout+1"],"picked":"champ:HoldFirm","floor":31},{"not_picked":["champ:Circumvent","champ:Parry+1","champ:Backstep","champ:FancyFootwork+1","champ:DefensiveShout"],"picked":"SKIP","floor":35},{"not_picked":["champ:Circumvent","champ:Parry+1","champ:Backstep","champ:DefensiveShout"],"picked":"champ:FancyFootwork+1","floor":35},{"not_picked":["champ:Improvising","champ:EnGarde","champ:FanOfKnives","champ:ViciousMockery","champ:BerserkerStyle"],"picked":"SKIP","floor":36},{"not_picked":["champ:FanOfKnives+1","champ:SkillfulDodge","champ:Encircle","champ:CrownThrow","champ:ArenaPreparation"],"picked":"SKIP","floor":37},{"not_picked":["champ:CalledShot","champ:CrookedStrike","champ:FocusedDefense","champ:EndlessRage+1","champ:Backstep"],"picked":"SKIP","floor":39},{"not_picked":["champ:DefensiveStyle+1","champ:PerfectedStrike","champ:HeartStrike","champ:BerserkersShout","champ:RisingSlash"],"picked":"SKIP","floor":41},{"not_picked":["champ:FancyFootwork+1","champ:Backstep+1","champ:EnragedBash","champ:PerfectedStrike","champ:RapidStrikes"],"picked":"SKIP","floor":46},{"not_picked":["champ:FocusedDefense","champ:RisingSlash","champ:IgnorePain","champ:FancyFootwork","champ:BringItOn"],"picked":"SKIP","floor":47},{"not_picked":["champ:Haymaker+1","champ:AdrenalArmor","champ:Circumvent","champ:RisingSlash","champ:Backstep"],"picked":"SKIP","floor":48},{"not_picked":["champ:Shatter","champ:FocusedDefense","champ:PreciseThrust+1","champ:Backstep"],"picked":"champ:ShieldWall","floor":54}],"player_experience":1022650,"relics_obtained":[{"floor":1,"key":"SynthV:TestCard"},{"floor":6,"key":"Dota2Spire:ArcaneBoots"},{"floor":12,"key":"Sundial"},{"floor":14,"key":"MawBank"},{"floor":23,"key":"Dota2Spire:DrumOfEndurance"},{"floor":25,"key":"testmod-CrystalShield"},{"floor":31,"key":"hexamod:Sixitude"},{"floor":41,"key":"Darkstone Periapt"},{"floor":46,"key":"hexamod:BolsterEngine"},{"floor":48,"key":"testmod-LifeArmor"},{"floor":54,"key":"Lizard Tail"}],"event_choices":[],"is_beta":false,"boss_relics":[{"not_picked":["Velvet Choker","Snecko Eye"],"picked":"Coffee Dripper"},{"not_picked":["testmod-IncinerationGenerator","JellyFishMachine"],"picked":"Runic Pyramid"}],"items_purged_floors":[38,53],"is_endless":false,"potions_floor_spawned":[2,4,6,13,16,19,23,30,39,41,48,54],"ascension_level":13}}