{"host":"vk2xyavtylxbvrfq","time":1613751529,"event":{"mods":["Bard","BaseMod","Bestiary","Better Altar","Better Match","Better Note","Better Sensory Stone","Better Skull","Better Vampires","Block Reminder","Bossed Relics","Colored Map","Curses Come First","Displayed Cursed Tome","Downfall","Extra Virgin Snecko Oil","Fox Events","Hermit","Ironclad Rager","Marked Mod","Minty Spire (QoL Compilation)","Quick Restart","Rare Cards Sparkle","Relic Sorter","Reliquary","Robot Space Explorer","Shapeshifter Mod","StSLib","The Hayseed","The Marked","The Runesmith","Unceasing Turn Reminder"],"gold_per_floor":[119,144,144,160,160,199,199,232,232,265,265,42,111,111,111,219,219,236,161,178,199,199,227,12,12,91,91,91,118,118,139,139,252,252,284,341,341,365,649,649,649,649,649,683,88,48,48,48,48,55,55],"floor_reached":50,"language":"ENG","playtime":1525,"items_purged":[],"score":691,"play_id":"ebb6c404-48b8-4e3c-9fde-ef56ba5ef635","local_time":"20210219111849","is_ascension_mode":true,"campfire_choices":[{"floor":11,"key":"REST"},{"floor":15,"key":"REST"},{"floor":25,"key":"REST"},{"floor":27,"key":"REST"},{"data":"hermit:Combo","floor":32,"key":"SMITH"},{"floor":40,"key":"RECALL"},{"floor":42,"key":"REST"},{"floor":49,"key":"REST"}],"circlet_count":0,"master_deck":["hermit:Defend_Hermit","hermit:Defend_Hermit","hermit:Defend_Hermit","hermit:Defend_Hermit","hermit:Snapshot","hermit:Covet+1","hermit:Scavenge+1","Finesse+1","hermit:FlashPowder","Metamorphosis+1","hermit:Deadeye","hermit:Coalescence+1","hermit:BigShot+1","hermit:Dive","hermit:Gambit","hermit:TrackingShot+1","hermit:Deadeye+1","Pain","hermit:Vantage","hermit:BigShot","Bite+1","Bite+1","Bite+1","hermit:RoundhouseKick+1","hermit:LuckOfTheDraw","Regret","Panacea"],"relics":["hermit:Momento","reliquary:Vitrine","NeowsBlessing","Oddly Smooth Stone","Juzu Bracelet","Vajra","CaptainsWheel","TheAbacus","Molten Egg 2","reliquary:Ember","WarpedTongs","Red Mask","CeramicFish","Kunai","Busted Crown","Dead Branch","reliquary:WeakTea","Gambling Chip","Du-Vu Doll","Sling"],"acts_visited":["Exordium","TheCity","TheBeyond"],"potions_floor_usage":[13,18,33,33,33,33,38,50,50],"damage_taken":[{"damage":0,"enemies":"Cultist","floor":1,"turns":1},{"damage":0,"enemies":"2 Louse","floor":4,"turns":1},{"damage":0,"enemies":"Lagavulin","floor":6,"turns":2},{"damage":59,"enemies":"Gremlin Nob","floor":8,"turns":4},{"damage":0,"enemies":"Small Slimes","floor":10,"turns":2},{"damage":4,"enemies":"3 Sentries","floor":13,"turns":5},{"damage":30,"enemies":"The Guardian","floor":16,"turns":8},{"damage":21,"enemies":"2 Thieves","floor":18,"turns":4},{"damage":4,"enemies":"Chosen","floor":20,"turns":3},{"damage":23,"enemies":"3 Cultists","floor":21,"turns":8},{"damage":4,"enemies":"Masked Bandits","floor":23,"turns":2},{"damage":7,"enemies":"Sentry and Sphere","floor":31,"turns":4},{"damage":3,"enemies":"Automaton","floor":33,"turns":7},{"damage":7,"enemies":"3 Shapes","floor":35,"turns":3},{"damage":6,"enemies":"Mind Bloom Boss Battle","floor":36,"turns":4},{"damage":15,"enemies":"Orb Walker","floor":38,"turns":3},{"damage":11,"enemies":"Nemesis","floor":44,"turns":4},{"damage":69,"enemies":"Donu and Deca","floor":50,"turns":4}],"seed_played":"349541390136120338","potions_obtained":[{"floor":4,"key":"SpeedPotion"},{"floor":6,"key":"sneckomod:MuddlingPotion"},{"floor":13,"key":"SneckoOil"},{"floor":16,"key":"LiquidBronze"},{"floor":23,"key":"EntropicBrew"},{"floor":31,"key":"Explosive Potion"},{"floor":36,"key":"EssenceOfSteel"}],"is_trial":false,"path_per_floor":["M","T","?","M","?","E","?","E","T","M","R","$","?","?","R","B",null,"M","?","M","M","?","?","$","R","T","R","?","?","?","M","R","B",null,"M","?","?","M","?","R","?","R","T","E","$","?","?","$","R","B"],"character_chosen":"HERMIT","items_purchased":["hermit:Combo","TheAbacus","CeramicFish","hermit:BigShot","Du-Vu Doll","Sling","Panacea","AttackPotion"],"campfire_rested":6,"item_purchase_floors":[12,12,24,24,45,45,45,45],"current_hp_per_floor":[68,68,68,68,68,68,68,9,9,9,31,31,27,12,34,4,57,36,36,32,9,9,5,5,27,27,49,49,49,61,54,54,61,61,57,61,61,49,49,49,36,54,54,55,55,55,55,55,61,0,0],"gold":55,"neow_bonus":"THREE_ENEMY_KILL","is_daily":false,"chose_seed":false,"campfire_upgraded":1,"win_rate":0.0,"timestamp":1613751529,"path_taken":["M","?","?","M","?","E","?","E","T","M","R","$","?","?","R","BOSS","M","?","M","M","?","?","$","R","T","R","?","?","?","M","R","BOSS","M","?","?","M","?","R","?","R","T","E","?","?","?","$","R","BOSS"],"items_purchased_type":["Card","Relic","Relic","Card","Relic","Relic","Card","Potion"],"build_version":"2020-12-22","purchased_purges":0,"victory":false,"max_hp_per_floor":[75,75,75,75,75,75,75,75,75,75,75,75,75,75,75,75,75,75,75,75,75,75,75,75,75,75,75,75,61,61,61,61,61,61,61,61,61,61,61,61,61,61,61,61,61,61,61,61,61,61,61],"card_choices":[{"not_picked":["hermit:TrackingShot","hermit:Brawl"],"picked":"hermit:Scavenge","floor":1},{"not_picked":["Master of Strategy","Enlightenment"],"picked":"Finesse","floor":3},{"not_picked":["hermit:HighCaliber","hermit:CursedWeapon"],"picked":"hermit:FlashPowder","floor":4},{"not_picked":["hermit:Determination","hermit:BodyArmor"],"picked":"hermit:Deadeye","floor":6},{"not_picked":["hermit:BodyArmor","hermit:Maintenance"],"picked":"hermit:Coalescence","floor":8},{"not_picked":["hermit:ItchyTrigger","hermit:Scavenge"],"picked":"hermit:BigShot","floor":10},{"not_picked":["hermit:ShadowCloak","hermit:PistolWhip+1"],"picked":"hermit:Dive","floor":13},{"not_picked":["hermit:BlackWind+1","hermit:FinalCanter+1"],"picked":"hermit:Gambit","floor":16},{"not_picked":["hermit:PistolWhip+1","hermit:Manifest","hermit:Malice+1"],"picked":"SKIP","floor":18},{"not_picked":["hermit:HighCaliber+1","hermit:Coalescence+1"],"picked":"hermit:TrackingShot+1","floor":20},{"not_picked":["hermit:Ricochet+1","hermit:Roulette+1"],"picked":"hermit:Deadeye+1","floor":21},{"not_picked":["hermit:TrackingShot+1","hermit:Manifest+1"],"picked":"hermit:Vantage","floor":23},{"not_picked":["hermit:CursedWeapon+1","hermit:NoHoldsBarred+1"],"picked":"hermit:ItchyTrigger+1","floor":31},{"not_picked":["hermit:HighNoon","hermit:FinalCanter+1"],"picked":"hermit:RoundhouseKick+1","floor":33},{"not_picked":[],"picked":"hermit:LuckOfTheDraw","floor":35},{"not_picked":["hermit:LowProfile+1"],"picked":"SKIP","floor":38},{"not_picked":["hermit:WideOpen+1"],"picked":"SKIP","floor":44}],"player_experience":1438920,"relics_obtained":[{"floor":2,"key":"Oddly Smooth Stone"},{"floor":6,"key":"Juzu Bracelet"},{"floor":8,"key":"Vajra"},{"floor":9,"key":"CaptainsWheel"},{"floor":13,"key":"Molten Egg 2"},{"floor":23,"key":"Red Mask"},{"floor":26,"key":"Kunai"},{"floor":36,"key":"Dead Branch"},{"floor":43,"key":"reliquary:Vitrine"},{"floor":44,"key":"Gambling Chip"}],"event_choices":[{"damage_healed":0,"gold_gain":1,"player_choice":"1","damage_taken":0,"max_hp_gain":0,"max_hp_loss":0,"event_name":"betterStone:BetterStone","floor":3,"gold_loss":0},{"cards_removed":["hermit:FlashPowder"],"damage_healed":0,"gold_gain":0,"player_choice":"Take \u0026 Give","damage_taken":0,"max_hp_gain":0,"max_hp_loss":0,"event_name":"betterNote:BetterNote","floor":5,"gold_loss":0,"cards_obtained":["Metamorphosis"]},{"damage_healed":0,"gold_gain":0,"player_choice":"Grow","damage_taken":0,"max_hp_gain":0,"max_hp_loss":0,"event_name":"Living Wall","floor":7,"gold_loss":0,"cards_upgraded":["hermit:Scavenge"]},{"damage_healed":0,"gold_gain":0,"player_choice":"Searched \u00271\u0027 times","damage_taken":0,"max_hp_gain":0,"max_hp_loss":0,"event_name":"Dead Adventurer","floor":13,"gold_loss":0},{"damage_healed":0,"gold_gain":0,"player_choice":"Entered Light","damage_taken":15,"max_hp_gain":0,"max_hp_loss":0,"event_name":"Shining Light","floor":14,"gold_loss":0,"cards_upgraded":["hermit:BigShot","hermit:Coalescence"]},{"cards_removed":["hermit:Strike_Hermit"],"damage_healed":0,"gold_gain":0,"player_choice":"Gave Gold","damage_taken":0,"max_hp_gain":0,"max_hp_loss":0,"event_name":"Beggar","floor":19,"gold_loss":75},{"damage_healed":0,"gold_gain":0,"player_choice":"Rummage","damage_taken":0,"relics_obtained":["WarpedTongs"],"max_hp_gain":0,"max_hp_loss":0,"event_name":"Accursed Blacksmith","floor":22,"gold_loss":0,"cards_obtained":["Pain"]},{"damage_healed":0,"gold_gain":0,"player_choice":"Fought Bandits","damage_taken":0,"max_hp_gain":0,"max_hp_loss":0,"event_name":"Masked Bandits","floor":23,"gold_loss":0},{"damage_healed":0,"gold_gain":0,"player_choice":"Became a vampire","damage_taken":0,"max_hp_gain":0,"max_hp_loss":14,"event_name":"Vampires","floor":29,"gold_loss":0,"cards_obtained":["Bite","Bite","Bite"]},{"damage_healed":20,"gold_gain":0,"player_choice":"Heal","damage_taken":0,"max_hp_gain":0,"max_hp_loss":0,"event_name":"The Library","floor":30,"gold_loss":0},{"damage_healed":0,"gold_gain":0,"player_choice":"Fight","damage_taken":0,"max_hp_gain":0,"max_hp_loss":0,"event_name":"MindBloom","floor":36,"gold_loss":0},{"damage_healed":0,"gold_gain":275,"player_choice":"Desecrate","damage_taken":0,"max_hp_gain":0,"max_hp_loss":0,"event_name":"Golden Shrine","floor":39,"gold_loss":0,"cards_obtained":["Regret"]},{"damage_healed":0,"gold_gain":0,"player_choice":"RE ","damage_taken":15,"relics_obtained":["reliquary:WeakTea"],"max_hp_gain":0,"max_hp_loss":0,"event_name":"betterSkull:BetterSkull","floor":41,"gold_loss":0,"cards_upgraded":[]},{"damage_healed":0,"gold_gain":0,"player_choice":"Upgraded Two","damage_taken":0,"max_hp_gain":0,"max_hp_loss":0,"event_name":"Designer","floor":46,"gold_loss":40,"cards_upgraded":["Finesse","hermit:Covet"]},{"cards_removed":["hermit:ItchyTrigger"],"damage_healed":0,"gold_gain":0,"player_choice":"Removed Attack","damage_taken":0,"max_hp_gain":0,"max_hp_loss":0,"event_name":"Falling","floor":47,"gold_loss":0}],"is_beta":false,"boss_relics":[{"not_picked":["Velvet Choker","Runic Dome"],"picked":"reliquary:Ember"},{"not_picked":["Sozu","Tiny House"],"picked":"Busted Crown"}],"items_purged_floors":[],"is_endless":false,"potions_floor_spawned":[4,6,13,16,23,31,36],"killed_by":"Donu and Deca","ascension_level":6}}