{"host":"0rn20prxkpuv2e47","time":1613705261,"event":{"mods":["100% Spire Juice","ATMod(阿瑾Mod)","Act Like it!","Arknights","Aspiration","BaseMod","Challenge The Spire","Downfall","Friendly Minions","Gensokyo","Hallownest","Hermit","Koishi","KomeijiMod","Marisa（F雨　魔理沙）","Minty Spire (QoL Compilation)","MostiFishMod","Prisma Mod","Quick Restart","Reimu（博丽灵梦）","Remilia（蕾米莉亚）","Robot Space Explorer","StSLib","The Administrix","The Alterego","The Animator","The Blackbeard","The Bug Knight","The Construct","The Cursed","The Jungle","The Mystic","The Runesmith","The Senshi","The Servant 0.9.4","Warlord Emblem","Wide Potions","[GremlinLeader]The Maniac","[IsaacMod]以撒尖塔","[功能]功能增强和修复MOD","noobMod","【功能Mod】聪明的最终Boss","【遗物卡牌】REMEMod"],"gold_per_floor":[113,13,13,3,20,20,20,51,51,68,86,18,32,351,351,446,446,464,464,384,411,411,411,411,411,457,468,418,418,436,406,406,510,510,530,550,490,490,503,503,453,453,453,453,453,473,473,473,473,473],"floor_reached":51,"language":"ZHS","playtime":2434,"items_purged":["PrismaMod:IllyaDetonatingBlow","PrismaMod:IllyaCheapDefend","PrismaMod:IllyaBerserCAR","PrismaMod:IllyaCommonEvoke","PrismaMod:IllyaCommonDefend","PrismaMod:IllyaCommonAttack","PrismaMod:IllyaCommonAttack","PrismaMod:IllyaCommonDefend","PrismaMod:IllyaCommonAttack","PrismaMod:IllyaCommonDefend","PrismaMod:IllyaCommonDefend","PrismaMod:IllyaUncommonAttack","PrismaMod:IllyaCommonDefend","PrismaMod:IllyaCommonAttack","PrismaMod:IllyaCommonAttack","PrismaMod:IllyaStunPoison","PrismaMod:IllyaPoisonBlock","PrismaMod:IllyaDualEvoke","PrismaMod:IllyaEvokeAll+1","AT_StudyProgram","PrismaMod:IllyaUncommonDefend","PrismaMod:IllyaPoisonTippedWeapons","PrismaMod:IllyaCheapChannelAttack+1","PrismaMod:IllyaPoisonTippedWeapons","PrismaMod:IllyaMinorRapidFire","Orbit","Advance","PrismaMod:IllyaPoisonTippedWeapons","SilverBlades","PrismaMod:IllyaCheapDefend","Barrier","SoulSculpture","PrismaMod:IllyaAOECommonAttack","PrismaMod:IllyaPoisonTippedWeapons","Luminosity","PrismaMod:IllyaInstallAlterEgo","PrismaMod:IllyaEvokeAll","PrismaMod:IllyaStunPoison","Chrysalis","Spin","PrismaMod:IllyaCheapAttack","PrismaMod:IllyaAssassinRevenge","PrismaMod:IllyaCommandSeal","PrismaMod:IllyaPoisonTippedWeapons","Panache","PrismaMod:IllyaBoysLove+1","PrismaMod:IllyaBoysLove","PrismaMod:IllyaRussianRoulette","PrismaMod:IllyaMaid","Panache","Panache","Manipulate","HandOfGreedLower","PrismaMod:IllyaMaid","PrismaMod:IllyaPoisonTippedWeapons","Comet","Unruled"],"score":891,"play_id":"7e9e0560-d58f-4d49-a065-fba045f6f8c5","local_time":"20210219112741","is_ascension_mode":false,"campfire_choices":[{"data":"PrismaMod:IllyaUberChannel","floor":6,"key":"SMITH"},{"data":"PrismaMod:IllyaEvokeAll","floor":15,"key":"SMITH"},{"data":"PrismaMod:IllyaUberChannel","floor":23,"key":"SMITH"},{"data":"PrismaMod:IllyaHassanGift","floor":25,"key":"SMITH"},{"data":"PrismaMod:IllyaUberPoisonChannel","floor":32,"key":"SMITH"},{"data":"PrismaMod:IllyaSaphire","floor":40,"key":"SMITH"},{"data":"FloweringNight","floor":42,"key":"SMITH"},{"data":"Madness","floor":45,"key":"SMITH"},{"data":"PrismaMod:IllyaUberPoisonChannel","floor":47,"key":"SMITH"},{"data":"Madness","floor":49,"key":"SMITH"}],"circlet_count":0,"master_deck":["PrismaMod:IllyaSaphire+1","PrismaMod:IllyaUberChannel+1","Jack Of All Trades","PrismaMod:IllyaGrail","PrismaMod:IllyaHassanGift+1","PrismaMod:IllyaUberPoisonChannel+1","Madness+1","PrismaMod:IllyaUberChannel+1","PrismaMod:IllyaInstallAlterEgo","Finesse","PrismaMod:IllyaHassanGift","MostiFishMod:ForestofLight","Impatience","FloweringNight+1","PrismaMod:IllyaGrail","PrismaMod:IllyaUberPoisonChannel+1","Madness+1","PrismaMod:IllyaBride+1","Flash of Steel","PrismaMod:IllyaSaphire+1"],"relics":["PrismaMod:PrismaRuby","ice","AT_ATBox","REME_ComplimentaryCards","HushsDoor","DaveBox","DianDianMeat","D6","SynthV:TestCard","Darkstone Periapt","Boot","Centennial Puzzle","Kunai","Chaos","Mango","AT_SeraphEmbrace","TungstenRod","Letter Opener","aspiration:ServantSkillbook","Philosopher\u0027s Stone","RedLine:ReiMu","SynthV:C4","Runic Dome","WarlordEmblem:BadgeBless","Lantern","ShirouKen","YumHeart","Nunchaku","Tiny Chest","RhineFirstAidKit","CombinedTypeHook","D4","AT_RedNoBalance","REME_HandOfSuture","theSenshi:SailorFukuRelic","PreservedInsect","SynthV","JellyFishMachine","PillsDrop","Civilization"],"acts_visited":["Gensokyo:Gensokyo","theJungle:Jungle","Gensokyo:Gensokyoest"],"potions_floor_usage":[13,16],"damage_taken":[{"damage":7,"enemies":"Gensokyo:Python","floor":1,"turns":3},{"damage":32,"enemies":"Gensokyo:Gryphon","floor":5,"turns":4},{"damage":48,"enemies":"Gensokyo:Cirno","floor":8,"turns":8},{"damage":11,"enemies":"Gensokyo:3_Fairies","floor":10,"turns":5},{"damage":5,"enemies":"Gensokyo:2_Rabbits","floor":11,"turns":4},{"damage":9,"enemies":"Gensokyo:LivingMonolith","floor":13,"turns":4},{"damage":5,"enemies":"Gensokyo:VengefulSpirit","floor":14,"turns":4},{"damage":41,"enemies":"Gensokyo:Reimu","floor":16,"turns":9},{"damage":16,"enemies":"theJungle:GiantWrat","floor":18,"turns":5},{"damage":6,"enemies":"theJungle:5_Spyders","floor":27,"turns":4},{"damage":2,"enemies":"Snake Plant","floor":30,"turns":2},{"damage":0,"enemies":"theJungle:QueenSpyder","floor":33,"turns":3},{"damage":0,"enemies":"Gensokyo:AncientGuardian","floor":35,"turns":2},{"damage":0,"enemies":"Gensokyo:3_Boulders","floor":36,"turns":2},{"damage":0,"enemies":"Gensokyo:4_Bats","floor":39,"turns":1},{"damage":0,"enemies":"Gensokyo:AtlasGolem","floor":46,"turns":1},{"damage":0,"enemies":"Gensokyo:Yuyuko","floor":50,"turns":1}],"seed_played":"-7113104418628591063","potions_obtained":[{"floor":8,"key":"DistilledChaos"},{"floor":13,"key":"Fruit Juice"},{"floor":13,"key":"Fire Potion"},{"floor":16,"key":"construct:ShiftPotion"},{"floor":16,"key":"Block Potion"},{"floor":46,"key":"GrandPatriotsElixir:ReiMu"}],"is_trial":false,"path_per_floor":["M","?","?","$","M","R","?","E","T","M","M","COS","M","M","R","B",null,"M","?","$","T","?","R","?","R","T","M","$","T","M","$","R","B",null,"M","M","$","?","M","R","$","R","T","?","R","M","R","?","R","B",null],"character_chosen":"ILLYA","items_purchased":["PrismaMod:IllyaCheapDefend","PrismaMod:IllyaRussianRoulette","PrismaMod:IllyaDetonatingBlow","PrismaMod:IllyaEvokeAll","PrismaMod:IllyaPoisonTippedWeapons","Centennial Puzzle","Kunai","Jack Of All Trades","Chaos","aspiration:ServantSkillbook","Philosopher\u0027s Stone","RedLine:ReiMu","Madness","PrismaMod:IllyaUberChannel","PrismaMod:IllyaStunPoison","PrismaMod:IllyaCommonEvoke","PrismaMod:IllyaPoisonBlock","PrismaMod:IllyaPoisonTippedWeapons","WarlordEmblem:BadgeBless","Lantern","ShirouKen","Finesse","PrismaMod:IllyaHassanGift","PrismaMod:IllyaPoisonTippedWeapons","Advance","Orbit","PrismaMod:IllyaMinorRapidFire","MostiFishMod:ForestofLight","Nunchaku","Tiny Chest","RhineFirstAidKit","PrismaMod:IllyaAOECommonAttack","SoulSculpture","Barrier","PrismaMod:IllyaCheapDefend","SilverBlades","Panache","Impatience","PrismaMod:IllyaGrail","PrismaMod:IllyaUberPoisonChannel","Madness","PrismaMod:IllyaEvokeAll","PrismaMod:IllyaStunPoison","Luminosity","Chrysalis","D4","AT_SilverBalance","REME_HandOfSuture","Flash of Steel","Panache","PrismaMod:IllyaPoisonTippedWeapons","PrismaMod:IllyaCommandSeal","PrismaMod:IllyaAssassinRevenge","PrismaMod:IllyaCheapAttack","Spin","PreservedInsect","SynthV","JellyFishMachine","Panache","HandOfGreedLower","Manipulate","PrismaMod:IllyaMaid","PrismaMod:IllyaPoisonTippedWeapons","Comet","Unruled"],"campfire_rested":0,"item_purchase_floors":[4,4,4,4,4,4,4,4,4,20,20,20,20,20,20,20,20,20,28,28,28,28,28,28,28,28,28,28,31,31,31,31,31,31,31,31,31,31,34,34,34,34,34,34,34,37,37,37,37,37,37,37,37,37,37,41,41,41,41,41,41,41,41,41,41],"current_hp_per_floor":[74,74,58,97,75,75,68,31,31,32,40,69,88,100,100,77,272,275,291,426,426,426,426,426,426,426,473,690,690,723,996,996,1039,1350,1401,1453,1845,1831,1905,1905,2353,2353,2353,1413,1413,1414,1414,1062,1062,1062],"gold":473,"neow_bonus":"THREE_CARDS","is_daily":false,"chose_seed":false,"campfire_upgraded":10,"win_rate":0.0,"timestamp":1613705261,"path_taken":["M","?","?","$","M","R","?","E","T","M","M","COS","?","M","R","BOSS","M","?","$","?","?","R","?","R","T","?","$","?","M","$","R","BOSS","M","M","$","?","M","R","$","R","T","?","R","M","R","?","R","BOSS"],"items_purchased_type":["Card","Card","Card","Card","Card","Relic","Relic","Card","Card","Relic","Relic","Relic","Card","Card","Card","Card","Card","Card","Relic","Relic","Relic","Card","Card","Card","Card","Card","Card","Card","Relic","Relic","Relic","Card","Card","Card","Card","Card","Card","Card","Card","Card","Card","Card","Card","Card","Card","Relic","Relic","Relic","Card","Card","Card","Card","Card","Card","Card","Relic","Relic","Relic","Card","Card","Card","Card","Card","Card","Card"],"build_version":"2020-12-22","purchased_purges":57,"victory":true,"max_hp_per_floor":[81,81,81,120,130,130,144,155,155,167,180,209,237,254,254,272,272,291,291,426,426,426,426,426,426,426,479,696,696,731,1004,1004,1047,1350,1401,1453,1845,1845,1905,1905,2353,2353,2353,2353,2353,2354,2354,2354,2354,2356],"card_choices":[{"not_picked":["PrismaMod:IllyaBerserCAR","PrismaMod:IllyaCommandSeal"],"picked":"PrismaMod:IllyaSaphire","floor":0},{"not_picked":["PrismaMod:IllyaHassanGift","PrismaMod:IllyaPartialInstallAssassin"],"picked":"PrismaMod:IllyaUberChannel","floor":1},{"not_picked":["PrismaMod:IllyaUncommonAOEAttack","PrismaMod:IllyaBlindPoisonToss","PrismaMod:IllyaAlice","PrismaMod:IllyaUpgradeOrbs"],"picked":"PrismaMod:IllyaDualEvoke","floor":5},{"not_picked":["PrismaMod:IllyaGun","PrismaMod:IllyaEvokeAll","PrismaMod:IllyaCheapChannelPoison","PrismaMod:IllyaPoisonBlock"],"picked":"PrismaMod:IllyaInstallAlterEgo","floor":8},{"not_picked":["PrismaMod:IllyaCommandSeal","PrismaMod:IllyaPoisonTippedWeapons","PrismaMod:IllyaBerserCAR","PrismaMod:IllyaUncommonEvoke"],"picked":"PrismaMod:IllyaGrail","floor":10},{"not_picked":["PrismaMod:IllyaPoisonBomb","PrismaMod:IllyaRubysPotion","PrismaMod:IllyaMinorRapidFire","PrismaMod:IllyaGun"],"picked":"PrismaMod:IllyaMaid","floor":11},{"not_picked":["PrismaMod:IllyaMinorReinForce","PrismaMod:IllyaAOECommonAttack","PrismaMod:IllyaDualEvoke","PrismaMod:IllyaInstallRuler"],"picked":"PrismaMod:IllyaBerserCAR","floor":13},{"not_picked":["PrismaMod:IllyaBerserCAR","PrismaMod:IllyaPoisoningPhantasm","PrismaMod:IllyaAssassinRevenge","PrismaMod:IllyaCheapAttack"],"picked":"PrismaMod:IllyaHassanGift","floor":14},{"not_picked":["PrismaMod:IllyaInstallRuler","PrismaMod:IllyaInstallCaster","PrismaMod:IllyaInstallAssassin","PrismaMod:IllyaInstallSaber"],"picked":"PrismaMod:IllyaUberPoisonChannel","floor":16},{"not_picked":["PrismaMod:IllyaAOECommonAttack","PrismaMod:IllyaFeed+1","PrismaMod:IllyaUncommonAOEAttack+1","PrismaMod:IllyaMaid"],"picked":"PrismaMod:IllyaCheapChannelAttack+1","floor":18},{"not_picked":["PrismaMod:IllyaMinorReinForce+1","PrismaMod:IllyaCheapChannelAttack","PrismaMod:IllyaPoisonBomb+1","PrismaMod:IllyaCheapChannelDefend","InstantArmor"],"picked":"PrismaMod:IllyaBoysLove","floor":27},{"not_picked":["PrismaMod:IllyaCommandSeal","PrismaMod:IllyaBerserCAR+1","WasteNot","PrismaMod:IllyaPoisonBlock","PrismaMod:IllyaCheapAttack"],"picked":"PrismaMod:IllyaPoisonTippedWeapons","floor":30},{"not_picked":["PrismaMod:IllyaUberPoisonChannel","PrismaMod:IllyaInstallLancer","PrismaMod:IllyaCarnivalPrismaAstolfo","Duplication","FlawlessForm"],"picked":"FloweringNight","floor":33},{"not_picked":["InstantArmor","PrismaMod:IllyaFriendMaker+1","PrismaMod:IllyaGrailKun","PrismaMod:IllyaGun","PrismaMod:IllyaBerserCAR+1"],"picked":"PrismaMod:IllyaBoysLove+1","floor":35},{"not_picked":["PrismaMod:IllyaBerserCAR+1","Revamp","PrismaMod:IllyaGun","Orbit+1","PrismaMod:IllyaPartialInstallAssassin+1"],"picked":"PrismaMod:IllyaBride+1","floor":36},{"not_picked":["PrismaMod:IllyaBlindPoisonToss+1","PrismaMod:IllyaAOECommonAttack+1","Solidify","BestPractice+1","Collapse+1"],"picked":"PrismaMod:IllyaSaphire+1","floor":39},{"not_picked":["DualDimension+1","PrismaMod:IllyaMaid","PrismaMod:IllyaStunPoison+1","Dilation","PrismaMod:IllyaBerserCAR+1","MoonPhase"],"picked":"SKIP","floor":46}],"player_experience":196776,"relics_obtained":[{"floor":1,"key":"SynthV:TestCard"},{"floor":8,"key":"AT_ArchangelStaff"},{"floor":21,"key":"SynthV:C4"},{"floor":26,"key":"Runic Dome"},{"floor":29,"key":"YumHeart"},{"floor":43,"key":"PillsDrop"}],"event_choices":[],"is_beta":false,"boss_relics":[{"not_picked":["Velvet Choker","TimeFreeze"],"picked":"Letter Opener"},{"not_picked":[]},{"not_picked":["PatriotShield","AT_SunfireAegis"],"picked":"CombinedTypeHook"},{"not_picked":[]}],"items_purged_floors":[4,4,20,20,20,20,20,20,20,20,20,20,20,20,20,20,20,20,28,28,28,28,28,28,28,28,28,28,31,31,31,31,31,31,34,37,37,37,37,37,37,37,37,37,37,37,37,41,41,41,41,41,41,41,41,41,41],"is_endless":false,"potions_floor_spawned":[1,8,10,10,11,13,13,13,16,16,27,30,33,33,35,36,36,46],"ascension_level":0}}