{"host":"toh0bbw446wnuexf","time":1613712529,"event":{"mods":["BaseMod","Downfall","Hermit","Minty Spire (QoL Compilation)","Random Character Button","Robot Space Explorer","StSLib"],"gold_per_floor":[110,35,35,54,54,79,79,113,113,126,138,138,138,156,156,260,260,277,291,164,164,164],"floor_reached":21,"language":"ENG","playtime":1214,"items_purged":["Dualcast"],"score":217,"play_id":"45dc01aa-6178-4af2-99aa-03c45aa69cff","local_time":"20210219182849","is_ascension_mode":true,"campfire_choices":[{"floor":7,"key":"REST"},{"floor":12,"key":"REST"},{"floor":15,"key":"REST"}],"circlet_count":0,"master_deck":["Strike_B","Strike_B","Strike_B","Strike_B","Defend_B","Defend_B","Defend_B","Defend_B","Zap","Ball Lightning","Darkness","Conserve Battery"],"relics":["Sozu","Matryoshka","hexamod:BolsterEngine","Dream Catcher","Gremlin Horn","Girya"],"acts_visited":["Exordium","TheCity"],"potions_floor_usage":[],"damage_taken":[{"damage":0,"enemies":"Cultist","floor":1,"turns":4},{"damage":4,"enemies":"Jaw Worm","floor":4,"turns":3},{"damage":20,"enemies":"Lagavulin","floor":6,"turns":5},{"damage":28,"enemies":"3 Sentries","floor":8,"turns":7},{"damage":0,"enemies":"Small Slimes","floor":10,"turns":3},{"damage":10,"enemies":"3 Louse","floor":11,"turns":4},{"damage":9,"enemies":"Red Slaver","floor":14,"turns":3},{"damage":27,"enemies":"Slime Boss","floor":16,"turns":10},{"damage":22,"enemies":"Shell Parasite","floor":18,"turns":7},{"damage":26,"enemies":"3 Byrds","floor":19,"turns":6},{"damage":34,"enemies":"Snake Plant","floor":21,"turns":4}],"seed_played":"777130966461204650","potions_obtained":[],"is_trial":false,"path_per_floor":["M","$","?","M","$","E","R","E","T","M","M","R","$","M","R","B",null,"M","M","?","M"],"character_chosen":"DEFECT","items_purchased":[],"campfire_rested":3,"item_purchase_floors":[],"current_hp_per_floor":[75,75,75,71,71,51,73,45,45,45,35,57,57,48,70,43,75,53,27,27,0,0],"gold":164,"neow_bonus":"BOSS_RELIC","is_daily":false,"chose_seed":false,"campfire_upgraded":0,"win_rate":0.0,"timestamp":1613712529,"path_taken":["M","$","?","M","?","E","R","E","T","M","M","R","$","M","R","BOSS","M","M","?","?"],"items_purchased_type":[],"build_version":"2020-12-22","purchased_purges":1,"victory":false,"max_hp_per_floor":[75,75,75,75,75,75,75,75,75,75,75,75,75,75,75,75,75,75,75,75,75,75],"card_choices":[{"not_picked":["Rebound","Conserve Battery"],"picked":"Ball Lightning","floor":1},{"not_picked":["Storm","Tempest"],"picked":"Darkness","floor":4},{"not_picked":["Machine Learning","Reinforced Body"],"picked":"Conserve Battery","floor":6},{"not_picked":["Melter","Rebound","Turbo"],"picked":"SKIP","floor":8},{"not_picked":["Redo","Hologram","Capacitor"],"picked":"SKIP","floor":10},{"not_picked":["Go for the Eyes","Hologram","Reinforced Body"],"picked":"SKIP","floor":11},{"not_picked":["Leap","Multi-Cast","Beam Cell"],"picked":"SKIP","floor":14},{"not_picked":["Gash+1","Scrape","Hologram"],"picked":"SKIP","floor":18},{"not_picked":["Compile Driver+1","Turbo+1","Redo"],"picked":"SKIP","floor":19}],"player_experience":709702,"relics_obtained":[{"floor":6,"key":"Matryoshka"},{"floor":8,"key":"hexamod:BolsterEngine"},{"floor":9,"key":"Dream Catcher"},{"floor":9,"key":"Gremlin Horn"}],"event_choices":[{"damage_healed":0,"gold_gain":0,"player_choice":"0 cards matched","damage_taken":0,"max_hp_gain":0,"max_hp_loss":0,"event_name":"Match and Keep!","floor":3,"gold_loss":0,"cards_obtained":[]},{"damage_healed":0,"gold_gain":0,"player_choice":"Paid Gold","damage_taken":0,"relics_obtained":["Girya"],"max_hp_gain":0,"max_hp_loss":0,"event_name":"WeMeetAgain","floor":20,"gold_loss":127}],"is_beta":false,"boss_relics":[{"not_picked":["SacredBark","Calling Bell","Runic Dome"]}],"items_purged_floors":[2],"is_endless":false,"potions_floor_spawned":[8,11,14],"killed_by":"Snake Plant","ascension_level":3}}