{"host":"g7uq9uzahx9e0kti","time":1613733114,"event":{"mods":["100% Spire Juice","AchievementEnabler","Act Like it!","Arknights","BaseMod","CapriCore","Hermit","Koishi","Minty Spire (QoL Compilation)","Prisma Mod","Quick Restart","StSLib","SuperFastMode","The Bug Knight","The Cursed","The Hierophant","Together in Spire","WarShipGirlsR/??á´Ò³R mod"],"gold_per_floor":[119,119,134,144,319,319,334,334,334],"floor_reached":8,"language":"KOR","playtime":351,"items_purged":[],"score":48,"play_id":"2b4d59a7-0103-4afc-b465-1dd9a118636a","local_time":"20210219201154","is_ascension_mode":false,"campfire_choices":[{"data":"Moonworks:Ambush","floor":6,"key":"SMITH"}],"circlet_count":0,"master_deck":["Moonworks:Strike","Moonworks:Strike","Moonworks:Strike","Moonworks:Strike","Moonworks:Defend","Moonworks:Defend","Moonworks:Defend","Moonworks:Defend","Moonworks:Ambush+1","Moonworks:LongDistanceShot","Moonworks:MiracleRedBeanIceCream","Moonworks:FinalSurgery","Regret","Moonworks:SakisCookie","Doubt","Moonworks:CloudOfSeagulls"],"relics":["Moonworks:BrokenBomb","Moonworks:Homemark","Potion Belt"],"acts_visited":["Exordium"],"potions_floor_usage":[3],"damage_taken":[{"damage":5,"enemies":"Cultist","floor":1,"turns":4},{"damage":0,"enemies":"2 Louse","floor":3,"turns":2},{"damage":3,"enemies":"Small Slimes","floor":4,"turns":3},{"damage":19,"enemies":"2 Fungi Beasts","floor":7,"turns":4},{"damage":22,"enemies":"3 Sentries","floor":8,"turns":3}],"seed_played":"5815325732132722548","potions_obtained":[{"floor":1,"key":"Explosive Potion"},{"floor":4,"key":"Strength Potion"}],"is_trial":false,"path_per_floor":["M","?","M","M","?","R","M","E"],"character_chosen":"THE_STARBREAKER","items_purchased":[],"campfire_rested":0,"item_purchase_floors":[],"current_hp_per_floor":[56,56,56,58,58,58,41,24,24],"gold":334,"neow_bonus":"THREE_CARDS","is_daily":false,"chose_seed":false,"campfire_upgraded":1,"win_rate":0.0,"timestamp":1613733114,"path_taken":["M","?","M","M","?","R","M","E"],"items_purchased_type":[],"build_version":"2020-12-22","purchased_purges":0,"victory":false,"max_hp_per_floor":[60,60,60,60,60,60,60,60,60],"card_choices":[{"not_picked":["Moonworks:NicePresent","Moonworks:IndiscriminateFireSupport"],"picked":"Moonworks:MiracleRedBeanIceCream","floor":0},{"not_picked":["Moonworks:WindyEnchantment","Moonworks:CloudOfSeagulls"],"picked":"Moonworks:FinalSurgery","floor":1},{"not_picked":["Moonworks:SweetBattle","Moonworks:EvilSpyWorkPreparation","Moonworks:StiffCrystal"],"picked":"SKIP","floor":3},{"not_picked":["Moonworks:EvilSpyWorkPreparation","Moonworks:BigMagnum"],"picked":"Moonworks:SakisCookie","floor":4},{"not_picked":["Moonworks:LuckyCharm","Moonworks:JonathanRush"],"picked":"Moonworks:CloudOfSeagulls","floor":7}],"player_experience":127972,"relics_obtained":[],"event_choices":[{"damage_healed":0,"gold_gain":0,"player_choice":"Box","damage_taken":0,"relics_obtained":["Potion Belt"],"max_hp_gain":0,"max_hp_loss":0,"event_name":"Big Fish","floor":2,"gold_loss":0,"cards_obtained":["Regret"]},{"damage_healed":0,"gold_gain":175,"player_choice":"AGREE","damage_taken":0,"max_hp_gain":0,"max_hp_loss":0,"event_name":"Liars Game","floor":5,"gold_loss":0,"cards_obtained":["Doubt"]}],"is_beta":false,"boss_relics":[],"items_purged_floors":[],"is_endless":false,"potions_floor_spawned":[1,4],"killed_by":"3 Sentries","ascension_level":0}}