{"host":"en4narc5947t7k9n","time":1613758425,"event":{"mods":["AchievementEnabler","BaseMod","Colored Map","Minty Spire (QoL Compilation)","SuperFastMode"],"gold_per_floor":[110,120,133,40,40,72,72,72,98,112,127,142,156,187,187,187,187],"floor_reached":16,"language":"KOR","playtime":801,"items_purged":[],"score":114,"play_id":"08c225ee-dab9-4796-8d36-ceb2564b8e17","local_time":"20210220031345","is_ascension_mode":false,"campfire_choices":[{"floor":8,"key":"RECALL"},{"data":"Bandage Up","floor":15,"key":"SMITH"}],"circlet_count":0,"master_deck":["Strike_G","Strike_G","Strike_G","Strike_G","Strike_G","Defend_G","Defend_G","Defend_G","Defend_G","Defend_G","Survivor","Neutralize","Deadly Poison","Expertise","Deflect","Bandage Up+1","Unload","Dagger Spray","Madness","Acrobatics","Acrobatics","Backstab","Blur","Backstab"],"relics":["Ring of the Snake","NeowsBlessing","Bronze Scales","Ice Cream"],"acts_visited":["Exordium"],"potions_floor_usage":[11,14,14],"damage_taken":[{"damage":0,"enemies":"2 Louse","floor":1,"turns":1},{"damage":0,"enemies":"Small Slimes","floor":2,"turns":1},{"damage":0,"enemies":"Cultist","floor":3,"turns":1},{"damage":54,"enemies":"3 Sentries","floor":6,"turns":17},{"damage":0,"enemies":"2 Fungi Beasts","floor":10,"turns":2},{"damage":0,"enemies":"Exordium Wildlife","floor":11,"turns":3},{"damage":2,"enemies":"Large Slime","floor":12,"turns":5},{"damage":0,"enemies":"3 Louse","floor":13,"turns":3},{"damage":18,"enemies":"Gremlin Nob","floor":14,"turns":4},{"damage":29,"enemies":"Slime Boss","floor":16,"turns":6}],"seed_played":"2560196681066160957","potions_obtained":[{"floor":2,"key":"Fire Potion"},{"floor":6,"key":"Swift Potion"},{"floor":11,"key":"BlessingOfTheForge"},{"floor":14,"key":"SmokeBomb"}],"is_trial":false,"path_per_floor":["M","M","M","$","?","E","?","R","T","M","M","M","M","E","R","B"],"character_chosen":"THE_SILENT","items_purchased":["Bandage Up"],"campfire_rested":0,"item_purchase_floors":[4],"current_hp_per_floor":[70,70,70,70,70,20,20,20,20,24,28,30,34,20,20,0,0],"gold":187,"neow_bonus":"THREE_ENEMY_KILL","is_daily":false,"chose_seed":false,"campfire_upgraded":1,"win_rate":0.0,"timestamp":1613758425,"path_taken":["M","M","M","$","?","E","?","R","T","M","M","M","M","E","R","BOSS"],"items_purchased_type":["Card"],"build_version":"2020-12-22","purchased_purges":0,"victory":false,"max_hp_per_floor":[70,70,70,70,70,70,70,70,70,70,70,70,70,70,70,70,70],"card_choices":[{"not_picked":["Bane","PiercingWail"],"picked":"Deadly Poison","floor":1},{"not_picked":["Flying Knee","Dagger Throw"],"picked":"Expertise","floor":2},{"not_picked":["Poisoned Stab","Deadly Poison"],"picked":"Deflect","floor":3},{"not_picked":["Dodge and Roll","Deflect"],"picked":"Unload","floor":6},{"not_picked":["Outmaneuver","Flying Knee"],"picked":"Acrobatics","floor":10},{"not_picked":["Eviscerate","Riddle With Holes"],"picked":"Acrobatics","floor":11},{"not_picked":["Sucker Punch","Finisher"],"picked":"Backstab","floor":12},{"not_picked":["Acrobatics","PiercingWail"],"picked":"Blur","floor":13},{"not_picked":["Riddle With Holes","Outmaneuver"],"picked":"Backstab","floor":14}],"player_experience":91741,"relics_obtained":[{"floor":6,"key":"Bronze Scales"},{"floor":14,"key":"Ice Cream"}],"event_choices":[{"damage_healed":0,"gold_gain":0,"player_choice":"Leave","damage_taken":0,"max_hp_gain":0,"max_hp_loss":0,"event_name":"The Cleric","floor":5,"gold_loss":0},{"damage_healed":0,"gold_gain":0,"player_choice":"2 cards matched","damage_taken":0,"max_hp_gain":0,"max_hp_loss":0,"event_name":"Match and Keep!","floor":7,"gold_loss":0,"cards_obtained":["Dagger Spray","Madness"]}],"is_beta":false,"boss_relics":[],"items_purged_floors":[],"is_endless":false,"potions_floor_spawned":[2,6,11,14],"killed_by":"Slime Boss","ascension_level":0}}