{"host":"s1zmgfx0020qwdb2","time":1613772587,"event":{"mods":["AchievementEnabler","BaseMod","BetterRewards","Colored Map","Colored Powertips","Minty Spire (QoL Compilation)","StSLib","Together in Spire"],"gold_per_floor":[119,129,145,163,183,214,214,249,249,249,268,268,283,314,314,413,413,423,422,422,435,447,478,496,496,496,62,73,103,103,116,116,214,214,225,244,261,261,13,13,13,13,64,82,82,94,94,54,54,54],"floor_reached":51,"language":"DEU","playtime":3214,"items_purged":[],"score":640,"play_id":"23a900b6-d68c-4b38-bf4e-61711dbe51f4","local_time":"20210219230947","is_ascension_mode":false,"campfire_choices":[{"data":"White Noise","floor":7,"key":"SMITH"},{"data":"Multi-Cast","floor":10,"key":"SMITH"},{"floor":12,"key":"REST"},{"data":"Sunder","floor":15,"key":"SMITH"},{"floor":25,"key":"REST"},{"floor":30,"key":"REST"},{"floor":32,"key":"REST"},{"floor":40,"key":"REST"},{"data":"Capacitor","floor":42,"key":"SMITH"},{"floor":45,"key":"REST"},{"data":"Barrage","floor":49,"key":"SMITH"}],"circlet_count":0,"master_deck":["Strike_B","Strike_B","Strike_B","Strike_B","Defend_B","Defend_B+1","Defend_B","Zap","Dualcast","Sweeping Beam","White Noise+1","Streamline","White Noise+1","Compile Driver+1","Sweeping Beam","Multi-Cast+1","Redo","Sunder+1","Self Repair","Rainbow","Auto Shields","Genetic Algorithm","Redo","Rebound","Ball Lightning+1","Barrage+1","Static Discharge","Streamline","Rip and Tear","Leap+1","Capacitor+1","Fission+1","Redo+1","Conserve Battery","Melter","Doom and Gloom","Recycle","Conserve Battery+1","Lockon+1"],"relics":["Cracked Core","TungstenRod","Vajra","Bronze Scales","War Paint","Sozu","Sundial","Mercury Hourglass","Calipers","Juzu Bracelet","Runic Pyramid","Whetstone","Happy Flower"],"acts_visited":["Exordium","TheCity","TheBeyond"],"potions_floor_usage":[4,23,23,38],"damage_taken":[{"damage":6,"enemies":"Jaw Worm","floor":1,"turns":2},{"damage":0,"enemies":"Cultist","floor":2,"turns":1},{"damage":1,"enemies":"2 Louse","floor":3,"turns":2},{"damage":7,"enemies":"Large Slime","floor":4,"turns":3},{"damage":14,"enemies":"Exordium Wildlife","floor":5,"turns":3},{"damage":0,"enemies":"Gremlin Nob","floor":6,"turns":1},{"damage":0,"enemies":"Lagavulin","floor":8,"turns":2},{"damage":13,"enemies":"3 Louse","floor":11,"turns":2},{"damage":0,"enemies":"Blue Slaver","floor":13,"turns":1},{"damage":0,"enemies":"Gremlin Nob","floor":14,"turns":1},{"damage":8,"enemies":"The Guardian","floor":16,"turns":4},{"damage":4,"enemies":"3 Byrds","floor":18,"turns":2},{"damage":16,"enemies":"2 Thieves","floor":19,"turns":2},{"damage":0,"enemies":"3 Cultists","floor":21,"turns":2},{"damage":13,"enemies":"Snake Plant","floor":22,"turns":3},{"damage":36,"enemies":"Slavers","floor":23,"turns":4},{"damage":7,"enemies":"Snecko","floor":24,"turns":3},{"damage":10,"enemies":"3 Cultists","floor":28,"turns":3},{"damage":8,"enemies":"Book of Stabbing","floor":29,"turns":3},{"damage":4,"enemies":"Cultist and Chosen","floor":31,"turns":2},{"damage":17,"enemies":"Collector","floor":33,"turns":3},{"damage":16,"enemies":"3 Shapes","floor":35,"turns":3},{"damage":9,"enemies":"Orb Walker","floor":36,"turns":2},{"damage":31,"enemies":"Writhing Mass","floor":37,"turns":4},{"damage":20,"enemies":"Jaw Worm Horde","floor":38,"turns":4},{"damage":0,"enemies":"Sphere and 2 Shapes","floor":44,"turns":1},{"damage":0,"enemies":"Spire Growth","floor":46,"turns":1},{"damage":37,"enemies":"Time Eater","floor":50,"turns":5}],"seed_played":"5061649098559877304","potions_obtained":[{"floor":1,"key":"Explosive Potion"},{"floor":3,"key":"Fruit Juice"},{"floor":8,"key":"ColorlessPotion"},{"floor":14,"key":"Block Potion"},{"floor":16,"key":"SmokeBomb"}],"is_trial":false,"path_per_floor":["M","M","M","M","M","E","R","E","T","R","M","R","M","E","R","B",null,"M","M","?","M","M","E","M","R","T","$","M","E","R","M","R","B",null,"M","M","M","M","$","R","$","R","T","M","R","M","?","?","R","B",null],"character_chosen":"DEFECT","items_purchased":["Calipers","Static Discharge","Barrage","Streamline","Doom and Gloom","Whetstone","Recycle"],"campfire_rested":6,"item_purchase_floors":[27,27,27,27,39,39,39],"current_hp_per_floor":[76,76,75,73,59,59,59,59,59,59,46,72,72,72,72,71,87,83,67,67,67,61,25,18,44,44,44,34,26,52,48,74,57,87,71,62,38,25,25,51,51,51,51,51,77,77,77,77,77,40],"gold":54,"neow_bonus":"TEN_PERCENT_HP_BONUS","is_daily":false,"chose_seed":false,"campfire_upgraded":5,"win_rate":0.0,"timestamp":1613772587,"path_taken":["M","M","M","M","M","E","R","E","T","R","M","R","M","E","R","BOSS","M","M","?","M","M","E","M","R","T","$","?","E","R","M","R","BOSS","M","M","M","M","$","R","$","R","T","M","R","M","?","?","R","BOSS"],"items_purchased_type":["Relic","Card","Card","Card","Card","Relic","Card"],"build_version":"2020-12-22","purchased_purges":0,"victory":true,"max_hp_per_floor":[82,82,82,87,87,87,87,87,87,87,87,87,87,87,87,87,87,87,87,87,87,87,87,87,87,87,87,87,87,87,87,87,87,87,87,87,87,87,87,87,87,87,87,87,87,87,87,87,87,87],"card_choices":[{"not_picked":["Chaos","Hologram"],"picked":"Sweeping Beam","floor":1},{"not_picked":["Hologram","Coolheaded"],"picked":"White Noise","floor":2},{"not_picked":["Rebound","Gash"],"picked":"Streamline","floor":3},{"not_picked":["Beam Cell","Auto Shields"],"picked":"White Noise","floor":4},{"not_picked":["Gash","Scrape"],"picked":"Compile Driver","floor":5},{"not_picked":["Undo","Compile Driver"],"picked":"Sweeping Beam","floor":6},{"not_picked":["Meteor Strike","Leap"],"picked":"Multi-Cast","floor":8},{"not_picked":["Stack","Steam Power"],"picked":"Redo","floor":11},{"not_picked":["Storm","Aggregate"],"picked":"Sunder","floor":13},{"not_picked":["Hologram","Echo Form"],"picked":"Self Repair","floor":14},{"not_picked":["All For One","Fission"],"picked":"Rainbow","floor":16},{"not_picked":["Gash","Cold Snap"],"picked":"Auto Shields","floor":18},{"not_picked":["Conserve Battery+1","Heatsinks"],"picked":"Genetic Algorithm","floor":19},{"not_picked":["Coolheaded","Cold Snap+1"],"picked":"Redo","floor":21},{"not_picked":["Genetic Algorithm","Redo"],"picked":"Rebound","floor":22},{"not_picked":["Steam Power","Go for the Eyes"],"picked":"Ball Lightning","floor":23},{"not_picked":["Reboot","Go for the Eyes+1"],"picked":"Barrage","floor":24},{"not_picked":["Stack","Hologram"],"picked":"Rip and Tear","floor":28},{"not_picked":["Hologram","Streamline+1"],"picked":"Leap+1","floor":29},{"not_picked":["Conserve Battery","Beam Cell"],"picked":"Capacitor","floor":31},{"not_picked":["Thunder Strike","Seek"],"picked":"Fission","floor":33},{"not_picked":["Darkness+1","Ball Lightning"],"picked":"Redo+1","floor":35},{"not_picked":["Coolheaded","Sweeping Beam+1"],"picked":"Conserve Battery","floor":36},{"not_picked":["Barrage+1","Beam Cell+1"],"picked":"Melter","floor":37},{"not_picked":["Recycle+1","Steam+1"],"picked":"Conserve Battery+1","floor":44},{"not_picked":["Redo","Barrage+1"],"picked":"Lockon+1","floor":46}],"player_experience":36544,"relics_obtained":[{"floor":6,"key":"TungstenRod"},{"floor":8,"key":"Vajra"},{"floor":9,"key":"Bronze Scales"},{"floor":14,"key":"War Paint"},{"floor":23,"key":"Sundial"},{"floor":26,"key":"Mercury Hourglass"},{"floor":29,"key":"Juzu Bracelet"},{"floor":43,"key":"Happy Flower"}],"event_choices":[{"cards_removed":["Defend_B"],"damage_healed":0,"gold_gain":0,"player_choice":"Card Removal","damage_taken":0,"max_hp_gain":0,"max_hp_loss":0,"event_name":"Wheel of Change","floor":20,"gold_loss":0},{"cards_removed":["Barrage"],"damage_healed":0,"gold_gain":0,"player_choice":"Removed Attack","damage_taken":0,"max_hp_gain":0,"max_hp_loss":0,"event_name":"Falling","floor":47,"gold_loss":0},{"damage_healed":0,"gold_gain":0,"player_choice":"Upgrade","damage_taken":0,"max_hp_gain":0,"max_hp_loss":0,"event_name":"Designer","floor":48,"gold_loss":40,"cards_upgraded":["Fission"]}],"is_beta":false,"boss_relics":[{"not_picked":["Cursed Key","Snecko Eye"],"picked":"Sozu"},{"not_picked":["FrozenCore","Black Star"],"picked":"Runic Pyramid"}],"items_purged_floors":[],"is_endless":false,"potions_floor_spawned":[1,3,8,14,16,19,22,24,29,37,38],"ascension_level":0}}