{"host":"vlqej45p0v31lhdi","time":1613750181,"event":{"mods":["AchievementEnabler","BaseMod","Bestiary","Colored Powertips","Minty Spire (QoL Compilation)","Relic Stats"],"gold_per_floor":[112,123,123,141,152,178,178,228,302,302,319,329,349,13,13,89,89,99,115,125,125,140,140,140,175,201,201,201,230,244,263,263,340,340,360,385,385,395,410,410,435,435,435,468,468,493,503,519,519,519],"floor_reached":51,"language":"ENG","playtime":4514,"items_purged":[],"score":1719,"play_id":"07e4cd79-f07b-4feb-ac14-0a1fd99571fd","local_time":"20210219095621","is_ascension_mode":true,"campfire_choices":[{"data":"Feed","floor":7.0,"key":"SMITH"},{"data":"Spot Weakness","floor":10,"key":"SMITH"},{"floor":15,"key":"REST"},{"data":"Limit Break","floor":23,"key":"SMITH"},{"floor":28,"key":"REST"},{"data":"Armaments","floor":32,"key":"SMITH"},{"data":"Armaments","floor":40,"key":"SMITH"},{"data":"Battle Trance","floor":42,"key":"SMITH"},{"data":"Power Through","floor":45,"key":"SMITH"},{"data":"Demon Form","floor":49,"key":"SMITH"}],"circlet_count":0,"master_deck":["AscendersBane","Bash","Double Tap","Shrug It Off","Iron Wave","Feed+1","Sword Boomerang","Iron Wave","Rage","Headbutt","Spot Weakness","Inflame","Cleave","Spot Weakness+1","Iron Wave","Barricade","Thunderclap","Limit Break+1","Thunderclap","Disarm","Corruption","Battle Trance+1","Armaments+1","Sword Boomerang","Reaper","Power Through+1","Armaments+1","Dual Wield+1","Demon Form+1","Headbutt","Dark Embrace"],"relics":["Pandora\u0027s Box","Mango","Matryoshka","Whetstone","Snecko Eye","MutagenicStrength","Bag of Preparation","Regal Pillow","Bag of Marbles","Ancient Tea Set","Ginger","Philosopher\u0027s Stone","FossilizedHelix","Bottled Flame","Pear","Bottled Tornado","Strawberry","Thread and Needle"],"acts_visited":["Exordium","TheCity","TheBeyond"],"potions_floor_usage":[13,22,25,31,36,44,48],"damage_taken":[{"damage":11.0,"enemies":"Cultist","floor":1.0,"turns":4.0},{"damage":0.0,"enemies":"Jaw Worm","floor":2.0,"turns":3.0},{"damage":2.0,"enemies":"Small Slimes","floor":4.0,"turns":2.0},{"damage":12.0,"enemies":"3 Louse","floor":5.0,"turns":3.0},{"damage":35.0,"enemies":"Gremlin Nob","floor":6.0,"turns":6.0},{"damage":6,"enemies":"2 Fungi Beasts","floor":11,"turns":2},{"damage":5,"enemies":"Gremlin Gang","floor":12,"turns":3},{"damage":13,"enemies":"Exordium Thugs","floor":13,"turns":5},{"damage":43,"enemies":"Slime Boss","floor":16,"turns":9},{"damage":14,"enemies":"3 Byrds","floor":18,"turns":5},{"damage":25,"enemies":"Spheric Guardian","floor":19,"turns":4},{"damage":35,"enemies":"Snake Plant","floor":20,"turns":4},{"damage":37,"enemies":"Cultist and Chosen","floor":22,"turns":7},{"damage":16,"enemies":"Book of Stabbing","floor":25,"turns":3},{"damage":12,"enemies":"Gremlin Leader","floor":29,"turns":2},{"damage":5,"enemies":"3 Cultists","floor":30,"turns":3},{"damage":18,"enemies":"Snake Plant","floor":31,"turns":3},{"damage":0,"enemies":"Automaton","floor":33,"turns":6},{"damage":0,"enemies":"3 Shapes","floor":35,"turns":1},{"damage":54,"enemies":"Mind Bloom Boss Battle","floor":36,"turns":6},{"damage":0,"enemies":"3 Darklings","floor":38,"turns":3},{"damage":0,"enemies":"Sphere and 2 Shapes","floor":39,"turns":3},{"damage":0,"enemies":"Reptomancer","floor":41,"turns":5},{"damage":0,"enemies":"Giant Head","floor":44,"turns":3},{"damage":0,"enemies":"Reptomancer","floor":46,"turns":3},{"damage":0,"enemies":"Spire Growth","floor":47,"turns":5},{"damage":3,"enemies":"3 Darklings","floor":48,"turns":5},{"damage":52,"enemies":"Donu and Deca","floor":50,"turns":6}],"seed_played":"-8517660177770026372","potions_obtained":[{"floor":1.0,"key":"EssenceOfSteel"},{"floor":4.0,"key":"Weak Potion"},{"floor":6.0,"key":"CultistPotion"},{"floor":12,"key":"ColorlessPotion"},{"floor":13,"key":"BloodPotion"},{"floor":22,"key":"DistilledChaos"},{"floor":25,"key":"Dexterity Potion"},{"floor":30,"key":"FearPotion"},{"floor":33,"key":"ColorlessPotion"},{"floor":41,"key":"Swift Potion"},{"floor":44,"key":"Explosive Potion"}],"is_trial":false,"path_per_floor":["M","M","?","M","M","E","R","?","T","R","M","M","M","$","R","B",null,"M","M","M","?","M","R","?","E","T","?","R","E","M","M","R","B",null,"M","?","?","M","M","R","E","R","T","E","R","E","M","M","R","B",null],"character_chosen":"IRONCLAD","items_purchased":["Whetstone","Barricade","Thunderclap"],"campfire_rested":2,"item_purchase_floors":[14,14,14],"current_hp_per_floor":[60,63,81,82,73,55,55,45,45,45,43,45,35,35,70,31,99,93,72,41,41,36,36,36,20,20,20,77,69,68,54,54,58,133,162,136,176,180,184,184,184,184,194,205,205,205,205,202,202,180],"gold":519,"neow_bonus":"BOSS_RELIC","is_daily":false,"chose_seed":false,"campfire_upgraded":8,"win_rate":0.0,"timestamp":1613750181,"path_taken":["M","?","?","M","M","E","R","?","T","R","M","M","?","?","R","BOSS","M","M","M","?","?","R","?","E","T","?","R","E","M","?","R","BOSS","M","?","?","M","M","R","E","R","T","E","R","E","M","?","R","BOSS"],"items_purchased_type":["Relic","Card","Card"],"build_version":"2020-12-22","purchased_purges":0,"victory":true,"max_hp_per_floor":[78,81,81,84,87,104,104,104,104,104,108,115,118,118,118,122,122,130,134,138,138,142,142,142,142,142,142,142,146,150,154,154,158,158,162,166,176,180,184,184,184,184,194,205,205,205,205,205,205,209],"relic_stats":{"Regal Pillow":15,"counters":[28,114],"Snecko Eye":[148,158,153,137],"Pandora\u0027s Box":["Double Tap","Shrug It Off","Iron Wave","Feed","Twin Strike","Sword Boomerang","Iron Wave","Rage","Headbutt"],"Bag of Preparation":[28],"Whetstone":["Twin Strike","Feed"],"Ginger":[4],"obtain_stats":[{"Regal Pillow":26,"Pear":43,"Mango":6,"Thread and Needle":46,"Bag of Preparation":25,"Whetstone":14,"Ginger":29,"Bottled Tornado":43,"Ancient Tea Set":27,"Burning Blood":0,"Bottled Flame":41,"Matryoshka":9,"MutagenicStrength":24,"Strawberry":44,"Snecko Eye":17,"Pandora\u0027s Box":0,"Philosopher\u0027s Stone":34,"Bag of Marbles":26,"FossilizedHelix":36},{"Regal Pillow":14,"Pear":23,"Mango":5,"Thread and Needle":25,"Bag of Preparation":14,"Whetstone":8,"Ginger":15,"Bottled Tornado":23,"Ancient Tea Set":14,"Burning Blood":0,"Bottled Flame":23,"Matryoshka":5,"MutagenicStrength":13,"Strawberry":24,"Snecko Eye":9,"Pandora\u0027s Box":0,"Philosopher\u0027s Stone":18,"Bag of Marbles":14,"FossilizedHelix":20},{"Regal Pillow":60,"Pear":92,"Mango":18,"Thread and Needle":98,"Bag of Preparation":60,"Whetstone":28,"Ginger":62,"Bottled Tornado":92,"Ancient Tea Set":60,"Burning Blood":0,"Bottled Flame":92,"Matryoshka":18,"MutagenicStrength":57,"Strawberry":95,"Snecko Eye":37,"Pandora\u0027s Box":0,"Philosopher\u0027s Stone":74,"Bag of Marbles":60,"FossilizedHelix":81}]},"card_choices":[{"not_picked":["Ghostly Armor","Flex"],"picked":"Spot Weakness","floor":1.0},{"not_picked":["Perfected Strike","Sword Boomerang","Flex"],"picked":"SKIP","floor":2.0},{"not_picked":["Feel No Pain","Thunderclap"],"picked":"Inflame","floor":4.0},{"not_picked":["Iron Wave","Twin Strike"],"picked":"Cleave","floor":5.0},{"not_picked":["Intimidate","Clash"],"picked":"Spot Weakness","floor":6.0},{"not_picked":["Pommel Strike","Inflame"],"picked":"Feed","floor":11},{"not_picked":["Pommel Strike","Combust"],"picked":"Iron Wave","floor":12},{"not_picked":["Twin Strike","Metallicize","Body Slam"],"picked":"SKIP","floor":13},{"not_picked":["Fiend Fire","Feed"],"picked":"Limit Break","floor":16},{"not_picked":["Inflame","Cleave"],"picked":"Thunderclap","floor":18},{"not_picked":["True Grit","Warcry","Infernal Blade"],"picked":"SKIP","floor":19},{"not_picked":["Inflame","Pommel Strike"],"picked":"Disarm","floor":20},{"not_picked":["Havoc","Clothesline"],"picked":"Corruption","floor":22},{"not_picked":["Clash","Body Slam+1"],"picked":"Battle Trance","floor":25},{"not_picked":["Uppercut","Fiend Fire"],"picked":"Armaments","floor":29},{"not_picked":["Twin Strike","Cleave"],"picked":"Sword Boomerang","floor":30},{"not_picked":["Warcry","Spot Weakness","Clothesline"],"picked":"SKIP","floor":31},{"not_picked":["Berserk","Double Tap"],"picked":"Reaper","floor":33},{"not_picked":["Cleave","Hemokinesis+1"],"picked":"Power Through","floor":35},{"not_picked":["Perfected Strike","Metallicize"],"picked":"Armaments","floor":36},{"not_picked":["Body Slam","Clash","Wild Strike+1"],"picked":"SKIP","floor":38},{"not_picked":["Body Slam","Clash","Wild Strike+1"],"picked":"SKIP","floor":38},{"not_picked":["Thunderclap","Carnage","Fire Breathing"],"picked":"SKIP","floor":39},{"not_picked":["Clash","Disarm"],"picked":"Dual Wield+1","floor":41},{"not_picked":["Rage","Battle Trance+1"],"picked":"Demon Form","floor":44},{"not_picked":["Anger","Wild Strike","Immolate"],"picked":"SKIP","floor":46},{"not_picked":["Clothesline","Sword Boomerang"],"picked":"Headbutt","floor":47},{"not_picked":["Uppercut+1","Clothesline"],"picked":"Dark Embrace","floor":48}],"player_experience":3075944,"relics_obtained":[{"floor":6.0,"key":"Mango"},{"floor":9,"key":"Matryoshka"},{"floor":25,"key":"Bag of Preparation"},{"floor":26,"key":"Regal Pillow"},{"floor":26,"key":"Bag of Marbles"},{"floor":29,"key":"Ginger"},{"floor":36,"key":"FossilizedHelix"},{"floor":41,"key":"Bottled Flame"},{"floor":43,"key":"Pear"},{"floor":43,"key":"Bottled Tornado"},{"floor":44,"key":"Strawberry"},{"floor":46,"key":"Thread and Needle"}],"event_choices":[{"damage_healed":27.0,"max_hp_gain":0.0,"max_hp_loss":0.0,"gold_gain":0.0,"event_name":"Big Fish","player_choice":"Banana","floor":3.0,"gold_loss":0.0,"damage_taken":0.0},{"damage_healed":0,"gold_gain":50,"player_choice":"Touch","damage_taken":10,"max_hp_gain":0,"max_hp_loss":0,"event_name":"FaceTrader","floor":8,"gold_loss":0},{"cards_removed":["Twin Strike"],"damage_healed":0,"gold_gain":0,"player_choice":"Purged","damage_taken":0,"max_hp_gain":0,"max_hp_loss":0,"event_name":"Purifier","floor":21,"gold_loss":0},{"damage_healed":0,"gold_gain":0,"player_choice":"Inject Mutagens","damage_taken":0,"relics_obtained":["MutagenicStrength"],"max_hp_gain":0,"max_hp_loss":0,"event_name":"Drug Dealer","floor":24,"gold_loss":0},{"damage_healed":0,"gold_gain":0,"player_choice":"Gave Potion","damage_taken":0,"relics_obtained":["Ancient Tea Set"],"max_hp_gain":0,"max_hp_loss":0,"event_name":"WeMeetAgain","floor":27,"gold_loss":0},{"damage_healed":0,"gold_gain":0,"player_choice":"Fight","damage_taken":0,"max_hp_gain":0,"max_hp_loss":0,"event_name":"MindBloom","floor":36,"gold_loss":0},{"cards_removed":["Feed"],"damage_healed":30,"gold_gain":0,"player_choice":"Offered Rare","damage_taken":0,"max_hp_gain":10,"max_hp_loss":0,"event_name":"Bonfire Elementals","floor":37,"gold_loss":0}],"is_beta":false,"boss_relics":[{"not_picked":["Calling Bell","Fusion Hammer"],"picked":"Snecko Eye"},{"not_picked":["Velvet Choker","Astrolabe"],"picked":"Philosopher\u0027s Stone"}],"items_purged_floors":[],"is_endless":false,"potions_floor_spawned":[1,4,6,12,13,22,25,30,33,41,44,46,47],"ascension_level":19}}