{"host":"xltl1aroowo69o4n","time":1613711524,"event":{"mods":["BaseMod","Colored Map","Colored Powertips","Downfall","Marisa????????","Minty Spire (QoL Compilation)","Replay The Spire","StSLib","The Cursed","The Hierophant","The Mystic","The Necromancer","The Servant 0.9.4"],"gold_per_floor":[110,110,110,129,140,140,159,189,214,214,229,248,260,270,270,371,371,389,389,389,47,47,47,66,81,104,104,114,12,114,114,114,114,114],"floor_reached":33,"language":"ENG","playtime":1384,"items_purged":["Hallucinations"],"score":274,"play_id":"f38c4a79-bab3-4233-8792-6812926de20f","local_time":"20210219001204","is_ascension_mode":false,"campfire_choices":[{"floor":6,"key":"REST"},{"floor":10,"key":"REST"},{"floor":15,"key":"REST"},{"data":"Apotheosis","floor":23,"key":"SMITH"},{"floor":27,"key":"REST"},{"floor":32,"key":"REST"}],"circlet_count":0,"master_deck":["Strike_P","Strike_P+1","Strike_P","Defend_P","Defend_P","Defend_P","Defend_P","Eruption","Vigilance","Slimebound:Defend_Slimebound+1","Apotheosis+1","Prostrate","Ragnarok","FlyingSleeves","MentalFortress","SashWhip","DeceiveReality","EmptyBody","SignatureMove","EmptyFist","TalkToTheHand","LessonLearned","Meditate+1","Judgement","LikeWater","Indignation","CutThroughFate","InnerPeace","BattleHymn+1","Brilliance","Brilliance","ReplayTheSpireMod:Splinters","ForeignInfluence","Prostrate","Wallop"],"relics":["HolyWater","Ancient Tea Set","Juzu Bracelet","Vajra","Toy Ornithopter"],"acts_visited":["Exordium","TheCity"],"potions_floor_usage":[8,14,25,31,31,33],"damage_taken":[{"damage":2,"enemies":"Small Slimes","floor":1,"turns":5},{"damage":0,"enemies":"Cultist","floor":4,"turns":3},{"damage":2,"enemies":"Jaw Worm","floor":5,"turns":5},{"damage":6,"enemies":"Large Slime","floor":7,"turns":4},{"damage":18,"enemies":"Replay:BlueRogue","floor":8,"turns":6},{"damage":11,"enemies":"Lots of Slimes","floor":11,"turns":3},{"damage":12,"enemies":"Red Slaver","floor":12,"turns":4},{"damage":6,"enemies":"Looter","floor":13,"turns":3},{"damage":1,"enemies":"Gremlin Gang","floor":14,"turns":3},{"damage":17,"enemies":"Fading Forest","floor":16,"turns":11},{"damage":6,"enemies":"3 Byrds","floor":18,"turns":7},{"damage":24,"enemies":"Shell Parasite","floor":24,"turns":6},{"damage":20,"enemies":"Shelled Parasite and Fungi","floor":25,"turns":4},{"damage":5,"enemies":"Centurion and Healer","floor":28,"turns":4},{"damage":13,"enemies":"Colosseum Slavers","floor":31,"turns":2},{"damage":66,"enemies":"Collector","floor":33,"turns":7}],"seed_played":"5544514065184530419","potions_obtained":[{"floor":4,"key":"AttackPotion"},{"floor":5,"key":"Explosive Potion"},{"floor":11,"key":"BottledMiracle"},{"floor":12,"key":"FearPotion"},{"floor":16,"key":"Cursed Concoction"},{"floor":28,"key":"LiquidMemories"}],"is_trial":false,"path_per_floor":["M","?","?","M","M","R","M","E","T","R","M","M","M","M","R","B",null,"M","?","?","$","?","R","M","M","T","R","M","$","?","?","R","B"],"character_chosen":"WATCHER","items_purchased":["Vajra","LikeWater","Indignation","Brilliance"],"campfire_rested":5,"item_purchase_floors":[21,21,21,29],"current_hp_per_floor":[70,56,56,56,54,72,66,48,48,69,58,46,40,39,60,43,72,66,66,66,66,66,66,42,22,22,43,38,38,38,35,56,0,0],"gold":114,"neow_bonus":"RANDOM_COLORLESS_2","is_daily":false,"chose_seed":false,"campfire_upgraded":1,"win_rate":0.0,"timestamp":1613711524,"path_taken":["M","?","?","?","M","R","M","E","T","R","M","M","M","M","R","BOSS","M","?","?","$","?","R","M","M","T","R","M","$","?","?","R","BOSS"],"items_purchased_type":["Relic","Card","Card","Card"],"build_version":"2020-12-13","purchased_purges":1,"victory":false,"max_hp_per_floor":[72,72,72,72,72,72,72,72,72,72,72,72,72,72,72,72,72,72,72,72,72,72,72,72,72,72,72,72,72,72,72,72,72,72],"card_choices":[{"not_picked":["Master of Strategy","Thinking Ahead"],"picked":"Apotheosis","floor":0},{"not_picked":["Worship","CrushJoints"],"picked":"Prostrate","floor":1},{"not_picked":["Prostrate","Replay:Cycle"],"picked":"FlyingSleeves","floor":4},{"not_picked":["CarveReality","Replay:ManipulateFuture"],"picked":"MentalFortress","floor":5},{"not_picked":["FlyingSleeves","ClearTheMind"],"picked":"SashWhip","floor":7},{"not_picked":["CrushJoints","CutThroughFate"],"picked":"DeceiveReality","floor":8},{"not_picked":["Replay:Cycle","Ragnarok"],"picked":"EmptyBody","floor":11},{"not_picked":["Conclude","Replay:ManipulateFuture"],"picked":"SignatureMove","floor":12},{"not_picked":["PathToVictory","Replay:BluntJabs"],"picked":"EmptyFist","floor":13},{"not_picked":["Replay:AtTheReady","EmptyBody"],"picked":"TalkToTheHand","floor":14},{"not_picked":["DeusExMachina","MasterReality"],"picked":"LessonLearned","floor":16},{"not_picked":["Tantrum","Protect"],"picked":"Meditate+1","floor":18},{"not_picked":["MentalFortress","SashWhip"],"picked":"CutThroughFate","floor":24},{"not_picked":["TalkToTheHand","Replay:Cycle"],"picked":"InnerPeace","floor":25},{"not_picked":["Crescendo+1","WheelKick"],"picked":"BattleHymn+1","floor":28},{"not_picked":["Replay:BluntJabs+1","JustLucky"],"picked":"ForeignInfluence","floor":30},{"not_picked":["BowlingBash","ClearTheMind"],"picked":"Prostrate","floor":30},{"not_picked":["Evaluate","Weave+1"],"picked":"Wallop","floor":30}],"player_experience":226568,"relics_obtained":[{"floor":8,"key":"Ancient Tea Set"},{"floor":9,"key":"Juzu Bracelet"},{"floor":26,"key":"Toy Ornithopter"}],"event_choices":[{"damage_healed":0,"gold_gain":0,"player_choice":"Entered Light","damage_taken":14,"max_hp_gain":0,"max_hp_loss":0,"event_name":"Shining Light","floor":2,"gold_loss":0,"cards_upgraded":["Strike_P","Slimebound:Defend_Slimebound"]},{"damage_healed":0,"gold_gain":0,"cards_transformed":["Strike_B"],"player_choice":"Transformed","damage_taken":0,"max_hp_gain":0,"max_hp_loss":0,"event_name":"Transmorgrifier","floor":3,"gold_loss":0,"cards_obtained":["Ragnarok"]},{"damage_healed":0,"gold_gain":0,"player_choice":"Ignored","damage_taken":0,"max_hp_gain":0,"max_hp_loss":0,"event_name":"Vampires","floor":19,"gold_loss":0},{"damage_healed":0,"gold_gain":0,"player_choice":"2 cards matched","damage_taken":0,"max_hp_gain":0,"max_hp_loss":0,"event_name":"Match and Keep!","floor":20,"gold_loss":0,"cards_obtained":["Hallucinations","Judgement"]},{"damage_healed":0,"gold_gain":0,"player_choice":"2 cards matched","damage_taken":0,"max_hp_gain":0,"max_hp_loss":0,"event_name":"Match and Keep!","floor":20,"gold_loss":0,"cards_obtained":["Hallucinations","Judgement"]},{"cards_removed":["Strike_P"],"damage_healed":0,"gold_gain":0,"player_choice":"Purged","damage_taken":0,"max_hp_gain":0,"max_hp_loss":0,"event_name":"Purifier","floor":22,"gold_loss":0},{"damage_healed":0,"gold_gain":0,"player_choice":"Fight","damage_taken":0,"max_hp_gain":0,"max_hp_loss":0,"event_name":"Colosseum","floor":31,"gold_loss":0},{"damage_healed":0,"gold_gain":0,"player_choice":"Fled From Nobs","damage_taken":0,"max_hp_gain":0,"max_hp_loss":0,"event_name":"Colosseum","floor":31,"gold_loss":0}],"is_beta":false,"boss_relics":[{"not_picked":["ChewingGum","Snecko Heart"],"picked":"HolyWater"}],"items_purged_floors":[21],"is_endless":false,"potions_floor_spawned":[4,5,11,12,16,28,31],"killed_by":"Collector","ascension_level":0}}