{"host":"61ejhfsushs0xmcl","time":1613730955,"event":{"mods":["ATMod(°¢èªMod)","Act Like it!","BaseMod","Colored Map","Gold Saver","GungeonMod","Minty Spire (QoL Compilation)","MostiFishMod","Spicy Shops","StSLib","TestMod","The Marked","¡¾ÒÅÎï¿¨ÅÆ¡¿REMEMod","óô»ðÖ¸ÄÏ"],"gold_per_floor":[2187,2187,2206,2281,1558,1592,925,925,971,1049,1060,1094,1094,1494,1494,1597,1597,1611,1114,1129,1149,1161,1194,1194,1219,1219,861,878,917,932,948,965,965,965,1076,1076,1095,660,570,581,601,632,364,398,398,398,425,288,305,332,179,189,189,115,43,71,71],"floor_reached":58,"language":"ZHS","playtime":2942,"items_purged":["DemoMod:Strike_Huntress","DemoMod:Strike_Huntress","DemoMod:Strike_Huntress","DemoMod:Defend_Huntress","DemoMod:Defend_Huntress","DemoMod:Defend_Huntress+1","DemoMod:Unity+1"],"score":1679,"play_id":"a520db71-11e4-4221-a730-0bb1c0d8492c","local_time":"20210219183555","is_ascension_mode":true,"campfire_choices":[{"data":"DemoMod:DoubleVision","floor":8.0,"key":"SMITH"},{"data":"AT_Dispersion","floor":15,"key":"SMITH"},{"data":"DemoMod:HungryBullets","floor":24,"key":"SMITH"},{"floor":33,"key":"RECALL"}],"circlet_count":0,"master_deck":["DemoMod:ManualReload+1","DemoMod:RustySidearm+1","AT_Dispersion+1","DemoMod:DoubleVision+1","DemoMod:HungryBullets+1","DemoMod:HungryBullets+1","DemoMod:SkilledReload+1","DemoMod:Desperate+1","DemoMod:Eureka+1","DemoMod:SniperShot+1","DemoMod:Evolver+","DemoMod:TableSutra+1","DemoMod:CombinedRifle+1","DemoMod:Elimentaler+1","DemoMod:EasyReloadBullets+1","DemoMod:Polaris+1"],"relics":["DemoMod:Dog","AT_ATBox","REME_ComplimentaryCards","testmod-TestBox","Oddly Smooth Stone","testmod-Brilliant","PatriotShield","SynthV:TestCard","DemoMod:MonsterBlood","AT_ArchangelStaff","Vajra","BrkXgEgg","Akabeko","Frozen Egg 2","DianPoetry","Ancient Tea Set","Dream Catcher","testmod-Fanaticism","Membership Card","Omamori","DemoMod:BlueGuonStone","Pen Nib","Pear","Sundial","Centennial Puzzle","TheAbacus","AT_BladeRuinedKing","Technique","DemoMod:RatBoots","DemoMod:ResourcefulSack","DemoMod:PartiallyEatenCheese","testmod-NegativeEmotionEnhancer","testmod-Nine","DemoMod:GlassGuonStoneRelic","REME_CardOfGreed","DemoMod:WhiteGuonStone","Civilization","Lizard Tail","SynthV:C4","Juzu Bracelet","DemoMod:WeirdEgg","OrangePellets","Smiling Mask","Mercury Hourglass","Orichalcum","White Beast Statue","AT_ChloranthyRing","Lantern","DemoMod:LichsEyeBullet","testmod-IndustrialRevolution","Dodecahedron"],"acts_visited":["Exordium","TheCity","TheCity","TheBeyond","TheEnding"],"potions_floor_usage":[16,50],"damage_taken":[{"damage":0.0,"enemies":"2 Louse","floor":1.0,"turns":1.0},{"damage":0.0,"enemies":"Cultist","floor":3.0,"turns":1.0},{"damage":0.0,"enemies":"3 Sentries","floor":6.0,"turns":1.0},{"damage":0,"enemies":"Lagavulin","floor":10,"turns":2},{"damage":0,"enemies":"Jaw Worm","floor":11,"turns":1},{"damage":5,"enemies":"Gremlin Nob","floor":12,"turns":3},{"damage":13,"enemies":"Hexaghost","floor":16,"turns":3},{"damage":0,"enemies":"2 Thieves","floor":18,"turns":1},{"damage":0,"enemies":"3 Byrds","floor":20,"turns":1},{"damage":0,"enemies":"Sentry and Sphere","floor":21,"turns":1},{"damage":0,"enemies":"Snake Plant","floor":22,"turns":1},{"damage":0,"enemies":"REME_1_Revenger","floor":23,"turns":2},{"damage":0,"enemies":"Book of Stabbing","floor":25,"turns":2},{"damage":0,"enemies":"DemoMod:2_Veteran_bullet_kins_and_red_shotgun_kin","floor":28,"turns":1},{"damage":10,"enemies":"DemoMod:Veteran_shot_gun_kin_and_red_shotgun_kin","floor":29,"turns":1},{"damage":16,"enemies":"DemoMod:Veteran_shot_gun_kin_and_blue_shotgun_kin_with_gunsinger","floor":30,"turns":1},{"damage":16,"enemies":"DemoMod:Veteran_shot_gun_kin_and_red_shotgun_kin_with_gunsinger","floor":31,"turns":1},{"damage":0,"enemies":"DemoMod:Red_and_blue_shotgun_kin_with_gunsinger","floor":32,"turns":1},{"damage":12,"enemies":"DemoMod:ResourcefulRat","floor":34,"turns":4},{"damage":9,"enemies":"DemoMod:ResourcefulRat","floor":35,"turns":7},{"damage":0,"enemies":"3 Shapes","floor":37,"turns":1},{"damage":0,"enemies":"Orb Walker","floor":40,"turns":1},{"damage":0,"enemies":"Maw","floor":41,"turns":1},{"damage":0,"enemies":"Reptomancer","floor":42,"turns":1},{"damage":0,"enemies":"Giant Head","floor":44,"turns":1},{"damage":0,"enemies":"Nemesis","floor":47,"turns":1},{"damage":0,"enemies":"Writhing Mass","floor":49,"turns":1},{"damage":0,"enemies":"Reptomancer","floor":50,"turns":1},{"damage":0,"enemies":"Awakened One","floor":52,"turns":2},{"damage":0,"enemies":"Shield and Spear","floor":56,"turns":1},{"damage":8,"enemies":"The Heart","floor":57,"turns":3}],"seed_played":"-6269137054596802844","potions_obtained":[{"floor":1.0,"key":"LiquidMemories"},{"floor":10,"key":"ColorlessPotion"},{"floor":11,"key":"SkillPotion"},{"floor":20,"key":"AttackPotion"},{"floor":31,"key":"LiquidMemories"},{"floor":50,"key":"testmod-SpacePotion"},{"floor":56,"key":"Ancient Potion"}],"is_trial":false,"path_per_floor":["M","?","M","?","$","E","$","R","T","E","M","E","?","?","R","B",null,"M","$","M","M","M","E","R","E","T","R","M","M","M","M","M","R","B","B",null,"M","$","?","M","M","E","R","E","T","?","E","$","M","E","R","B",null,"R","$","E","B",null],"character_chosen":"HUNTRESS","items_purchased":["DemoMod:MonsterBlood","DemoMod:GnawedKey","AT_ArchangelStaff","Vajra","BrkXgEgg","Frozen Egg 2","DianPoetry","Membership Card","Omamori","DemoMod:BlueGuonStone","Pen Nib","Centennial Puzzle","TheAbacus","AT_BladeRuinedKing","Technique","REME_CardOfGreed","DemoMod:WhiteGuonStone","Civilization","Lizard Tail","DemoMod:WeirdEgg","OrangePellets","White Beast Statue","AT_ChloranthyRing","DemoMod:LichsEyeBullet","testmod-IndustrialRevolution","Dodecahedron"],"campfire_rested":0,"item_purchase_floors":[5,5,5,5,5,7,7,19,19,19,19,27,27,27,27,38,38,38,38,43,43,48,48,51,54,55],"current_hp_per_floor":[70,56,56,45,52,52,52,52,52,52,52,47,47,47,47,34,77,77,77,77,77,77,87,87,87,87,87,87,77,61,45,45,45,48,60,87,88,88,88,90,93,97,97,102,102,97,103,103,109,115,115,121,121,121,121,127,133],"gold":71,"neow_bonus":"RANDOM_COMMON_RELIC","is_daily":false,"chose_seed":false,"campfire_upgraded":3,"win_rate":0.0,"timestamp":1613730955,"path_taken":["M","?","M","?","$","E","$","R","T","E","M","E","?","?","R","BOSS","M","$","M","M","M","E","R","E","T","R","M","M","M","M","M","R","BOSS","BOSS","M","$","?","M","?","E","R","E","T","?","E","?","M","E","R","BOSS","R","$","E","BOSS"],"items_purchased_type":["Relic","Relic","Relic","Relic","Relic","Relic","Relic","Relic","Relic","Relic","Relic","Relic","Relic","Relic","Relic","Relic","Relic","Relic","Relic","Relic","Relic","Relic","Relic","Relic","Relic","Relic"],"build_version":"2020-12-22","purchased_purges":7,"victory":true,"max_hp_per_floor":[70,70,70,70,77,77,77,77,77,77,77,77,77,77,77,77,77,77,77,77,77,77,87,87,87,87,87,87,87,87,87,87,87,87,87,87,88,88,88,90,93,97,97,102,102,97,103,103,109,115,115,121,121,121,121,127,133],"card_choices":[{"not_picked":["DemoMod:FortunesFavor","DemoMod:HungryBullets"],"picked":"DemoMod:DoubleVision","floor":1.0},{"not_picked":["DemoMod:FastSwitch","DemoMod:AbyssalTentacle","DemoMod:Casey","DemoMod:BattleInHaste"],"picked":"DemoMod:HungryBullets","floor":3.0},{"not_picked":["DemoMod:DirectionalPad","DemoMod:StickyCrossBow","DemoMod:HuntsMan","DemoMod:Camera","DemoMod:DoubleSwitch"],"picked":"SKIP","floor":6.0},{"not_picked":["DemoMod:Ejector","DemoMod:ConditionalReflex","DemoMod:Replace","DemoMod:ThirdPartyController+1"],"picked":"DemoMod:SkilledReload+1","floor":10},{"not_picked":["DemoMod:SAA","DemoMod:Rummage","DemoMod:HuntsMan","DemoMod:JK47","DemoMod:Ejector"],"picked":"SKIP","floor":11},{"not_picked":["DemoMod:HardPowerCard","DemoMod:BlackHoleGun+1","DemoMod:Unmoved","DemoMod:BoxingGlove","DemoMod:Ejector"],"picked":"SKIP","floor":12},{"not_picked":["DemoMod:Slinger+1","DemoMod:BSG+1","DemoMod:BalloonGun+1","DemoMod:Behold!+1"],"picked":"DemoMod:Desperate+1","floor":16},{"not_picked":["DemoMod:Ejector","DemoMod:Unmoved","DemoMod:AC15+1","DemoMod:MegaHand","DemoMod:TeaPot"],"picked":"SKIP","floor":18},{"not_picked":["DemoMod:MachoBrace","DemoMod:AbyssalTentacle","DemoMod:JK47","DemoMod:GunShield"],"picked":"DemoMod:Eureka+1","floor":20},{"not_picked":["DemoMod:AbyssalTentacle","DemoMod:HardPowerCard","DemoMod:CursedBullets+1","DemoMod:AC15"],"picked":"DemoMod:SniperShot","floor":21},{"not_picked":["DemoMod:Rummage","DemoMod:FullFirepower+1","DemoMod:DoubleSwitch","DemoMod:Casey","DemoMod:MegaHand"],"picked":"SKIP","floor":22},{"not_picked":["DemoMod:MachoBrace","DemoMod:Rummage","DemoMod:BattleInHaste","DemoMod:SAA"],"picked":"DemoMod:Purify","floor":23},{"not_picked":["DemoMod:GunstockTap","DemoMod:RadGun","DemoMod:HardPowerCard+1","DemoMod:JK47+1"],"picked":"DemoMod:Evolver","floor":25},{"not_picked":["DemoMod:SniperShot+1","DemoMod:SkilledReload+1","DemoMod:HungryBullets+1","DemoMod:CursedBullets+1"],"picked":"DemoMod:TableSutra+1","floor":28},{"not_picked":["DemoMod:Casey","DemoMod:TeaPot","DemoMod:Replace+1","DemoMod:BulletBore+1"],"picked":"DemoMod:Unity+1","floor":29},{"not_picked":["DemoMod:ConditionalReflex","DemoMod:BoxingGlove+1","DemoMod:ZorGun","DemoMod:SAA"],"picked":"DemoMod:Purify+1","floor":30},{"not_picked":["DemoMod:Replace","DemoMod:ProbeStrike","DemoMod:TeaPot+1","DemoMod:StickyCrossBow","DemoMod:FastSwitch+1"],"picked":"SKIP","floor":31},{"not_picked":["DemoMod:SAA+1","DemoMod:TableSutra+1","DemoMod:PotionOfGunFriendShip","DemoMod:Unmoved+1"],"picked":"DemoMod:CombinedRifle+1","floor":32},{"not_picked":[],"picked":"DemoMod:Elimentaler","floor":35},{"not_picked":["DemoMod:MachoBrace+1","DemoMod:Unmoved+1","DemoMod:FeignSurrender+1","DemoMod:Replace","DemoMod:BattleInHaste+1"],"picked":"SKIP","floor":37},{"not_picked":["DemoMod:BSG+1","DemoMod:BattleInHaste","DemoMod:DoubleSwitch","DemoMod:Rummage+1","DemoMod:JK47+1"],"picked":"SKIP","floor":40},{"not_picked":["DemoMod:BoxingGlove+1","DemoMod:ConditionalReflex","DemoMod:Ejector","DemoMod:GunShield"],"picked":"DemoMod:EasyReloadBullets+1","floor":41},{"not_picked":["DemoMod:FeignSurrender+1","DemoMod:ChanceBullets+1","DemoMod:Ejector+1","DemoMod:HardPowerCard"],"picked":"DemoMod:Polaris+1","floor":42},{"not_picked":["DemoMod:FortunesFavor","DemoMod:CombinedRifle+1","DemoMod:LifeOrb+1","DemoMod:BoxingGlove+1","DemoMod:Unmoved"],"picked":"SKIP","floor":44},{"not_picked":["DemoMod:Polaris","DemoMod:SniperShot","DemoMod:JK47","DemoMod:GunstockTap","DemoMod:GunslingerForm+1"],"picked":"SKIP","floor":47},{"not_picked":["DemoMod:CursedBullets+1","DemoMod:SAA+1","DemoMod:Ejector+1","DemoMod:BattleInHaste","DemoMod:StrategicReserve+1"],"picked":"SKIP","floor":49},{"not_picked":["DemoMod:FastSwitch+1","DemoMod:Casey","DemoMod:BSG+1","DemoMod:ZorGun+1","DemoMod:SuppressiveFire+1"],"picked":"SKIP","floor":50},{"not_picked":["DemoMod:SAA","DemoMod:FastSwitch","DemoMod:DarkMarker+1","DemoMod:TripleGun","DemoMod:Purify+1"],"picked":"SKIP","floor":56}],"player_experience":905611,"relics_obtained":[{"floor":1.0,"key":"SynthV:TestCard"},{"floor":6.0,"key":"Akabeko"},{"floor":10,"key":"Ancient Tea Set"},{"floor":12,"key":"Dream Catcher"},{"floor":23,"key":"Pear"},{"floor":25,"key":"Sundial"},{"floor":36,"key":"DemoMod:RatBoots"},{"floor":36,"key":"DemoMod:ResourcefulSack"},{"floor":36,"key":"DemoMod:PartiallyEatenCheese"},{"floor":36,"key":"testmod-NegativeEmotionEnhancer"},{"floor":36,"key":"testmod-Nine"},{"floor":42,"key":"SynthV:C4"},{"floor":42,"key":"Juzu Bracelet"},{"floor":44,"key":"Smiling Mask"},{"floor":45,"key":"Mercury Hourglass"},{"floor":47,"key":"Orichalcum"},{"floor":50,"key":"Lantern"}],"event_choices":[{"damage_healed":0.0,"max_hp_gain":0.0,"max_hp_loss":0.0,"gold_gain":0.0,"event_name":"Shining Light","player_choice":"Entered Light","floor":2.0,"gold_loss":0.0,"damage_taken":14.0,"cards_upgraded":["DemoMod:ManualReload","DemoMod:Defend_Huntress"]},{"damage_healed":0.0,"max_hp_gain":0.0,"max_hp_loss":0.0,"gold_gain":75.0,"event_name":"World of Goop","player_choice":"Gather Gold","floor":4.0,"gold_loss":0.0,"damage_taken":11.0},{"damage_healed":0,"gold_gain":400,"player_choice":"Sell","damage_taken":0,"max_hp_gain":0,"max_hp_loss":0,"event_name":"¶÷ÂåË¹µÄÅÌ×Ó","floor":14,"relics_lost":["DaveBox"],"gold_loss":0},{"cards_removed":["DemoMod:CrossBow"],"damage_healed":0,"gold_gain":0,"player_choice":"Removal","damage_taken":0,"max_hp_gain":0,"max_hp_loss":0,"event_name":"Designer","floor":39,"gold_loss":90},{"damage_healed":0,"gold_gain":0,"player_choice":"Max HP","damage_taken":0,"max_hp_gain":0,"max_hp_loss":5,"event_name":"Winding Halls","floor":46,"gold_loss":0}],"is_beta":false,"boss_relics":[{"not_picked":["testmod-PortableAltar","SlaversCollar"],"picked":"testmod-Fanaticism"},{"not_picked":[]}],"items_purged_floors":[5,7,7,19,27,38,43],"is_endless":false,"potions_floor_spawned":[1,10,11,20,21,23,29,31,41,44,49,50,56],"ascension_level":3}}