{"host":"jrtaucq9moweewpn","time":1613714667,"event":{"mods":["BaseMod","Better Third Choice","Colored Map","Downfall","GifTheSpireLib","Infinite Spire","Minty Spire (QoL Compilation)","Replay The Spire","Shade Mod","StSLib","The Cursed"],"gold_per_floor":[116,135,135,204,217,249,284,284,336,364,89,89,102,137,137,233,233,247,65,65,80,430,430,430,470,496,265,274,274,286,314,314,419,419,447,470,194,194,104,159,159,192,271,280,323,323,323,341,341,341],"floor_reached":51,"language":"ENG","playtime":2764,"items_purged":["Defend_G","Strike_G","Overencumbered","TheCursedMod:Dregs","downfall:Icky"],"score":990,"play_id":"7e5cc367-4d21-47b4-a965-0bcd95c5a631","local_time":"20210219000427","daily_mods":["Heirloom","Time Dilation","Flight","DeadlyEvents"],"is_ascension_mode":false,"campfire_choices":[{"floor":8,"key":"REST"},{"floor":15,"key":"REST"},{"floor":23,"key":"REST"},{"data":"Toxin Wave","floor":24,"key":"SMITH"},{"floor":28,"key":"REST"},{"data":"Envenom","floor":32,"key":"SMITH"},{"floor":41,"key":"REST"},{"floor":46,"key":"REST"}],"circlet_count":0,"master_deck":["Strike_G","Strike_G","Strike_G","Strike_G","Defend_G","Defend_G","Defend_G","Defend_G","Survivor","Neutralize","Poisoned Stab","Catalyst","Poisoned Stab","PiercingWail","Bane","Toxin Wave+1","Caltrops","Venomology","Deadly Poison","Dramatic Entrance","Bane","Envenom+1","Deadly Poison","Bane+1","Dramatic Entrance","Poisoned Stab","Poison Darts","Deadly Poison+1","Replay:Poison Smokescreen","Specialist","Infinite Blades","Deadly Poison","Pot Of Greed","Pot Of Greed+1","Pot Of Greed","Noxious Fumes","ReplayTheSpireMod:Black Plague+1","Dagger Spray","Pot Of Greed"],"relics":["Ring of the Serpent","Ginger","NeowsBlessing","StrikeDummy","Strawberry","Smiling Mask","Potion Belt","Membership Card","Dream Catcher","NeowsBlessing","Ancient Tea Set","BargainBundle","infinitespire:PuzzleCube","Pear","Ring of Fangs","Ring of Greed","Replay:Wax Seal","Old Coin","CeramicFish","Omamori","Happy Flower","NeowsBlessing","TungstenRod","Black Star","TwistedFunnel","Boot","Grinning Jar","Mango","Replay:Multitool","Paper Crane","Replay:Ringing Soul","Mercury Hourglass","Calipers"],"acts_visited":["Exordium","TheCity","TheBeyond"],"potions_floor_usage":[18,18,18,18,21,25,25,36,36,36,40,40,40,42,45,45,45,50],"damage_taken":[{"damage":0,"enemies":"Small Slimes","floor":1,"turns":3},{"damage":5,"enemies":"Jaw Worm","floor":2,"turns":3},{"damage":0,"enemies":"Cultist","floor":5,"turns":1},{"damage":0,"enemies":"Replay:BlueRogue","floor":6,"turns":1},{"damage":0,"enemies":"3 Sentries","floor":7,"turns":1},{"damage":28,"enemies":"Gremlin Nob","floor":10,"turns":4},{"damage":0,"enemies":"2 Fungi Beasts","floor":13,"turns":1},{"damage":0,"enemies":"Lagavulin","floor":14,"turns":1},{"damage":0,"enemies":"The Guardian","floor":16,"turns":1},{"damage":15,"enemies":"2 Thieves","floor":18,"turns":3},{"damage":19,"enemies":"3 Byrds","floor":21,"turns":3},{"damage":23,"enemies":"Replay:Snechameleon","floor":25,"turns":4},{"damage":0,"enemies":"Snake Plant","floor":30,"turns":1},{"damage":0,"enemies":"Gremlin Leader","floor":31,"turns":1},{"damage":0,"enemies":"Champ","floor":33,"turns":1},{"damage":4,"enemies":"3 Shapes","floor":35,"turns":4},{"damage":4,"enemies":"Orb Walker","floor":36,"turns":3},{"damage":18,"enemies":"2 Orb Walkers","floor":40,"turns":2},{"damage":27,"enemies":"R_Hoarder","floor":42,"turns":5},{"damage":44,"enemies":"Nemesis","floor":45,"turns":5},{"damage":21,"enemies":"Spire Growth","floor":48,"turns":3},{"damage":68,"enemies":"infinitespire:MassOfShapes","floor":50,"turns":7}],"seed_played":"-4829327795412713252","potions_obtained":[{"floor":4,"key":"Swift Potion"},{"floor":4,"key":"SteroidPotion"},{"floor":4,"key":"CunningPotion"},{"floor":6,"key":"Energy Potion"},{"floor":13,"key":"Energy Potion"},{"floor":14,"key":"SpeedPotion"},{"floor":18,"key":"LiquidBronze"},{"floor":25,"key":"Milkshake"},{"floor":30,"key":"BlessingOfTheForge"},{"floor":33,"key":"LifebloodPotion"},{"floor":36,"key":"SpeedPotion"},{"floor":42,"key":"Regen Potion"}],"is_trial":true,"path_per_floor":["M","M","WH","?","M","E","E","R","T","E","$","WH","M","E","R","B",null,"M","$","?","M","?","R","R","E","T","$","R","WH","M","E","R","B",null,"M","M","$","?","$","?","R","E","T","AVR","E","R","R","M","R","B",null],"character_chosen":"THE_SILENT","items_purchased":["Membership Card","Dream Catcher","BargainBundle","infinitespire:PuzzleCube","Dramatic Entrance","Energy Potion","Strength Potion","Happy Flower","Deadly Poison","Bane+1","Dramatic Entrance","DuplicationPotion","TwistedFunnel","Boot","Specialist","CunningPotion","Infinite Blades","Deadly Poison","Grinning Jar"],"campfire_rested":6,"item_purchase_floors":[11,11,19,19,19,19,19,27,27,27,27,27,37,37,37,37,39,39,39],"current_hp_per_floor":[70,65,65,48,48,48,55,77,77,49,49,49,49,49,72,72,77,62,62,72,53,53,79,79,56,56,56,82,82,82,82,82,82,87,83,79,79,79,79,75,101,74,74,77,51,83,107,86,107,39],"gold":341,"neow_bonus":"THREE_ENEMY_KILL","is_daily":false,"chose_seed":false,"campfire_upgraded":2,"win_rate":0.0,"timestamp":1613714667,"path_taken":["M","M","WH","?","?","E","E","R","T","E","$","WH","M","E","R","BOSS","M","$","?","M","?","R","R","E","T","?","R","WH","M","E","R","BOSS","M","M","$","?","$","?","R","E","T","AVR","?","R","R","M","R","BOSS"],"items_purchased_type":["Relic","Relic","Relic","Relic","Card","Potion","Potion","Relic","Card","Card","Card","Potion","Relic","Relic","Card","Potion","Card","Card","Relic"],"build_version":"2020-12-22","purchased_purges":5,"victory":true,"max_hp_per_floor":[70,70,70,70,70,70,77,77,77,77,77,77,77,77,77,77,77,77,77,87,87,87,87,87,87,87,87,87,87,87,87,87,87,87,87,87,87,87,87,101,101,101,101,104,107,107,107,107,107,107],"card_choices":[{"not_picked":["ReplayTheSpireMod:Scrap Shanks","Footwork"],"picked":"Poisoned Stab","floor":1},{"not_picked":["Outmaneuver","ReplayTheSpireMod:Shiv Toss"],"picked":"Catalyst","floor":2},{"not_picked":["Outmaneuver","Quick Slash"],"picked":"Poisoned Stab","floor":4},{"not_picked":["Predator","Underhanded Strike","Grand Finale"],"picked":"SKIP","floor":5},{"not_picked":["ReplayTheSpireMod:Tripwire","Flechettes"],"picked":"PiercingWail","floor":6},{"not_picked":["Footwork","ReplayTheSpireMod:Speed Training"],"picked":"Bane","floor":7},{"not_picked":["Terror","ReplayTheSpireMod:Shiv Toss"],"picked":"Toxin Wave","floor":10},{"not_picked":["Leg Sweep","Tactician","Sucker Punch"],"picked":"SKIP","floor":13},{"not_picked":["Tactician","ReplayTheSpireMod:Speed Training","Outmaneuver"],"picked":"SKIP","floor":14},{"not_picked":["Backflip","Blade Dance"],"picked":"Caltrops","floor":15},{"not_picked":["After Image","Grand Finale"],"picked":"Venomology","floor":16},{"not_picked":["Reflex","Blade Dance+1"],"picked":"Deadly Poison","floor":18},{"not_picked":["Prepared","Accuracy+1"],"picked":"Bane","floor":21},{"not_picked":["Expertise","Reflex"],"picked":"Envenom","floor":25},{"not_picked":["Sucker Punch","Quick Slash+1"],"picked":"Poisoned Stab","floor":28},{"not_picked":["ReplayTheSpireMod:Exploit Weakness","Underhanded Strike+1","Cloak And Dagger"],"picked":"SKIP","floor":30},{"not_picked":["ReplayTheSpireMod:Tripwire","Setup+1","Calculated Gamble"],"picked":"SKIP","floor":31},{"not_picked":["Envenom","Tools of the Trade"],"picked":"Poison Darts","floor":33},{"not_picked":["Setup+1","Underhanded Strike+1"],"picked":"Deadly Poison+1","floor":35},{"not_picked":["Quick Slash+1","Underhanded Strike"],"picked":"Replay:Poison Smokescreen","floor":36},{"not_picked":["Poisoned Stab","Dagger Throw+1"],"picked":"Noxious Fumes","floor":40},{"not_picked":["Deflect","Escape Plan+1","Night Terror"],"picked":"SKIP","floor":42},{"not_picked":["Outmaneuver+1","Masterful Stab"],"picked":"Dagger Spray","floor":45},{"not_picked":["Dagger Spray","Setup+1","Heel Hook"],"picked":"SKIP","floor":48},{"not_picked":["Dagger Spray","Setup+1","Heel Hook"],"picked":"SKIP","floor":48}],"player_experience":545244,"relics_obtained":[{"floor":6,"key":"StrikeDummy"},{"floor":7,"key":"Strawberry"},{"floor":9,"key":"Smiling Mask"},{"floor":10,"key":"Potion Belt"},{"floor":14,"key":"Ancient Tea Set"},{"floor":22,"key":"Ring of Fangs"},{"floor":22,"key":"Ring of Greed"},{"floor":22,"key":"Replay:Wax Seal"},{"floor":22,"key":"Old Coin"},{"floor":25,"key":"CeramicFish"},{"floor":26,"key":"Omamori"},{"floor":31,"key":"TungstenRod"},{"floor":40,"key":"Mango"},{"floor":42,"key":"Replay:Multitool"},{"floor":42,"key":"Paper Crane"},{"floor":43,"key":"Replay:Ringing Soul"},{"floor":45,"key":"Mercury Hourglass"},{"floor":45,"key":"Calipers"}],"event_choices":[{"damage_healed":0,"gold_gain":0,"player_choice":"Fight","damage_taken":0,"max_hp_gain":0,"max_hp_loss":0,"event_name":"Mysterious Sphere","floor":40,"gold_loss":0}],"is_beta":false,"boss_relics":[{"not_picked":["Snecko Heart","ChewingGum"],"picked":"Ring of the Serpent"},{"not_picked":["sneckomod:SneckoTalon","Replay:Wanted Poster"],"picked":"Black Star"}],"items_purged_floors":[11,19,27,37,44],"is_endless":false,"potions_floor_spawned":[6,7,13,14,18,25,30,33,36,42],"ascension_level":0}}