{"host":"sncdgiue1dtzeg79","time":1613738335,"event":{"mods":["BaseMod","Beaked The Cultist","ChefMod","Colored Powertips","Hubris","Jorbs\u0027s Wanderer Trilogy","Minty Spire (QoL Compilation)","Reliquary","StSLib","Swap Starting Deck Mod","The Bladedancer","The Cursed","The Hierophant","The Marked","The Necromancer","The Runesmith","The Wild Card","Weighted Paths"],"gold_per_floor":[115,132,64,83,53,53,53,1,1,11,11,28,28,39,39,140,140,110,110,136,136,136,136,136,136],"floor_reached":24,"language":"ENG","playtime":7327,"items_purged":[],"score":184,"play_id":"83d954ba-e831-4b58-a9c0-b4fb22ee4bd4","local_time":"20210219133855","is_ascension_mode":false,"campfire_choices":[{"data":"TheCursedMod:HellfireBreathing","floor":6,"key":"SMITH"},{"data":"TheCursedMod:Hemoplague","floor":11,"key":"SMITH"},{"floor":15,"key":"REST"},{"data":"TheCursedMod:DemonicPact","floor":23,"key":"SMITH"}],"circlet_count":0,"master_deck":["TheCursedMod:Strike_TheCursed","TheCursedMod:Strike_TheCursed","TheCursedMod:Strike_TheCursed","TheCursedMod:Strike_TheCursed","TheCursedMod:Defend_TheCursed","TheCursedMod:Defend_TheCursed","TheCursedMod:Defend_TheCursed","TheCursedMod:Defend_TheCursed","TheCursedMod:CursedWand+1","TheCursedMod:CleanUpWorkshop","TheCursedMod:Dregs","TheCursedMod:FleshFromBone","TheCursedMod:Hemoplague","TheCursedMod:Hemoplague+1","TheCursedMod:HellfireBreathing+1","TheCursedMod:Wield","TheCursedMod:SurpriseAttack","TheCursedMod:DemonicPact+1","Writhe"],"relics":["TheCursedMod:BlackMagic101","Tiny Chest","reliquary:Knoch","reliquary:Sideboard","TheCursedMod:FourLeafCloverCharm","Nloth\u0027s Gift"],"acts_visited":["Exordium","TheCity"],"potions_floor_usage":[16,18,24],"damage_taken":[{"damage":1,"enemies":"Cultist","floor":1,"turns":3},{"damage":1,"enemies":"2 Louse","floor":2,"turns":3},{"damage":3,"enemies":"Jaw Worm","floor":4,"turns":4},{"damage":2,"enemies":"Looter","floor":5,"turns":4},{"damage":24,"enemies":"Large Slime","floor":10,"turns":7},{"damage":11,"enemies":"Lots of Slimes","floor":12,"turns":4},{"damage":10,"enemies":"Looter","floor":14,"turns":3},{"damage":10,"enemies":"The Guardian","floor":16,"turns":11},{"damage":26,"enemies":"2 Thieves","floor":18,"turns":5},{"damage":46,"enemies":"Gremlin Leader","floor":24,"turns":4}],"seed_played":"235364629505248382","potions_obtained":[{"floor":4,"key":"CultistPotion"},{"floor":12,"key":"SpeedPotion"},{"floor":14,"key":"Block Potion"},{"floor":16,"key":"Fire Potion"},{"floor":18,"key":"Fire Potion"}],"is_trial":false,"path_per_floor":["M","M","$","M","M","R","$","?","T","M","R","M","T","M","R","B",null,"M","?","T","?","?","R","E"],"character_chosen":"THE_CURSED","items_purchased":["TheCursedMod:Hemoplague"],"campfire_rested":1,"item_purchase_floors":[3],"current_hp_per_floor":[74,73,73,70,68,68,68,68,68,44,44,33,33,23,45,35,75,49,35,35,35,35,35,0,0],"gold":136,"neow_bonus":"UPGRADE_CARD","is_daily":false,"chose_seed":false,"campfire_upgraded":3,"win_rate":0.0,"timestamp":1613738335,"path_taken":["M","?","$","M","M","R","?","?","T","M","R","?","?","M","R","BOSS","M","?","?","?","?","R","E"],"items_purchased_type":["Card"],"build_version":"2020-12-22","purchased_purges":0,"victory":false,"max_hp_per_floor":[75,75,75,75,75,75,75,75,75,75,75,75,75,75,75,75,75,75,80,80,80,80,80,80,80],"card_choices":[{"not_picked":["TheCursedMod:SpitefulStrike","TheCursedMod:RapidMovement"],"picked":"TheCursedMod:FleshFromBone","floor":1},{"not_picked":["TheCursedMod:SpitefulStrike","TheCursedMod:CursedStaff","TheCursedMod:RavingStaff"],"picked":"SKIP","floor":2},{"not_picked":["TheCursedMod:FleshFromBone","TheCursedMod:CircleOfCorruption"],"picked":"TheCursedMod:Hemoplague","floor":4},{"not_picked":["TheCursedMod:CursedBlade","TheCursedMod:TroublousMinions"],"picked":"TheCursedMod:HellfireBreathing","floor":5},{"not_picked":["TheCursedMod:CursedSpellbook","TheCursedMod:VitalStrike"],"picked":"TheCursedMod:Wield","floor":10},{"not_picked":["TheCursedMod:TroublousMinions","TheCursedMod:ForbiddenAlchemy","TheCursedMod:Stretching"],"picked":"SKIP","floor":12},{"not_picked":["TheCursedMod:FleshFromBone","TheCursedMod:AshesToAshes"],"picked":"TheCursedMod:SurpriseAttack","floor":14},{"not_picked":["TheCursedMod:ShockAndAwe","TheCursedMod:CollectTribute"],"picked":"TheCursedMod:DemonicPact","floor":16},{"not_picked":["TheCursedMod:EmpowerCircles","TheCursedMod:FleshFromBone"],"picked":"TheCursedMod:SmokeScreen+1","floor":18}],"player_experience":516816,"relics_obtained":[{"floor":9,"key":"reliquary:Knoch"},{"floor":13,"key":"reliquary:Sideboard"}],"event_choices":[{"damage_healed":0,"gold_gain":0,"player_choice":"Paid Gold","damage_taken":0,"relics_obtained":["Tiny Chest"],"max_hp_gain":0,"max_hp_loss":0,"event_name":"WeMeetAgain","floor":8,"gold_loss":52},{"damage_healed":0,"gold_gain":0,"player_choice":"Shed Blood","damage_taken":19,"max_hp_gain":5,"max_hp_loss":0,"event_name":"Forgotten Altar","floor":19,"gold_loss":0},{"damage_healed":0,"gold_gain":0,"player_choice":"Opened","damage_taken":0,"relics_obtained":["hubris:TenFootPole"],"max_hp_gain":0,"max_hp_loss":0,"event_name":"The Mausoleum","floor":21,"gold_loss":0,"cards_obtained":["Writhe"]},{"damage_healed":0,"gold_gain":0,"player_choice":"Traded Relic","damage_taken":0,"relics_obtained":["Nloth\u0027s Gift"],"max_hp_gain":0,"max_hp_loss":0,"event_name":"N\u0027loth","floor":22,"relics_lost":["hubris:TenFootPole"],"gold_loss":0}],"is_beta":false,"boss_relics":[{"not_picked":["beaked:MawFillet","hubris:HollowSoul"],"picked":"TheCursedMod:FourLeafCloverCharm"}],"items_purged_floors":[],"is_endless":false,"potions_floor_spawned":[4,12,14,16,18],"killed_by":"Gremlin Leader","ascension_level":0}}