{"host":"mijx6czmnk03eucy","time":1613777757,"event":{"mods":["A Penny For Your Troubles","Act Like it!","Arknights","Aspiration","BaseMod","Better Altar","Better Skull","Better Third Choice","Better-Laid Plans","BetterRewards","Bossed Relics","Colored Map","Colored Powertips","Conspire","Curses Come First","Debug Mod","Disable Question Mark Monsters","Displayed Cursed Tome","Energized Spire","Evolution","Force Act Four","Fox Events","GifTheSpireLib","Googly Eyes","Hubris","Infinite Spire","Jedi Mod","Mimic Mod","Minty Spire (QoL Compilation)","Quick Restart","Rare Cards Sparkle","Relic Filter","Relic Stats","Reliquary","Replay The Spire","Ruina","SacredBarkPlus","Smile Girya","Spicy Shops","Spire Arcade","StS++","StSLib","Stuff the Spire","The Blue Laboratory","Uncapped","Wandering Minibosses","Wide Potions","??????REMEMod"],"gold_per_floor":[112,112,112,72,72,102,102,121,201,212,212,237,237,237,237,342,342,362,380,380,6,6,37,37,70,108,139,139,171,171,189,189,287,287,307,307,307,325,31,58,58,78,78,111,111,144,144,144,144,145],"floor_reached":51,"language":"ENG","playtime":2670,"items_purged":["Doubt","Shame"],"score":1265,"play_id":"177f4386-fee0-405e-bea3-58eccca65048","local_time":"20210219233557","is_ascension_mode":true,"campfire_choices":[{"data":"jedi:poisonivy","floor":7.0,"key":"SMITH"},{"data":"Poisoned Stab","floor":11.0,"key":"SMITH"},{"data":"Footwork","floor":15,"key":"SMITH"},{"data":"infinitespire:Neurotoxin","floor":24,"key":"SMITH"},{"data":"ReplayTheSpireMod:Black Plague","floor":30,"key":"SMITH"},{"data":"Replay:Fractal Strike","floor":32,"key":"SMITH"},{"data":"infinitespire:Neurotoxin","floor":41,"key":"SMITH"},{"data":"StuffTheSpire:MirrorStance","floor":45,"key":"SMITH"},{"data":"ReplayTheSpireMod:Scrap Shanks","floor":49,"key":"SMITH"}],"circlet_count":0,"master_deck":["Flying Knee","Bane","Poisoned Stab+1","Cloak And Dagger","jedi:poisonivy+1","Terror","ReplayTheSpireMod:Scrap Shanks+1","PiercingWail","Footwork+1","infinitespire:Neurotoxin+1","Bane+1","REME_GreenPollution","Tactician","Calculated Gamble+1","StuffTheSpire:Python","wanderingMiniBosses:FinaleOfPromise","StuffTheSpire:Incursion+1","StuffTheSpire:Python","ReplayTheSpireMod:Black Plague+1","Reflex","infinitespire:Neurotoxin+1","StuffTheSpire:MirrorStance+1","hubris:DuctTapeCard","Cloak And Dagger+1","Well Laid Plans+1","StuffTheSpire:DoubleShiv+1","Hidden Blade+1","Acrobatics"],"relics":["EVO:Axolotl","REME_ComplimentaryCards","NeowsBlessing","hubris:Icosahedron","StuffTheSpire:GrapeVine","Iron Hammer","jedi:heavyjacket","Sizzling Blood","conspire:RunicOctahedron","aspiration:Lifesprig","REME_CardOfGreed","reliquary:HotPoker","reliquary:Vitrine","Paper Crane","wanderingMiniBosses:Blackblade","reliquary:FerryPass","Kintsugi","StuffTheSpire:Nightcore","reliquary:Stiletto","energizedSpire:NeverEndingSparkler","hubris:DuctTape","Toy Ornithopter","reliquary:SharkskinSheath","Tough Bandages","infinitespire:Eraser","reliquary:Aerogel","hubris:CrystalStatue"],"acts_visited":["Exordium","TheCity","TheBeyond"],"potions_floor_usage":[12,12,12,25,26,40,50,50],"damage_taken":[{"damage":0.0,"enemies":"Jaw Worm","floor":1.0,"turns":1.0},{"damage":0.0,"enemies":"Gremlin Nob","floor":6.0,"turns":1.0},{"damage":0.0,"enemies":"Cultist","floor":8.0,"turns":1.0},{"damage":3.0,"enemies":"conspire:RoseBush","floor":10.0,"turns":2.0},{"damage":0,"enemies":"3 Sentries","floor":12,"turns":2},{"damage":0,"enemies":"Fading Forest","floor":16,"turns":11},{"damage":11,"enemies":"conspire:FuzzyDice","floor":18,"turns":6},{"damage":8,"enemies":"Chosen","floor":19,"turns":4},{"damage":10,"enemies":"Book of Stabbing","floor":23,"turns":4},{"damage":3,"enemies":"conspire:SneckoGhost","floor":25,"turns":3},{"damage":0,"enemies":"Sentry and Sphere","floor":26,"turns":4},{"damage":0,"enemies":"Replay:Snechameleon","floor":27,"turns":2},{"damage":0,"enemies":"REME_1_Revenger","floor":29,"turns":2},{"damage":0,"enemies":"Sentry and Sphere","floor":31,"turns":2},{"damage":1,"enemies":"Champ","floor":33,"turns":3},{"damage":0,"enemies":"3 Darklings","floor":35,"turns":2},{"damage":0,"enemies":"Orb Walker","floor":38,"turns":2},{"damage":0,"enemies":"Reptomancer","floor":40,"turns":1},{"damage":9,"enemies":"3 Darklings","floor":42,"turns":2},{"damage":0,"enemies":"R_Hoarder","floor":44,"turns":2},{"damage":0,"enemies":"Reptomancer","floor":46,"turns":2},{"damage":5,"enemies":"Time Eater","floor":50,"turns":3}],"seed_played":"2639817770459273204","potions_obtained":[{"floor":4.0,"key":"Fire Potion"},{"floor":4.0,"key":"blueLaboratory:Virophage"},{"floor":4.0,"key":"blueLaboratory:ImpenetrablePotion"},{"floor":8.0,"key":"blueLaboratory:BottleOfRum"},{"floor":23,"key":"Poison Potion"},{"floor":25,"key":"blueLaboratory:BottleOfRum"},{"floor":27,"key":"blueLaboratory:LouseDecoction"},{"floor":29,"key":"blueLaboratory:NullPotion"},{"floor":36,"key":"SkillPotion"},{"floor":36,"key":"Milkshake"},{"floor":38,"key":"FairyPotion"},{"floor":42,"key":"Dexterity Potion"},{"floor":44,"key":"Poison Potion"}],"is_trial":false,"path_per_floor":["M","?","?","?","?","E","R","M","T","M","R","E","?","?","R","B",null,"M","M","?","$","$","E","R","E","MIM","E","AVR","E","R","M","R","B",null,"M","?","AVR","M","$","E","R","M","T","E","R","E","?","?","R","B",null],"character_chosen":"THE_SILENT","items_purchased":["aspiration:Lifesprig","REME_GreenPollution","Tactician","REME_CardOfGreed","Toy Ornithopter","reliquary:SharkskinSheath"],"campfire_rested":0,"item_purchase_floors":[21,21,21,21,39,39],"current_hp_per_floor":[73,73,73,73,73,73,73,73,73,70,70,70,75,79,79,82,82,75,71,71,71,71,65,65,66,70,74,74,78,78,82,82,82,82,82,82,82,82,82,82,82,77,77,81,81,82,82,82,82,81],"gold":145,"neow_bonus":"THREE_ENEMY_KILL","is_daily":false,"chose_seed":false,"campfire_upgraded":9,"win_rate":0.0,"timestamp":1613777757,"path_taken":["M","?","?","?","?","E","R","M","T","M","R","E","?","?","R","BOSS","M","M","?","?","$","E","R","E","MIM","E","AVR","E","R","?","R","BOSS","M","?","AVR","?","$","E","R","M","T","E","R","E","?","?","R","BOSS"],"items_purchased_type":["Relic","Card","Card","Relic","Relic","Relic"],"build_version":"2020-12-22","purchased_purges":2,"victory":true,"max_hp_per_floor":[73,73,73,73,73,73,73,73,73,73,73,73,78,82,82,82,82,82,82,82,82,82,82,82,82,82,82,82,82,82,82,82,82,82,82,82,82,82,82,82,82,82,82,82,82,82,82,82,82,82],"relic_stats":{"Tough Bandages":[45],"counters":[22,61],"obtain_stats":[{"aspiration:Lifesprig":21,"hubris:CrystalStatue":46,"reliquary:Aerogel":44,"StuffTheSpire:GrapeVine":6,"Sizzling Blood":14,"EVO:Axolotl":0,"reliquary:FerryPass":27,"reliquary:HotPoker":23,"Tough Bandages":40,"hubris:Icosahedron":3,"Iron Hammer":9,"StuffTheSpire:Nightcore":28,"reliquary:Vitrine":25,"infinitespire:Eraser":43,"Ring of the Snake":0,"reliquary:SharkskinSheath":39,"NeowsBlessing":0,"hubris:DuctTape":37,"conspire:RunicOctahedron":17,"Paper Crane":26,"jedi:heavyjacket":12,"wanderingMiniBosses:Blackblade":26,"energizedSpire:NeverEndingSparkler":34,"reliquary:Stiletto":29,"REME_CardOfGreed":21,"Kintsugi":28,"Toy Ornithopter":39,"REME_ComplimentaryCards":0},{"aspiration:Lifesprig":8,"hubris:CrystalStatue":21,"reliquary:Aerogel":20,"StuffTheSpire:GrapeVine":2,"Sizzling Blood":5,"EVO:Axolotl":0,"reliquary:FerryPass":12,"reliquary:HotPoker":9,"Tough Bandages":18,"hubris:Icosahedron":1,"Iron Hammer":3,"StuffTheSpire:Nightcore":12,"reliquary:Vitrine":10,"infinitespire:Eraser":19,"Ring of the Snake":0,"reliquary:SharkskinSheath":17,"NeowsBlessing":0,"hubris:DuctTape":16,"conspire:RunicOctahedron":6,"Paper Crane":11,"jedi:heavyjacket":5,"wanderingMiniBosses:Blackblade":11,"energizedSpire:NeverEndingSparkler":15,"reliquary:Stiletto":13,"REME_CardOfGreed":8,"Kintsugi":12,"Toy Ornithopter":17,"REME_ComplimentaryCards":0},{"aspiration:Lifesprig":28,"hubris:CrystalStatue":58,"reliquary:Aerogel":56,"StuffTheSpire:GrapeVine":2,"Sizzling Blood":7,"EVO:Axolotl":0,"reliquary:FerryPass":41,"reliquary:HotPoker":32,"Tough Bandages":52,"hubris:Icosahedron":1,"Iron Hammer":3,"StuffTheSpire:Nightcore":41,"reliquary:Vitrine":35,"infinitespire:Eraser":54,"Ring of the Snake":0,"reliquary:SharkskinSheath":51,"NeowsBlessing":0,"hubris:DuctTape":49,"conspire:RunicOctahedron":18,"Paper Crane":39,"jedi:heavyjacket":7,"wanderingMiniBosses:Blackblade":39,"energizedSpire:NeverEndingSparkler":47,"reliquary:Stiletto":42,"REME_CardOfGreed":28,"Kintsugi":41,"Toy Ornithopter":51,"REME_ComplimentaryCards":0}],"Toy Ornithopter":0},"card_choices":[{"not_picked":["StSpp:FiercePoison","Toxin Wave"],"picked":"jedi:poisonivy","floor":1.0},{"not_picked":["StSpp:Anticipation","Deflect"],"picked":"ReplayTheSpireMod:Scrap Shanks","floor":6.0},{"not_picked":["Dagger Spray","Acrobatics"],"picked":"PiercingWail","floor":8.0},{"not_picked":["Dash","Dagger Throw","StSpp:PoisonousPunch"],"picked":"SKIP","floor":10.0},{"not_picked":["REME_ShadowForm","Poisoned Stab"],"picked":"Footwork","floor":12},{"not_picked":["ReplayTheSpireMod:From All Sides","Unload"],"picked":"infinitespire:Neurotoxin","floor":16},{"not_picked":["Slice","Backflip"],"picked":"PiercingWail","floor":18},{"not_picked":["StSpp:FiercePoison","StSpp:Throw"],"picked":"Bane+1","floor":19},{"not_picked":["StSpp:PoisonousPunch","jedi:rejectivetoxin"],"picked":"Calculated Gamble+1","floor":23},{"not_picked":["Dash+1","StuffTheSpire:ClusterCrunch"],"picked":"StuffTheSpire:Python","floor":25},{"not_picked":[],"picked":"wanderingMiniBosses:FinaleOfPromise","floor":26},{"not_picked":["PiercingWail","Dagger Throw"],"picked":"StuffTheSpire:Incursion+1","floor":26},{"not_picked":["Outmaneuver","Sucker Punch+1"],"picked":"StuffTheSpire:Python","floor":27},{"not_picked":["Concentrate","Storm of Steel"],"picked":"Reflex","floor":29},{"not_picked":["StuffTheSpire:Fury","Hidden Blade","hubris:SlightOfHand"],"picked":"SKIP","floor":31},{"not_picked":["Die Die Die","Tools of the Trade"],"picked":"infinitespire:Neurotoxin","floor":33},{"not_picked":["Backflip","Cloak And Dagger"],"picked":"StuffTheSpire:MirrorStance","floor":35},{"not_picked":["Well Laid Plans","Blade Dance"],"picked":"Cloak And Dagger+1","floor":38},{"not_picked":["StSpp:Landslide","StSpp:FiercePoison+1"],"picked":"Well Laid Plans+1","floor":40},{"not_picked":["Acrobatics+1","Blade Dance"],"picked":"StuffTheSpire:DoubleShiv+1","floor":42},{"not_picked":["Dodge and Roll+1","Underhanded Strike"],"picked":"Hidden Blade+1","floor":44},{"not_picked":["Backstab","PiercingWail"],"picked":"Acrobatics","floor":46}],"player_experience":780256,"relics_obtained":[{"floor":6.0,"key":"StuffTheSpire:GrapeVine"},{"floor":9.0,"key":"Iron Hammer"},{"floor":12,"key":"jedi:heavyjacket"},{"floor":23,"key":"reliquary:HotPoker"},{"floor":25,"key":"reliquary:Vitrine"},{"floor":26,"key":"Paper Crane"},{"floor":26,"key":"wanderingMiniBosses:Blackblade"},{"floor":27,"key":"reliquary:FerryPass"},{"floor":29,"key":"reliquary:Stiletto"},{"floor":40,"key":"Tough Bandages"},{"floor":43,"key":"infinitespire:Eraser"},{"floor":44,"key":"reliquary:Aerogel"},{"floor":46,"key":"hubris:CrystalStatue"}],"event_choices":[{"damage_healed":0.0,"max_hp_gain":0.0,"max_hp_loss":0.0,"gold_gain":0.0,"cards_transformed":["Survivor"],"event_name":"Transmorgrifier","player_choice":"Transformed","floor":2.0,"gold_loss":0.0,"damage_taken":0.0,"cards_obtained":["Terror"]},{"damage_healed":0.0,"max_hp_gain":0.0,"max_hp_loss":0.0,"gold_gain":0.0,"event_name":"The Woman in Blue","player_choice":"Bought 3 Potions","floor":4.0,"gold_loss":0.0,"damage_taken":0.0},{"damage_healed":0.0,"max_hp_gain":0.0,"max_hp_loss":0.0,"gold_gain":0.0,"event_name":"conspire:LoneGhost","player_choice":"Agree","floor":5.0,"gold_loss":0.0,"damage_taken":0.0},{"damage_healed":0,"gold_gain":0,"player_choice":"Donut","damage_taken":0,"max_hp_gain":5,"max_hp_loss":0,"event_name":"Big Fish","floor":13,"gold_loss":0},{"damage_healed":0,"gold_gain":0,"player_choice":"Ignored","damage_taken":0,"max_hp_gain":0,"max_hp_loss":0,"event_name":"Ghosts","floor":20,"gold_loss":0},{"damage_healed":0,"gold_gain":0,"player_choice":"Got Potions","damage_taken":0,"max_hp_gain":0,"max_hp_loss":0,"event_name":"Lab","floor":36,"gold_loss":0},{"cards_removed":["StSpp:PoisonousPunch"],"damage_healed":0,"gold_gain":0,"player_choice":"Removed Attack","damage_taken":0,"max_hp_gain":0,"max_hp_loss":0,"event_name":"Falling","floor":47,"gold_loss":0}],"is_beta":false,"boss_relics":[{"not_picked":["aspiration:PoetsPen","reliquary:WritOfMandamus"],"picked":"conspire:RunicOctahedron"},{"not_picked":["aspiration:RunicSpoon","StSpp:FireArrow"],"picked":"energizedSpire:NeverEndingSparkler"}],"items_purged_floors":[28,37],"is_endless":false,"potions_floor_spawned":[8,10,23,25,27,29,38,42,44,46],"ascension_level":3}}