{"host":"epo9t9qajflxsfbx","time":1613698593,"event":{"mods":["Act Like it!","BaseMod","Better Altar","Better Match","Better Note","Better Sensory Stone","Better Skull","Better Third Choice","Better Vampires","BetterRewards","Clockwork Mod","Defuse TimeMaze Blight","Displayed Cursed Tome","Elementarium","Hermit","Highlight Path","Hubris","Infinite Spire","Minty Spire (QoL Compilation)","Quick Restart","Relic Stats","Reliquary","Replay The Spire","Shade Mod","Shop Mod","Somnambulant","StSLib","The Bladedancer","The Cursed","The Hierophant","The Jungle","The Servant 0.9.4","everything is the same but u backflip on backflip"],"gold_per_floor":[112,122,122,132,148,182,192,192,192],"floor_reached":8,"language":"ENG","playtime":609,"items_purged":[],"score":60,"play_id":"3bcd0d9a-f57b-4a71-a15a-8a5b8fbf97bb","local_time":"20210218173633","daily_mods":["Heirloom","DeadlyEvents"],"is_ascension_mode":false,"campfire_choices":[],"circlet_count":0,"master_deck":["blademaster:Strike","blademaster:Strike","blademaster:Strike","blademaster:Strike","blademaster:Defend","blademaster:Defend","blademaster:Defend","blademaster:Defend","blademaster:RagingBlow","blademaster:HighVoltage","blademaster:AspectOfWind","blademaster:FuriousStrike","blademaster:SharpBlades","blademaster:EyeOfTheStorm","blademaster:ColdBlood","blademaster:CombatPrep"],"relics":["Unceasing Top","Ring of Chaos","replay:Trail_Library","infinitespire:Golems Mask","Garlic"],"acts_visited":["Exordium"],"potions_floor_usage":[6,6],"damage_taken":[{"damage":1,"enemies":"Cultist","floor":1,"turns":3},{"damage":13,"enemies":"infinitespire:Voidling","floor":2,"turns":3},{"damage":0,"enemies":"Small Slimes","floor":4,"turns":4},{"damage":13,"enemies":"2 Fungi Beasts","floor":5,"turns":5},{"damage":22,"enemies":"Gremlin Nob","floor":6,"turns":5},{"damage":5,"enemies":"Gremlin Gang","floor":7,"turns":7},{"damage":23,"enemies":"Lagavulin","floor":8,"turns":4}],"seed_played":"4910285950262293056","potions_obtained":[{"floor":1,"key":"EssenceOfSteel"},{"floor":2,"key":"LiquidMemories"},{"floor":4,"key":"Adrenaline Potion"}],"is_trial":true,"path_per_floor":["M","M","?","M","M","E","M","E"],"character_chosen":"THE_BLADEMASTER","items_purchased":[],"campfire_rested":0,"item_purchase_floors":[],"current_hp_per_floor":[74,61,61,61,48,26,21,0,0],"gold":192,"neow_bonus":"","is_daily":false,"chose_seed":false,"campfire_upgraded":0,"win_rate":0.0,"timestamp":1613698593,"path_taken":["M","M","?","?","M","E","M","E"],"items_purchased_type":[],"build_version":"2020-12-22","purchased_purges":0,"victory":false,"max_hp_per_floor":[75,75,75,75,75,75,75,75,75],"relic_stats":{"counters":[7,31],"obtain_stats":[{"blademaster:FuryEveryTurnPerk":6,"infinitespire:Golems Mask":0,"Ring of Chaos":0,"Garlic":3,"Unceasing Top":0,"replay:Trail_Library":0},{"blademaster:FuryEveryTurnPerk":5,"infinitespire:Golems Mask":0,"Ring of Chaos":0,"Garlic":2,"Unceasing Top":0,"replay:Trail_Library":0},{"blademaster:FuryEveryTurnPerk":20,"infinitespire:Golems Mask":0,"Ring of Chaos":0,"Garlic":6,"Unceasing Top":0,"replay:Trail_Library":0}],"Unceasing Top":[3]},"card_choices":[{"not_picked":["blademaster:AirSlash","blademaster:Havoc"],"picked":"blademaster:AspectOfWind","floor":1},{"not_picked":["blademaster:ChargingUp","blademaster:Gust"],"picked":"blademaster:FuriousStrike","floor":2},{"not_picked":["blademaster:Frontflip","blademaster:WindSlash"],"picked":"blademaster:SharpBlades","floor":4},{"not_picked":["blademaster:SlyStabs","blademaster:Flurry"],"picked":"blademaster:EyeOfTheStorm","floor":5},{"not_picked":["blademaster:Havoc","blademaster:Flurry"],"picked":"blademaster:ColdBlood","floor":6},{"not_picked":["blademaster:SlyStabs","blademaster:Stability"],"picked":"blademaster:CombatPrep","floor":7}],"player_experience":304487,"relics_obtained":[{"floor":6,"key":"blademaster:FuryEveryTurnPerk"}],"event_choices":[{"damage_healed":0,"gold_gain":0,"player_choice":"Gave Potion","damage_taken":0,"relics_obtained":["Garlic"],"max_hp_gain":0,"max_hp_loss":0,"event_name":"WeMeetAgain","floor":3,"gold_loss":0}],"is_beta":false,"boss_relics":[],"items_purged_floors":[],"is_endless":false,"potions_floor_spawned":[1,2,4],"killed_by":"Lagavulin","ascension_level":0}}