{"host":"avq773cl9g5msfol","time":1613755482,"event":{"mods":["100% Spire Juice","AchievementEnabler","Act Like it!","Ascension Unlocker","Aspiration","Astrologer","Bard","Bartender","BaseMod","Better Altar","Better Third Choice","BetterRewards","CapriCore","ChefMod","Colored Map","Colored Powertips","Conspire","Dio Mod","Downfall","Elementarium","Energized Spire","Extra Virgin Snecko Oil","Gensokyo","GifTheSpireLib","Hallownest","Hermit","Highlight Path","Hubris","Humility","Infinite Spire","Jorbs\u0027s Wanderer Trilogy","Koishi","Magitek Elite","Marisa????????","Marked Mod","Menagerie","Minty Spire (QoL Compilation)","Pale of the Ancients","Potionbrewer","Quarter Circle Forward PUNCH!","Rare Cards Sparkle","Reimu??????","Relic Stats","Reliquary","Remilia??????","Replay The Spire","Robot Space Explorer","SacredBarkPlus","Shade Mod","Shapeshifter Mod","Somnambulant","Spicy Shops","Spire Arcade","StSLib","The Administrix","The Blue Laboratory","The Bug Knight","The Construct","The Cursed","The Disciple","The Dragon Tamer","The Exalted","The Hayseed","The Hierophant","The Hydrologist","The Immortal","The Marked","The Mystic","The Problem Sleuth","The Runesmith","The Senshi","The Vixen","The Wild Card","TheFirefly","Wandering Minibosses","Wide Potions","vexMod"],"gold_per_floor":[4470,113,193,193,208,221,297,297,325,352,369,217,217,217,235,306,306,306,323,338,338,382,382,407,407,407,422,77,75,91,91,107,184,184,184,204,214,214,228,253,300,300,311,311,336,352,352,352,368,368,368],"floor_reached":50,"language":"ENG","playtime":2488,"items_purged":["Shade:CloudOfShrapnel+1","Shade:CommandSoldier+1","Shade:PoundOfFlesh+1","Shade:SelfBurial+1"],"score":1816,"play_id":"a8854ce4-c6c0-4340-9b73-f2e03e7355fd","local_time":"20210220002442","is_ascension_mode":true,"campfire_choices":[{"data":"Shade:AnimateDead","floor":1,"key":"SMITH"},{"data":"Shade:CarefulCut","floor":8,"key":"SMITH"},{"floor":18,"key":"DIG"},{"data":"infinitespire:SevenWalls","floor":23,"key":"SMITH"},{"data":"Shade:WallOfFlesh","floor":26,"key":"SMITH"},{"data":"Gensokyo:SpontaneousHumanCombustion","floor":35,"key":"SMITH"},{"data":"Shade:Excise","floor":44,"key":"SMITH"},{"data":"ReplayTheSpireMod:Echoes of Time","floor":47,"key":"SMITH"}],"circlet_count":0,"master_deck":["AscendersBane","Shade:AnimateDead+1","Shade:CarefulCut+1","Shade:CommandSoldier+1","Shade:AncientSpear+1","Shade:CloudOfShrapnel+1","Shade:RitualOffering+1","Shade:Carnophage+1","Shade:Bonestorm+1","Shade:Brains+1","expansioncontent:QuickStudy+1","Shade:AuraOfUnlife+1","Shade:FleshOffering+1","Shade:BoneShards+1","Shade:SkeletonHug+1","Shade:UnbarTheGrave+1","Shade:OpenGraves+1","Shade:PoundOfFlesh+1","Shade:GraveStillness+1","Shade:SkeletonArmy+1","Shade:FuneraryJewels+1","hubris:EnhanceAbility+1","Shade:SensePrey+1","Shade:FuneraryArmor+1","Shade:Premonition+1","Shade:WallOfFlesh+1","Injury","Shade:LoseControl+1","infinitespire:SevenWalls+1","ReplayTheSpireMod:Echoes of Time+1","stsjorbsmod:Amnesia","Gensokyo:SpontaneousHumanCombustion+1","Shade:DangerousRitual+1","Shade:Excise+1","Shade:LichForm+1","stsjorbsmod:Withering"],"relics":["Shade:YorickSkull","Golden Egg","Quantum Egg","aspiration:FetidBarrel","Du-Vu Doll","ClockworkSouvenir","ReplayTheSpireMod:TigerMarble","Ice Cream","OrangePellets","champ:DeflectingBracers","hubris:PeanutButter","Ribbon","Bromod:ArcaneTrickery","AntiCross","infinitespire:Bottled Soul","Pondfish Scales","Cursed Key","infinitespire:Satchel","Gensokyo:DirgeOfMelancholy","wanderingMiniBosses:ThiefScarf","HollowMod:JonisBlessing","vexMod:EndlessSickness","infinitespire:Beetle Shell","Slimebound:StickyStick","infinitespire:CheckeredPen","reliquary:BrokenClock","conspire:Flyswatter"],"acts_visited":["Gensokyo:Gensokyo","Gensokyo:Gensokyoer","TheBeyond"],"potions_floor_usage":[12,27,33,33,50,50,50,50,50],"damage_taken":[{"damage":0,"enemies":"Gensokyo:2_Kodama","floor":2,"turns":2},{"damage":0,"enemies":"Gensokyo:Gryphon","floor":5,"turns":2},{"damage":0,"enemies":"Gensokyo:3_Fairies","floor":6,"turns":3},{"damage":0,"enemies":"Gensokyo:Mamizou","floor":9,"turns":5},{"damage":0,"enemies":"Gensokyo:Cirno","floor":10,"turns":4},{"damage":0,"enemies":"Gensokyo:Gryphon_and_Rabbit","floor":11,"turns":2},{"damage":0,"enemies":"downfall:FleeingMerchant","floor":12,"turns":4},{"damage":0,"enemies":"Gensokyo:2_Rabbits","floor":15,"turns":2},{"damage":0,"enemies":"SI_SHIV_ARCHETYPE","floor":16,"turns":3},{"damage":0,"enemies":"Gensokyo:3_Dogs","floor":19,"turns":2},{"damage":0,"enemies":"Gensokyo:CosmicMonolith","floor":20,"turns":1},{"damage":0,"enemies":"Gensokyo:Swordslinger","floor":27,"turns":4},{"damage":0,"enemies":"Gensokyo:Slime_Group","floor":29,"turns":2},{"damage":0,"enemies":"Gensokyo:Monolith_and_Dog","floor":30,"turns":1},{"damage":0,"enemies":"Gensokyo:Chomper_and_Gloop","floor":32,"turns":2},{"damage":0,"enemies":"DF_ARCHETYPE_CLAW","floor":33,"turns":4},{"damage":0,"enemies":"3 Darklings","floor":36,"turns":2},{"damage":0,"enemies":"3 Shapes","floor":37,"turns":1},{"damage":0,"enemies":"Jaw Worm Horde","floor":39,"turns":2},{"damage":0,"enemies":"Reptomancer","floor":40,"turns":4},{"damage":0,"enemies":"Spire Growth","floor":43,"turns":3},{"damage":0,"enemies":"Nemesis","floor":45,"turns":4},{"damage":0,"enemies":"Maw","floor":46,"turns":3},{"damage":0,"enemies":"Jaw Worm Horde","floor":49,"turns":1},{"damage":55,"enemies":"IC_BLOCK_ARCHETYPE","floor":50,"turns":1}],"seed_played":"5250308734380397510","potions_obtained":[{"floor":5,"key":"blueLaboratory:BottledHope"},{"floor":16,"key":"blueLaboratory:RememoryPotion"},{"floor":27,"key":"bronze:BurnAndBuffPotion"},{"floor":37,"key":"SkillPotion"}],"is_trial":false,"path_per_floor":["R_BF","M","?","?","M","M","T","R","?","E","M","$","?","?","M","B",null,"R_BF","M","M","AVR","?","R","T","?","R","M","COS","M","M","?","M","B",null,"R","M","M","?","M","E","T","?","M","R","E","M","R","?","M","B"],"character_chosen":"SHADE","items_purchased":["aspiration:FetidBarrel","Shade:Bonestorm","Shade:Brains","expansioncontent:QuickStudy","Shade:PoundOfFlesh","Du-Vu Doll","blueLaboratory:SavagePotion","ClockworkSouvenir","Shade:AuraOfUnlife","Shade:FleshOffering","Shade:BoneShards","Shade:SkeletonHug","ReplayTheSpireMod:TigerMarble","Shade:UnbarTheGrave","Shade:OpenGraves","Shade:PoundOfFlesh","Shade:GraveStillness","Ice Cream","OrangePellets","Shade:SkeletonArmy","champ:DeflectingBracers","Shade:FuneraryJewels","Shade:SelfBurial","hubris:PeanutButter","hubris:EnhanceAbility","Shade:SensePrey","Shade:FuneraryArmor","Ribbon","Shade:Premonition","Bromod:ArcaneTrickery","infinitespire:Bottled Soul"],"campfire_rested":0,"item_purchase_floors":[0,0,0,0,0,0,0,0,0,0,0,0,0,0,0,0,0,0,0,0,0,0,0,0,0,0,0,0,0,0,12],"current_hp_per_floor":[50,50,50,53,53,53,53,53,53,53,53,53,53,53,53,53,55,55,55,55,55,55,55,55,55,55,55,55,55,55,55,55,55,55,55,55,55,55,55,55,55,55,55,55,55,55,55,55,55,0,0],"gold":368,"neow_bonus":"","is_daily":false,"chose_seed":false,"campfire_upgraded":7,"win_rate":0.0,"timestamp":1613755482,"path_taken":["R_BF","?","?","?","?","M","T","R","?","E","M","$","?","?","M","BOSS","R_BF","M","M","AVR","?","R","T","?","R","M","COS","M","M","?","M","BOSS","R","M","M","?","M","E","T","?","?","R","E","M","R","?","M","BOSS"],"items_purchased_type":["Relic","Card","Card","Card","Card","Relic","Potion","Relic","Card","Card","Card","Card","Relic","Card","Card","Card","Card","Relic","Relic","Card","Relic","Card","Card","Relic","Card","Card","Card","Relic","Card","Relic","Relic"],"build_version":"2020-12-22","purchased_purges":4,"victory":false,"max_hp_per_floor":[55,55,55,55,55,55,55,55,55,55,55,55,55,55,55,55,55,55,55,55,55,55,55,55,55,55,55,55,55,55,55,55,55,55,55,55,55,55,55,55,55,55,55,55,55,55,55,55,55,55,55],"relic_stats":{"OrangePellets":[7],"counters":[215,684],"Cursed Key":2,"obtain_stats":[{"construct:FoamFinger":8,"qcfpunch:Red_Beret":42,"theSenshi:SpiralHeartMoonRodRelic":22,"vexMod:RockOfEvil":34,"Replay:Wanted Poster":34,"Blood Vial":24,"vexMod:InvisibilityCloak":13,"conspire:GlowingRock":6,"Replay:Bronze Core":34,"Replay:Bottled Flurry":43,"qcfpunch:Red_Cyclone_Teachings":26,"aspiration:DSix":43,"Blue Candle":6,"potionbrewer:Torch":0,"qcfpunch:Broken_Tusk":46,"reliquary:BrokenClock":50,"Bromod:ArcaneFury":30,"Torii":12,"Bromod:ArcanePistoleer":35,"stsjorbsmod:AlchemistsFireRelic":0,"Mythril_Glove":38,"hubris:EmptyBottle":0,"infinitespire:Bottled Soul":27,"AntiCross":6,"hubris:CuriousFeather":0,"DemoMod:GnawedKey":0,"Chemical X":0,"wanderingMiniBosses:LockLocket":39,"Potion Belt":0,"Lee\u0027s Waffle":0,"Gensokyo:DirgeOfMelancholy":25,"hubris:64BitClover":9,"Guardian:GemstoneGun":0,"PreservedInsect":0,"infinitespire:Lucky Rock":6,"hubris:Towel":12,"Bromod:ArcaneDeflection":43,"hexamod:BolsterEngine":29,"Ice Cream":0,"Calipers":0,"Nilry\u0027s Codex":19,"ZunR:ReiMu":23,"DemoMod:GlassGuonStoneRelic":11,"DemoMod:RiddleOfLead":34,"Prayer Wheel":10,"Iron Hammer":43,"qcfpunch:Handcuffs":0,"Girya":9,"hubris:Teleporter":33,"Choco_Feather":8,"wanderingMiniBosses:MasterThiefsPresence":22,"stsjorbsmod:GrimoireRelic":0,"vexMod:PaidLearning":29,"hubris:Zylophone":45,"Du-Vu Doll":0,"OrangePellets":42,"hubris:PeanutButter":0,"Onion Ring":20,"infinitespire:EmpoweringShard":0,"reliquary:Knoch":32,"Mirror":40,"aspiration:HatOfInfinitePower":54,"Pocketwatch":0,"Hallownest:StagBellRelic1":4,"Juzu Bracelet":0,"Replay:Mystery Machine":13,"DemoMod:SevenLeafClover":0,"Dream Catcher":20,"Slimebound:StickyStick":41,"vexMod:FakeStar":33,"Hallownest:SalubrasBlessingRelic":10,"aspiration:RunicSpoon":0,"Replay:WaspNest":27,"vexMod:FocusSash":17,"Medical Kit":54,"Pondfish Scales":45,"vexMod:BarristanHead":26,"infinitespire:Satchel":18,"Bag of Marbles":40,"Membership Card":0,"vexMod:FutureSight":31,"potionbrewer:Keyblade":21,"DemoMod:RingOfEthereal":26,"potionbrewer:SlideRule":45,"DemoMod:VorpalBullet":24,"FossilizedHelix":0,"RuthlessExorcism:ReiMu":0,"Golden Egg":0,"infinitespire:BottledMercury":43,"vexMod:MemoryStick":37,"Bromod:ArcaneNullifier":26,"wanderingMiniBosses:OtherGremlinHorn":31,"Bottled Tornado":0,"FrozenCore":17,"DemoMod:SuperHotWatch":27,"Replay:Ringing Soul":26,"vexMod:CardConverter":30,"Ribbon":0,"vexMod:EndlessSickness":34,"DemoMod:MeltedRock":14,"infinitespire:Golems Mask":45,"Kunai":43,"champ:Barbells":46,"construct:RocketBooster":24,"Counterbalance":17,"HollowMod:JonisBlessing":54,"Guardian:PocketSentry":11,"Replay:Ancient Bell":17,"reliquary:WeakTea":32,"aspiration:FrozenJewel":0,"SlaversCollar":50,"Elementarium:ElementariumTrophy":33,"Pandora\u0027s Box":0,"energizedSpire:MagnifyingGlass":48,"DemoMod:ResourcefulSack":26,"infinitespire:Cupcake":34,"conspire:Flyswatter":50,"Lantern":0,"astrologer:Telescope":41,"Bromod:ArcaneVictory":42,"StoneCalendar":40,"wanderingMiniBosses:AbyssPearl":18,"White_Cape":0,"Power_Wrist":6,"Cursed Key":17,"qcfpunch:Crimson_Sash":4,"hubris:EvacipatedBox":21,"vexMod:ThrowingStar":0,"Replay:Rubber Ducky":0,"Bromod:ArcaneAwakening":18,"Matryoshka":17,"WingedGreaves":2,"hubris:FunFungus":40,"construct:ClawGrip":34,"DemoMod:WeirdEgg":23,"Thread and Needle":44,"champ:DeflectingBracers":0,"Protect_Vest":49,"Omamori":36,"infinitespire:CheckeredPen":6,"Bromod:ArcaneMomentum":40,"PureWhite:ReiMu":26,"CrazyTorch:ReiMu":8,"Elementarium:FlickeringLantern":25,"DemoMod:GreenGuonStone":0,"hubris:CrystalStatue":0,"Menagerie:HuntersKnife":5,"Vajra":0,"Tea:ReiMu":39,"reliquary:QuartzCube":40,"Lizard Tail":0,"Replay:Frozen Program":0,"HornCleat":0,"aspiration:MobileForge":22,"theSenshi:SailorFukuRelic":48,"vexMod:RetaliationKit":31,"qcfpunch:Chain_With_Nametags":33,"conspire:Dentures":40,"vexMod:MegatonBomb":45,"Happy Flower":0,"wanderingMiniBosses:ThiefScarf":30,"Oddly Smooth Stone":28,"infinitespire:Beetle Shell":23,"aspiration:SeaSaltIceCream":4,"Replay:Kaleidoscope":0,"War Paint":29,"Bottled Flame":13,"Replay:Baseball":26,"ReplayTheSpireMod:Shallot":4,"energizedSpire:NeverEndingSparkler":17,"Shuriken":36,"ReplayTheSpireMod:TigerMarble":9,"Black Star":46,"hermit:Momento":0,"conspire:IceCreamScoop":56,"Meat on the Bone":49,"Darkstone Periapt":31,"ReplayFunnel":10,"theSenshi:SuperSailorFukuRelic":0,"Snecko Heart":45,"Shade:YorickSkull":0,"Angel_Ring":29,"conspire:SpecialSausage":3,"Hallownest:DreamNailRelic":3,"hubris:SlimyHat":6,"ClockworkSouvenir":0,"Frozen Eye":29,"Replay:Bandana":21,"Mummified Hand":0,"Bromod:ArcaneTrickery":47,"Bromod:ArcaneTempo":47,"Genji_Glove":38,"astrologer:SkyMirror":0,"qcfpunch:Wrestler\u0027s_Cloak":45,"Cracked Core":0,"ReplayTheSpireMod:Ninjato":3,"Replay:Towering Pillar of Hats":40,"infinitespire:CursedDice":43,"aspiration:FetidBarrel":0,"Quantum Egg":2,"aspiration:SecretTechniqueScroll":17,"White Beast Statue":10,"Anchor":51,"infinitespire:WardingShard":6,"Pendant":0,"vexMod:HeadHunter":0,"LetterFromLob":1,"Coffee Dripper":34,"Guard_Bracelet":44,"TungstenRod":9},{"construct:FoamFinger":116,"qcfpunch:Red_Beret":158,"theSenshi:SpiralHeartMoonRodRelic":123,"vexMod:RockOfEvil":36,"Replay:Wanted Poster":17,"Blood Vial":177,"vexMod:InvisibilityCloak":119,"conspire:GlowingRock":2,"Replay:Bronze Core":153,"Replay:Bottled Flurry":106,"qcfpunch:Red_Cyclone_Teachings":32,"aspiration:DSix":184,"Blue Candle":88,"potionbrewer:Torch":138,"qcfpunch:Broken_Tusk":40,"reliquary:BrokenClock":214,"Bromod:ArcaneFury":151,"Torii":92,"Bromod:ArcanePistoleer":129,"stsjorbsmod:AlchemistsFireRelic":138,"Mythril_Glove":19,"hubris:EmptyBottle":24,"infinitespire:Bottled Soul":99,"AntiCross":2,"hubris:CuriousFeather":24,"DemoMod:GnawedKey":43,"Chemical X":84,"wanderingMiniBosses:LockLocket":104,"Potion Belt":43,"Lee\u0027s Waffle":43,"Gensokyo:DirgeOfMelancholy":201,"hubris:64BitClover":53,"Guardian:GemstoneGun":43,"PreservedInsect":24,"infinitespire:Lucky Rock":52,"hubris:Towel":144,"Bromod:ArcaneDeflection":134,"hexamod:BolsterEngine":202,"Ice Cream":111,"Calipers":111,"Nilry\u0027s Codex":176,"ZunR:ReiMu":123,"DemoMod:GlassGuonStoneRelic":4,"DemoMod:RiddleOfLead":101,"Prayer Wheel":59,"Iron Hammer":210,"qcfpunch:Handcuffs":111,"Girya":3,"hubris:Teleporter":128,"Choco_Feather":3,"wanderingMiniBosses:MasterThiefsPresence":10,"stsjorbsmod:GrimoireRelic":138,"vexMod:PaidLearning":100,"hubris:Zylophone":107,"Du-Vu Doll":190,"OrangePellets":39,"hubris:PeanutButter":53,"Onion Ring":147,"infinitespire:EmpoweringShard":84,"reliquary:Knoch":204,"Mirror":39,"aspiration:HatOfInfinitePower":164,"Pocketwatch":166,"Hallownest:StagBellRelic1":141,"Juzu Bracelet":0,"Replay:Mystery Machine":28,"DemoMod:SevenLeafClover":0,"Dream Catcher":64,"Slimebound:StickyStick":210,"vexMod:FakeStar":128,"Hallownest:SalubrasBlessingRelic":3,"aspiration:RunicSpoon":0,"Replay:WaspNest":125,"vexMod:FocusSash":121,"Medical Kit":82,"Pondfish Scales":107,"vexMod:BarristanHead":98,"infinitespire:Satchel":199,"Bag of Marbles":184,"Membership Card":24,"vexMod:FutureSight":127,"potionbrewer:Keyblade":96,"DemoMod:RingOfEthereal":124,"potionbrewer:SlideRule":134,"DemoMod:VorpalBullet":11,"FossilizedHelix":138,"RuthlessExorcism:ReiMu":53,"Golden Egg":0,"infinitespire:BottledMercury":21,"vexMod:MemoryStick":207,"Bromod:ArcaneNullifier":124,"wanderingMiniBosses:OtherGremlinHorn":35,"Bottled Tornado":111,"FrozenCore":62,"DemoMod:SuperHotWatch":67,"Replay:Ringing Soul":11,"vexMod:CardConverter":203,"Ribbon":190,"vexMod:EndlessSickness":206,"DemoMod:MeltedRock":29,"infinitespire:Golems Mask":134,"Kunai":77,"champ:Barbells":212,"construct:RocketBooster":32,"Counterbalance":121,"HollowMod:JonisBlessing":82,"Guardian:PocketSentry":27,"Replay:Ancient Bell":121,"reliquary:WeakTea":204,"aspiration:FrozenJewel":43,"SlaversCollar":136,"Elementarium:ElementariumTrophy":36,"Pandora\u0027s Box":24,"energizedSpire:MagnifyingGlass":136,"DemoMod:ResourcefulSack":124,"infinitespire:Cupcake":180,"conspire:Flyswatter":214,"Lantern":43,"astrologer:Telescope":132,"Bromod:ArcaneVictory":133,"StoneCalendar":20,"wanderingMiniBosses:AbyssPearl":63,"White_Cape":43,"Power_Wrist":142,"Cursed Key":199,"qcfpunch:Crimson_Sash":25,"hubris:EvacipatedBox":96,"vexMod:ThrowingStar":111,"Replay:Rubber Ducky":53,"Bromod:ArcaneAwakening":176,"Matryoshka":121,"WingedGreaves":25,"hubris:FunFungus":105,"construct:ClawGrip":129,"DemoMod:WeirdEgg":66,"Thread and Needle":158,"champ:DeflectingBracers":190,"Protect_Vest":41,"Omamori":206,"infinitespire:CheckeredPen":26,"Bromod:ArcaneMomentum":209,"PureWhite:ReiMu":11,"CrazyTorch:ReiMu":90,"Elementarium:FlickeringLantern":66,"DemoMod:GreenGuonStone":43,"hubris:CrystalStatue":43,"Menagerie:HuntersKnife":45,"Vajra":111,"Tea:ReiMu":208,"reliquary:QuartzCube":209,"Lizard Tail":53,"Replay:Frozen Program":53,"HornCleat":53,"aspiration:MobileForge":123,"theSenshi:SailorFukuRelic":109,"vexMod:RetaliationKit":16,"qcfpunch:Chain_With_Nametags":205,"conspire:Dentures":156,"vexMod:MegatonBomb":211,"Happy Flower":53,"wanderingMiniBosses:ThiefScarf":127,"Oddly Smooth Stone":33,"infinitespire:Beetle Shell":148,"aspiration:SeaSaltIceCream":25,"Replay:Kaleidoscope":84,"War Paint":14,"Bottled Flame":28,"Replay:Baseball":177,"ReplayTheSpireMod:Shallot":25,"energizedSpire:NeverEndingSparkler":94,"Shuriken":206,"ReplayTheSpireMod:TigerMarble":26,"Black Star":212,"hermit:Momento":0,"conspire:IceCreamScoop":84,"Meat on the Bone":213,"Darkstone Periapt":127,"ReplayFunnel":144,"theSenshi:SuperSailorFukuRelic":53,"Snecko Heart":211,"Shade:YorickSkull":166,"Angel_Ring":202,"conspire:SpecialSausage":50,"Hallownest:DreamNailRelic":1,"hubris:SlimyHat":57,"ClockworkSouvenir":24,"Frozen Eye":13,"Replay:Bandana":176,"Mummified Hand":111,"Bromod:ArcaneTrickery":135,"Bromod:ArcaneTempo":135,"Genji_Glove":131,"astrologer:SkyMirror":111,"qcfpunch:Wrestler\u0027s_Cloak":186,"Cracked Core":43,"ReplayTheSpireMod:Ninjato":50,"Replay:Towering Pillar of Hats":75,"infinitespire:CursedDice":21,"aspiration:FetidBarrel":111,"Quantum Egg":1,"aspiration:SecretTechniqueScroll":6,"White Beast Statue":59,"Anchor":137,"infinitespire:WardingShard":46,"Pendant":84,"vexMod:HeadHunter":0,"LetterFromLob":44,"Coffee Dripper":71,"Guard_Bracelet":78,"TungstenRod":116},{"construct:FoamFinger":407,"qcfpunch:Red_Beret":515,"theSenshi:SpiralHeartMoonRodRelic":423,"vexMod:RockOfEvil":123,"Replay:Wanted Poster":52,"Blood Vial":569,"vexMod:InvisibilityCloak":413,"conspire:GlowingRock":6,"Replay:Bronze Core":502,"Replay:Bottled Flurry":372,"qcfpunch:Red_Cyclone_Teachings":104,"aspiration:DSix":594,"Blue Candle":310,"potionbrewer:Torch":467,"qcfpunch:Broken_Tusk":130,"reliquary:BrokenClock":683,"Bromod:ArcaneFury":497,"Torii":322,"Bromod:ArcanePistoleer":439,"stsjorbsmod:AlchemistsFireRelic":467,"Mythril_Glove":60,"hubris:EmptyBottle":83,"infinitespire:Bottled Soul":345,"AntiCross":6,"hubris:CuriousFeather":83,"DemoMod:GnawedKey":147,"Chemical X":297,"wanderingMiniBosses:LockLocket":366,"Potion Belt":147,"Lee\u0027s Waffle":147,"Gensokyo:DirgeOfMelancholy":650,"hubris:64BitClover":171,"Guardian:GemstoneGun":147,"PreservedInsect":83,"infinitespire:Lucky Rock":169,"hubris:Towel":480,"Bromod:ArcaneDeflection":453,"hexamod:BolsterEngine":654,"Ice Cream":396,"Calipers":396,"Nilry\u0027s Codex":566,"ZunR:ReiMu":423,"DemoMod:GlassGuonStoneRelic":10,"DemoMod:RiddleOfLead":357,"Prayer Wheel":191,"Iron Hammer":672,"qcfpunch:Handcuffs":396,"Girya":9,"hubris:Teleporter":435,"Choco_Feather":9,"wanderingMiniBosses:MasterThiefsPresence":29,"stsjorbsmod:GrimoireRelic":467,"vexMod:PaidLearning":350,"hubris:Zylophone":376,"Du-Vu Doll":621,"OrangePellets":127,"hubris:PeanutButter":171,"Onion Ring":488,"infinitespire:EmpoweringShard":297,"reliquary:Knoch":657,"Mirror":127,"aspiration:HatOfInfinitePower":529,"Pocketwatch":538,"Hallownest:StagBellRelic1":472,"Juzu Bracelet":0,"Replay:Mystery Machine":92,"DemoMod:SevenLeafClover":0,"Dream Catcher":209,"Slimebound:StickyStick":672,"vexMod:FakeStar":435,"Hallownest:SalubrasBlessingRelic":9,"aspiration:RunicSpoon":0,"Replay:WaspNest":428,"vexMod:FocusSash":419,"Medical Kit":279,"Pondfish Scales":376,"vexMod:BarristanHead":343,"infinitespire:Satchel":647,"Bag of Marbles":594,"Membership Card":83,"vexMod:FutureSight":433,"potionbrewer:Keyblade":338,"DemoMod:RingOfEthereal":425,"potionbrewer:SlideRule":453,"DemoMod:VorpalBullet":34,"FossilizedHelix":467,"RuthlessExorcism:ReiMu":171,"Golden Egg":0,"infinitespire:BottledMercury":74,"vexMod:MemoryStick":665,"Bromod:ArcaneNullifier":425,"wanderingMiniBosses:OtherGremlinHorn":115,"Bottled Tornado":396,"FrozenCore":201,"DemoMod:SuperHotWatch":219,"Replay:Ringing Soul":34,"vexMod:CardConverter":656,"Ribbon":621,"vexMod:EndlessSickness":663,"DemoMod:MeltedRock":94,"infinitespire:Golems Mask":453,"Kunai":257,"champ:Barbells":679,"construct:RocketBooster":104,"Counterbalance":419,"HollowMod:JonisBlessing":279,"Guardian:PocketSentry":89,"Replay:Ancient Bell":419,"reliquary:WeakTea":657,"aspiration:FrozenJewel":147,"SlaversCollar":460,"Elementarium:ElementariumTrophy":123,"Pandora\u0027s Box":83,"energizedSpire:MagnifyingGlass":460,"DemoMod:ResourcefulSack":425,"infinitespire:Cupcake":580,"conspire:Flyswatter":683,"Lantern":147,"astrologer:Telescope":446,"Bromod:ArcaneVictory":449,"StoneCalendar":71,"wanderingMiniBosses:AbyssPearl":205,"White_Cape":147,"Power_Wrist":474,"Cursed Key":647,"qcfpunch:Crimson_Sash":85,"hubris:EvacipatedBox":338,"vexMod:ThrowingStar":396,"Replay:Rubber Ducky":171,"Bromod:ArcaneAwakening":566,"Matryoshka":419,"WingedGreaves":85,"hubris:FunFungus":369,"construct:ClawGrip":439,"DemoMod:WeirdEgg":215,"Thread and Needle":515,"champ:DeflectingBracers":621,"Protect_Vest":131,"Omamori":663,"infinitespire:CheckeredPen":87,"Bromod:ArcaneMomentum":668,"PureWhite:ReiMu":34,"CrazyTorch:ReiMu":318,"Elementarium:FlickeringLantern":215,"DemoMod:GreenGuonStone":147,"hubris:CrystalStatue":147,"Menagerie:HuntersKnife":152,"Vajra":396,"Tea:ReiMu":666,"reliquary:QuartzCube":668,"Lizard Tail":171,"Replay:Frozen Program":171,"HornCleat":171,"aspiration:MobileForge":423,"theSenshi:SailorFukuRelic":388,"vexMod:RetaliationKit":45,"qcfpunch:Chain_With_Nametags":659,"conspire:Dentures":508,"vexMod:MegatonBomb":675,"Happy Flower":171,"wanderingMiniBosses:ThiefScarf":433,"Oddly Smooth Stone":107,"infinitespire:Beetle Shell":490,"aspiration:SeaSaltIceCream":85,"Replay:Kaleidoscope":297,"War Paint":39,"Bottled Flame":92,"Replay:Baseball":569,"ReplayTheSpireMod:Shallot":85,"energizedSpire:NeverEndingSparkler":332,"Shuriken":663,"ReplayTheSpireMod:TigerMarble":87,"Black Star":679,"hermit:Momento":0,"conspire:IceCreamScoop":286,"Meat on the Bone":682,"Darkstone Periapt":433,"ReplayFunnel":480,"theSenshi:SuperSailorFukuRelic":171,"Snecko Heart":675,"Shade:YorickSkull":538,"Angel_Ring":654,"conspire:SpecialSausage":167,"Hallownest:DreamNailRelic":1,"hubris:SlimyHat":184,"ClockworkSouvenir":83,"Frozen Eye":37,"Replay:Bandana":566,"Mummified Hand":396,"Bromod:ArcaneTrickery":457,"Bromod:ArcaneTempo":457,"Genji_Glove":443,"astrologer:SkyMirror":396,"qcfpunch:Wrestler\u0027s_Cloak":599,"Cracked Core":147,"ReplayTheSpireMod:Ninjato":167,"Replay:Towering Pillar of Hats":251,"infinitespire:CursedDice":74,"aspiration:FetidBarrel":396,"Quantum Egg":1,"aspiration:SecretTechniqueScroll":16,"White Beast Statue":192,"Anchor":464,"infinitespire:WardingShard":157,"Pendant":297,"vexMod:HeadHunter":0,"LetterFromLob":150,"Coffee Dripper":237,"Guard_Bracelet":260,"TungstenRod":407}]},"card_choices":[{"not_picked":["Shade:Trample","Shade:AuraOfUnlife","Shade:Asphyxiate"],"picked":"SKIP","floor":2},{"not_picked":["Shade:Frenzy","Shade:CommandSoldier","Shade:FleshOffering"],"picked":"SKIP","floor":5},{"not_picked":["Shade:Frenzy","Shade:CommandSoldier","Shade:FleshOffering"],"picked":"SKIP","floor":5},{"not_picked":["Shade:PressTheAttack","Shade:PotionOfRestlessness","Shade:ClawBack"],"picked":"SKIP","floor":6},{"not_picked":["Shade:Patience","Shade:GreyBargain","Shade:Awaken"],"picked":"SKIP","floor":9},{"not_picked":["Shade:CommandSoldier","Shade:SpontaneousRitual","Shade:ScuttlingHand"],"picked":"SKIP","floor":10},{"not_picked":["Shade:SkeletonHug","Shade:Premonition"],"picked":"Shade:WallOfFlesh","floor":11},{"not_picked":["Shade:Awaken","Shade:OpenGraves","Shade:SensePrey"],"picked":"SKIP","floor":12},{"not_picked":["Shade:CommandSoldier","Shade:BoneShards","Shade:FuneraryJewels"],"picked":"SKIP","floor":15},{"not_picked":["Shade:SoulPierce","Shade:MadHubris"],"picked":"Shade:LoseControl","floor":16},{"not_picked":["Shade:OpenGraves+1","Shade:AncientSpear","Shade:CoffinDance"],"picked":"SKIP","floor":19},{"not_picked":["Shade:WallOfFlesh+1","Shade:FingerOfDeath","Shade:GreyBargain"],"picked":"SKIP","floor":20},{"not_picked":["Shade:Frenzy","Shade:FleshToFlesh","Shade:TouchOfTheGrave"],"picked":"SKIP","floor":27},{"not_picked":["Shade:BoneShards","Shade:FleshToFlesh"],"picked":"Shade:DangerousRitual+1","floor":29},{"not_picked":["Shade:Awaken+1","Shade:Trample","Shade:AncientSpear"],"picked":"SKIP","floor":30},{"not_picked":["Shade:FingerOfDeath","Shade:FleshToFlesh"],"picked":"Shade:Excise","floor":32},{"not_picked":["Shade:OneIsEnough","Shade:LoseControl"],"picked":"Shade:LichForm","floor":33},{"not_picked":["Shade:Excise+1","Shade:SanguineRitual","Shade:RavenousHorde"],"picked":"SKIP","floor":36},{"not_picked":["Shade:CommandSoldier","Shade:SpontaneousRitual","Shade:AncientSpear"],"picked":"SKIP","floor":37},{"not_picked":["Shade:SkeletonHug","Shade:Brains","Shade:TouchOfTheGrave+1"],"picked":"SKIP","floor":39},{"not_picked":["Shade:WallOfFlesh+1","Shade:Trample+1","Shade:Asphyxiate+1"],"picked":"SKIP","floor":40},{"not_picked":["Shade:UnbarTheGrave","Shade:FingerOfDeath","Shade:RavenousHorde"],"picked":"SKIP","floor":43},{"not_picked":["Shade:CoffinDance","Shade:FingerOfDeath+1","Shade:ExtraLimbs"],"picked":"SKIP","floor":45},{"not_picked":["Shade:Brains","Shade:ExtraLimbs","Shade:Bonestorm"],"picked":"SKIP","floor":46},{"not_picked":["Shade:PressTheAttack","Shade:SanguineRitual","Shade:BoneShards"],"picked":"SKIP","floor":49}],"player_experience":1474884,"relics_obtained":[{"floor":9,"key":"AntiCross"},{"floor":18,"key":"infinitespire:Satchel"},{"floor":27,"key":"wanderingMiniBosses:ThiefScarf"},{"floor":40,"key":"infinitespire:Beetle Shell"},{"floor":41,"key":"Slimebound:StickyStick"},{"floor":45,"key":"infinitespire:CheckeredPen"}],"event_choices":[{"damage_healed":0,"gold_gain":44,"player_choice":"Grab what you can","damage_taken":0,"max_hp_gain":0,"max_hp_loss":0,"event_name":"Creature of the Night","floor":22,"gold_loss":0}],"is_beta":false,"boss_relics":[{"not_picked":["ReplayTheSpireMod:DimensionalGlitch","Bromod:ArcaneBarrier"],"picked":"Cursed Key"},{"not_picked":["expansioncontent:StudyCardRelic","Astrolabe"],"picked":"vexMod:EndlessSickness"}],"items_purged_floors":[0,0,0,0],"is_endless":false,"potions_floor_spawned":[5,9,10,16,27,29,37,40,43,45,46],"killed_by":"IC_BLOCK_ARCHETYPE","ascension_level":19,"is_humility":true}}