{"host":"8kqih82z00stt9q9","time":1613766219,"event":{"mods":["BaseMod","Bestiary","Hermit","Marisa（F雨　魔理沙）","Minty Spire (QoL Compilation)","Reliquary","Replay The Spire","Robot Space Explorer","SOS（斯巴达之子）","StSLib","The Bug Knight","The Cursed","The Hierophant","【功能Mod】聪明的最终Boss","【遗物卡牌】REMEMod"],"gold_per_floor":[117,134,134,152,171,207,282,305,305,305,332,355,402,441,441,441,441],"floor_reached":16,"language":"ZHS","playtime":1295,"items_purged":[],"score":116,"play_id":"75f4ae21-b0ac-4484-bfa2-07752474528b","local_time":"20210220042339","is_ascension_mode":false,"campfire_choices":[{"floor":10.0,"key":"REST"},{"floor":15.0,"key":"REST"}],"circlet_count":0,"master_deck":["hierophant:Strike_Hierophant","hierophant:Strike_Hierophant","hierophant:Strike_Hierophant","hierophant:Punish","hierophant:Defend_Hierophant","hierophant:Defend_Hierophant","hierophant:Defend_Hierophant","hierophant:Defend_Hierophant","hierophant:ChurchCoffers","hierophant:FieryStrike","hierophant:FieryStrike","hierophant:DisplayOfPower","hierophant:Doubloon","hierophant:CursedGold","hierophant:Alms","hierophant:OrnateBuckler","hierophant:Patience","hierophant:SealAway","hierophant:Doubloon","hierophant:Refuge","hierophant:FlamingChariot","hierophant:Cornucopia"],"relics":["hierophant:PropheticMaskRelic","REME_ComplimentaryCards","Iron Hammer","Happy Flower"],"acts_visited":["Exordium"],"potions_floor_usage":[],"damage_taken":[{"damage":5.0,"enemies":"Small Slimes","floor":1.0,"turns":4.0},{"damage":0.0,"enemies":"2 Louse","floor":2.0,"turns":4.0},{"damage":1.0,"enemies":"Cultist","floor":4.0,"turns":3.0},{"damage":1.0,"enemies":"Lots of Slimes","floor":5.0,"turns":3.0},{"damage":46.0,"enemies":"Lagavulin","floor":6.0,"turns":9.0},{"damage":5.0,"enemies":"Red Slaver","floor":8.0,"turns":3.0},{"damage":5.0,"enemies":"Looter","floor":11.0,"turns":3.0},{"damage":1.0,"enemies":"2 Fungi Beasts","floor":12.0,"turns":3.0},{"damage":6.0,"enemies":"Gremlin Nob","floor":13.0,"turns":5.0},{"damage":8.0,"enemies":"Large Slime","floor":14.0,"turns":4.0},{"damage":45,"enemies":"Slime Boss","floor":16,"turns":11}],"seed_played":"124411406747106617","potions_obtained":[{"floor":2.0,"key":"SkillPotion"},{"floor":6.0,"key":"LifebloodPotion"},{"floor":11.0,"key":"Elixir"},{"floor":14.0,"key":"DuplicationPotion"}],"is_trial":false,"path_per_floor":["M","M","?","M","M","E","?","M","T","R","M","M","E","M","R","B"],"character_chosen":"HIEROPHANT","items_purchased":[],"campfire_rested":2,"item_purchase_floors":[],"current_hp_per_floor":[77,77,77,76,75,29,21,16,16,40,35,34,28,20,44,0,0],"gold":441,"neow_bonus":"TEN_PERCENT_HP_BONUS","is_daily":false,"chose_seed":false,"campfire_upgraded":0,"win_rate":0.0,"timestamp":1613766219,"path_taken":["M","M","?","M","M","E","?","?","T","R","M","M","E","M","R","BOSS"],"items_purchased_type":[],"build_version":"2020-12-22","purchased_purges":0,"victory":false,"max_hp_per_floor":[82,82,82,82,82,82,82,82,82,82,82,82,82,82,82,82,82],"card_choices":[{"not_picked":["hierophant:RepressedViolence","hierophant:Upheaval"],"picked":"hierophant:FieryStrike","floor":1.0},{"not_picked":["hierophant:Encroach","hierophant:OrnateJavelin"],"picked":"hierophant:FieryStrike","floor":2.0},{"not_picked":["hierophant:Patience","hierophant:Generosity"],"picked":"hierophant:CursedGold","floor":4.0},{"not_picked":["hierophant:Encroach","hierophant:FlamingChariot"],"picked":"hierophant:Alms","floor":5.0},{"not_picked":["hierophant:Prophecy","hierophant:EyeForCoin"],"picked":"hierophant:OrnateBuckler","floor":6.0},{"not_picked":["hierophant:RustyCrate","hierophant:MorningPrayer"],"picked":"hierophant:Patience","floor":8.0},{"not_picked":["hierophant:Bribe","hierophant:Cornucopia"],"picked":"hierophant:SealAway","floor":11.0},{"not_picked":["hierophant:HammerAndAnvil","hierophant:AuricShield"],"picked":"hierophant:Refuge","floor":12.0},{"not_picked":["hierophant:AuricBeam","hierophant:Doubloon"],"picked":"hierophant:FlamingChariot","floor":13.0},{"not_picked":["hierophant:Shelter","hierophant:Purify"],"picked":"hierophant:Cornucopia","floor":14.0}],"player_experience":16807,"relics_obtained":[{"floor":6.0,"key":"Iron Hammer"},{"floor":13.0,"key":"Happy Flower"}],"event_choices":[{"damage_healed":0.0,"max_hp_gain":0.0,"max_hp_loss":0.0,"gold_gain":0.0,"cards_transformed":["hierophant:Strike_Hierophant"],"event_name":"Living Wall","player_choice":"Change","floor":3.0,"gold_loss":0.0,"damage_taken":0.0,"cards_obtained":["hierophant:DisplayOfPower"]},{"damage_healed":0.0,"max_hp_gain":0.0,"max_hp_loss":0.0,"gold_gain":75.0,"event_name":"FaceTrader","player_choice":"Touch","floor":7.0,"gold_loss":0.0,"damage_taken":8.0}],"is_beta":false,"boss_relics":[],"items_purged_floors":[],"is_endless":false,"potions_floor_spawned":[2,6,11,14],"killed_by":"Slime Boss","ascension_level":0}}