{"host":"vyrim7c8c6ucsmzk","time":1613776374,"event":{"mods":["BaseMod","Colored Map","Downfall","Minty Spire (QoL Compilation)","StSLib"],"gold_per_floor":[99,110,120,138,150,135,135,148,62,162,173,206,145,161,177,279,279,179,189,207,219,204,204,204],"floor_reached":22,"language":"ENG","playtime":2116,"items_purged":[],"score":202,"play_id":"9caa7ea7-d5d5-4fae-8f46-21d95135fe2d","local_time":"20210219181254","is_ascension_mode":true,"campfire_choices":[{"data":"champ:Taunt","floor":1.0,"key":"SMITH"},{"floor":18,"key":"RECALL"}],"circlet_count":0,"master_deck":["champ:Strike","champ:Strike","champ:Strike","champ:Strike","champ:Defend","champ:Defend","champ:Defend","champ:Defend","champ:Execute","champ:Taunt+1","champ:SteelEdge","champ:SwordSigil","champ:BringItOn","champ:AdrenalArmor","champ:ShieldWall","champ:HeartStrike","champ:Haymaker","champ:LastStand","champ:BerserkersShout","champ:CheapShot","champ:Backstep"],"relics":["champ:ChampionCrown","Bag of Marbles","Sozu","downfall:HeartBlessingGreen"],"acts_visited":["Exordium","TheCity"],"potions_floor_usage":[19],"damage_taken":[{"damage":6.0,"enemies":"Cultist","floor":2.0,"turns":3.0},{"damage":2.0,"enemies":"2 Louse","floor":3.0,"turns":2.0},{"damage":2.0,"enemies":"Small Slimes","floor":4.0,"turns":5.0},{"damage":21.0,"enemies":"2 Fungi Beasts","floor":5.0,"turns":4.0},{"damage":20.0,"enemies":"downfall:FleeingMerchant","floor":6.0,"turns":4.0},{"damage":0.0,"enemies":"Red Slaver","floor":8.0,"turns":3.0},{"damage":38.0,"enemies":"downfall:FleeingMerchant","floor":9.0,"turns":4.0},{"damage":37.0,"enemies":"Large Slime","floor":11.0,"turns":5.0},{"damage":8.0,"enemies":"Lagavulin","floor":12.0,"turns":7.0},{"damage":20.0,"enemies":"downfall:FleeingMerchant","floor":13.0,"turns":4.0},{"damage":15.0,"enemies":"3 Louse","floor":14.0,"turns":4.0},{"damage":12.0,"enemies":"Blue Slaver","floor":15.0,"turns":3.0},{"damage":56.0,"enemies":"SI_SHIV_ARCHETYPE","floor":16.0,"turns":6.0},{"damage":47,"enemies":"Spheric Guardian","floor":19,"turns":7},{"damage":59,"enemies":"downfall:LooterAlt2","floor":20,"turns":6},{"damage":69,"enemies":"Cultist and Chosen","floor":21,"turns":9},{"damage":37,"enemies":"downfall:FleeingMerchant","floor":22,"turns":5}],"seed_played":"4677685612668846416","potions_obtained":[{"floor":3.0,"key":"Swift Potion"},{"floor":4.0,"key":"Guardian:BlockOnCardUsePotion"},{"floor":8.0,"key":"Strength Potion"},{"floor":11.0,"key":"PowerPotion"},{"floor":14.0,"key":"Dexterity Potion"}],"is_trial":false,"path_per_floor":["R","M","M","M","M","$","T","M","$","?","M","E","$","M","M","B",null,"R","M","M","M","$"],"character_chosen":"THE_CHAMP","items_purchased":["champ:HeartStrike","champ:BerserkersShout"],"campfire_rested":0,"item_purchase_floors":[9,13],"current_hp_per_floor":[90,84,82,80,79,79,79,79,76,76,74,66,46,46,44,23,90,90,78,59,40,33,33,33],"gold":204,"neow_bonus":"ONE_RANDOM_RARE_CARD","is_daily":false,"chose_seed":false,"campfire_upgraded":1,"win_rate":0.0,"timestamp":1613776374,"path_taken":["R","M","M","?","?","$","T","M","$","?","?","E","$","M","M","BOSS","R","M","M","M","$"],"items_purchased_type":["Card","Card"],"build_version":"2020-12-22","purchased_purges":0,"victory":false,"max_hp_per_floor":[90,90,90,90,90,90,90,90,90,90,90,90,90,90,90,90,90,90,90,90,90,90,90,90],"card_choices":[{"not_picked":["champ:Parry","champ:BerserkersShout","champ:Circumvent"],"picked":"SKIP","floor":2.0},{"not_picked":["champ:PerfectedStrike","champ:EndlessRage"],"picked":"champ:SwordSigil","floor":3.0},{"not_picked":["champ:PreciseThrust","champ:Duel"],"picked":"champ:BringItOn","floor":4.0},{"not_picked":["champ:EnragedBash","champ:CrookedStrike"],"picked":"champ:AdrenalArmor","floor":5.0},{"not_picked":["champ:GutPunch","champ:FanOfKnives"],"picked":"champ:ShieldWall","floor":6.0},{"not_picked":["champ:ShieldWall","champ:DefensiveShout","champ:BringItOn"],"picked":"SKIP","floor":8.0},{"not_picked":["champ:RageSigil","champ:PerfectedStrike","champ:DefensiveShout"],"picked":"SKIP","floor":9.0},{"not_picked":["champ:CalledShot","champ:BerserkersShout"],"picked":"champ:Haymaker","floor":11.0},{"not_picked":["champ:BringItOn","champ:BerserkerStyle"],"picked":"champ:LastStand","floor":12.0},{"not_picked":["champ:HeartStrike","champ:DeathBlow","champ:DefensiveShout"],"picked":"SKIP","floor":13.0},{"not_picked":["champ:Shatter","champ:BringItOn","champ:TornadoPunch"],"picked":"SKIP","floor":14.0},{"not_picked":["champ:CrookedStrike","champ:Encircle","champ:Duel"],"picked":"SKIP","floor":15.0},{"not_picked":["champ:VampiricStrike","champ:SwordThrow"],"picked":"champ:CheapShot","floor":16.0},{"not_picked":["champ:AdrenalArmor+1","champ:FlashCut"],"picked":"champ:Backstep","floor":19},{"not_picked":["champ:BladeFlurry","champ:HeartStrike+1","champ:ViciousMockery"],"picked":"SKIP","floor":20},{"not_picked":["champ:Parry","champ:Shatter","champ:BringItOn"],"picked":"SKIP","floor":21},{"not_picked":["champ:Shatter+1","champ:ShieldWall","champ:PerfectedStrike"],"picked":"SKIP","floor":22}],"player_experience":1406676,"relics_obtained":[{"floor":7.0,"key":"Bag of Marbles"}],"event_choices":[],"is_beta":false,"boss_relics":[{"not_picked":["Runic Pyramid","Coffee Dripper"],"picked":"Sozu"}],"items_purged_floors":[],"is_endless":false,"potions_floor_spawned":[3,4,8,11,14,16,21],"ascension_level":1}}