{"host":"mhzgc0zma59jtmoj","time":1613699470,"event":{"mods":["BaseMod","BetterRewards","Custom Start","Glutton Mod","Ironclad Rager","Minty Spire (QoL Compilation)","Replay The Spire","Somnambulant","StSLib","The Cursed","The Hierophant","The Jungle","Treasure Hunter"],"gold_per_floor":[183,199,26,26,45,77,93,93,118,118,136,171,183,207,219,333,345,376,388,414,426,452,464,464],"floor_reached":23,"language":"ENG","playtime":1510,"items_purged":[],"score":203,"play_id":"17b585bc-6efd-42c5-a548-f224d9d61783","local_time":"20210218205110","daily_mods":["SealedDeck"],"is_ascension_mode":false,"campfire_choices":[{"floor":8,"key":"REST"},{"floor":10,"key":"REST"},{"floor":15,"key":"REST"}],"circlet_count":0,"master_deck":["somnambulantmod: MindWave","somnambulantmod: LeechFears+1","somnambulantmod: BadIdea","somnambulantmod: Reject+1","somnambulantmod: HorrificThought","somnambulantmod: MuscleMemory+1","Mayhem","TH:Mimic","TH:CopperCoins","TH:BikiniMail","somnambulantmod: SleepingBody","TH:EnergyPotion","somnambulantmod: Narcolepsy","Decay","Decay","somnambulantmod: Overshare","somnambulantmod: Trauma"],"relics":["somnambulantmod: DreamJournal","Bag of Preparation","MawBank","Kintsugi"],"acts_visited":["Exordium","TheCity"],"potions_floor_usage":[2],"damage_taken":[{"damage":0,"enemies":"2 Louse","floor":1,"turns":2},{"damage":1,"enemies":"Cultist","floor":2,"turns":3},{"damage":9,"enemies":"Jaw Worm","floor":5,"turns":2},{"damage":11,"enemies":"Lagavulin","floor":6,"turns":5},{"damage":21,"enemies":"Looter","floor":7,"turns":3},{"damage":15,"enemies":"Lots of Slimes","floor":11,"turns":2},{"damage":6,"enemies":"Gremlin Nob","floor":12,"turns":4},{"damage":5,"enemies":"Exordium Wildlife","floor":14,"turns":4},{"damage":20,"enemies":"Slime Boss","floor":16,"turns":5},{"damage":0,"enemies":"Chosen","floor":18,"turns":6},{"damage":16,"enemies":"Spheric Guardian","floor":20,"turns":4},{"damage":20,"enemies":"Chosen and Byrds","floor":22,"turns":4},{"damage":28,"enemies":"Book of Stabbing","floor":23,"turns":5}],"seed_played":"-712982848851001505","potions_obtained":[{"floor":2,"key":"EntropicBrew"}],"is_trial":true,"path_per_floor":["M","M","$","?","M","E","M","R","T","R","M","E","$","M","R","B",null,"M","?","M","?","M","E"],"character_chosen":"THE_SOMNAMBULANT","items_purchased":["Mayhem"],"campfire_rested":3,"item_purchase_floors":[3],"current_hp_per_floor":[70,69,69,69,60,49,28,51,51,74,59,53,53,48,72,52,76,76,62,46,46,26,0,0],"gold":464,"neow_bonus":"","is_daily":false,"chose_seed":false,"campfire_upgraded":0,"win_rate":0.0,"timestamp":1613699470,"path_taken":["M","M","$","?","?","E","M","R","T","R","M","E","$","M","R","BOSS","M","?","M","?","?","E"],"items_purchased_type":["Card"],"build_version":"2020-12-22","purchased_purges":0,"victory":false,"max_hp_per_floor":[70,70,70,70,70,70,70,72,72,74,74,74,74,74,76,76,76,76,81,81,81,81,81,81],"card_choices":[{"not_picked":["somnambulantmod: Blink","somnambulantmod: Repression","somnambulantmod: Unknow"],"picked":"SKIP","floor":1},{"not_picked":["somnambulantmod: Harden","somnambulantmod: LayeredDefense","somnambulantmod: DeeperSleep"],"picked":"SKIP","floor":2},{"not_picked":["somnambulantmod: Bruise","somnambulantmod: HeadSmack"],"picked":"somnambulantmod: SleepingBody","floor":5},{"not_picked":["TH:ElvenBoots"],"picked":"TH:Mimic","floor":6},{"not_picked":["somnambulantmod: Blink","somnambulantmod: Sleepyhead","somnambulantmod: Unmake"],"picked":"SKIP","floor":6},{"not_picked":["somnambulantmod: Nosebleed","somnambulantmod: HeadSmack","somnambulantmod: SnuggleUp"],"picked":"SKIP","floor":7},{"not_picked":["TH:ArmorSpikes"],"picked":"TH:CopperCoins","floor":9},{"not_picked":["somnambulantmod: LayeredDefense","somnambulantmod: Extract","somnambulantmod: TrepanningBlow"],"picked":"SKIP","floor":11},{"not_picked":["TH:ElvenBoots"],"picked":"TH:BikiniMail","floor":12},{"not_picked":["somnambulantmod: RacingThoughts","somnambulantmod: LayeredDefense"],"picked":"somnambulantmod: SleepingBody","floor":12},{"not_picked":["somnambulantmod: Blink","somnambulantmod: Unmake","somnambulantmod: BadIdea"],"picked":"SKIP","floor":14},{"not_picked":["TH:BikiniMail"],"picked":"TH:EnergyPotion","floor":16},{"not_picked":["somnambulantmod: LoseForm","somnambulantmod: NewDawn"],"picked":"somnambulantmod: Narcolepsy","floor":16},{"not_picked":["somnambulantmod: RecurringDream","somnambulantmod: TimeCompression"],"picked":"somnambulantmod: Overshare","floor":18},{"not_picked":["somnambulantmod: LeechFears","somnambulantmod: Repression","somnambulantmod: Sleepyhead"],"picked":"SKIP","floor":20},{"not_picked":["somnambulantmod: UnthoughtKnown","somnambulantmod: TimeCompression"],"picked":"somnambulantmod: Trauma","floor":22}],"player_experience":301578,"relics_obtained":[{"floor":9,"key":"Bag of Preparation"},{"floor":12,"key":"MawBank"}],"event_choices":[{"damage_healed":0,"gold_gain":0,"player_choice":"Ignored","damage_taken":0,"max_hp_gain":0,"max_hp_loss":0,"event_name":"NoteForYourself","floor":4,"gold_loss":0},{"damage_healed":0,"gold_gain":0,"player_choice":"Shed Blood","damage_taken":19,"max_hp_gain":5,"max_hp_loss":0,"event_name":"Forgotten Altar","floor":19,"gold_loss":0},{"damage_healed":0,"gold_gain":0,"player_choice":"Got Potions","damage_taken":0,"max_hp_gain":0,"max_hp_loss":0,"event_name":"Lab","floor":21,"gold_loss":0}],"is_beta":false,"boss_relics":[{"not_picked":["Runic Pyramid","Tiny House"],"picked":"Kintsugi"}],"items_purged_floors":[],"is_endless":false,"potions_floor_spawned":[2,7,12,14,22],"killed_by":"Book of Stabbing","ascension_level":0}}