{"host":"blnmo1e2jbqugfxh","time":1613749296,"event":{"mods":["2.2 Compatiblity","AchievementEnabler","Astrologer","Bard","BaseMod","Beaked The Cultist","Colored Map","Colored Powertips","Conspire","Downfall","Friendly Minions","Googly Eyes","Hermit","Highlight Path","Hubris","Infinite Spire","Lobotomy","Marisa????????","Mimic Mod","Minty Spire (QoL Compilation)","Prisma Mod","Quick Restart","Rare Cards Sparkle","Replay The Spire","Shop Mod","StSLib","The Bug Knight","The Construct","The Cursed","The Disciple","The Exalted","The Hierophant","The Mystic","The Servant 0.9.4"],"gold_per_floor":[10,30,50,11,26,26,53,71,71,71,104,104,138,170,182,194,194],"floor_reached":16,"language":"ENG","playtime":932,"items_purged":[],"score":122,"play_id":"3edb867e-b3a3-4c85-af44-54da0aec0f6e","local_time":"20210219104136","is_ascension_mode":false,"campfire_choices":[{"data":"HollowMod:RecoilStrike","floor":6,"key":"SMITH"},{"floor":12,"key":"REST"},{"floor":15,"key":"REST"}],"circlet_count":0,"master_deck":["HollowMod:NailStrikeStart","HollowMod:NailStrikeStart","HollowMod:NailStrikeStart","HollowMod:QuickDashStart","HollowMod:QuickDashStart","HollowMod:QuickDashStart","HollowMod:FocusHealStart","HollowMod:PogoStrike","HollowMod:LifebloodCocoon","HollowMod:SoulStrike","HollowMod:RecoilStrike+1","HollowMod:HeavyBlow","HollowMod:SiblingsSouls+1","HollowMod:InfectedCysts","HollowMod:InfectedCysts","HollowMod:CornifersMapStart","HollowMod:HornetsHelp","HollowMod:PureNailStrike","HollowMod:PerfectDash","HollowMod:DashSlash","HollowMod:GreatSlash"],"relics":["HollowMod:VesselMask","Replay:Bottled Eggs","Ice Cream","infinitespire:Lucky Rock","MawBank"],"acts_visited":["Exordium"],"potions_floor_usage":[8,11],"damage_taken":[{"damage":5,"enemies":"2 Louse","floor":1,"turns":4},{"damage":3,"enemies":"conspire:RoseBush","floor":2,"turns":3},{"damage":0,"enemies":"Cultist","floor":3,"turns":3},{"damage":0,"enemies":"2 Fungi Beasts","floor":5,"turns":2},{"damage":24,"enemies":"HollowMod:MossKnight","floor":7,"turns":7},{"damage":31,"enemies":"Exordium Thugs","floor":8,"turns":7},{"damage":14,"enemies":"Lagavulin","floor":11,"turns":7},{"damage":22,"enemies":"Gremlin Nob","floor":13,"turns":4},{"damage":11,"enemies":"Blue Slaver","floor":14,"turns":4},{"damage":34,"enemies":"The Guardian","floor":16,"turns":5}],"seed_played":"-2905377449348441486","potions_obtained":[{"floor":7,"key":"FearPotion"},{"floor":8,"key":"SteroidPotion"},{"floor":11,"key":"SmokeBomb"},{"floor":14,"key":"EntropicBrew"}],"is_trial":false,"path_per_floor":["M","M","M","$","M","R","E","M","T","?","E","R","E","M","R","B"],"character_chosen":"THE_BUGKNIGHT","items_purchased":["HollowMod:InfectedCysts"],"campfire_rested":2,"item_purchase_floors":[4],"current_hp_per_floor":[74,73,73,73,73,73,59,34,34,34,20,42,20,15,37,9,9],"gold":194,"neow_bonus":"TRANSFORM_TWO_CARDS","is_daily":false,"chose_seed":false,"campfire_upgraded":1,"win_rate":0.0,"timestamp":1613749296,"path_taken":["M","M","M","$","M","R","E","M","T","?","E","R","E","M","R","BOSS"],"items_purchased_type":["Card"],"build_version":"2020-12-22","purchased_purges":0,"victory":false,"max_hp_per_floor":[75,75,75,75,75,75,75,75,75,75,75,75,75,75,75,75,75],"card_choices":[{"not_picked":["HollowMod:InfectedCysts","HollowMod:SoulStrike"],"picked":"HollowMod:RecoilStrike","floor":1},{"not_picked":["HollowMod:CycloneSlash","HollowMod:ShadowDash"],"picked":"HollowMod:HeavyBlow","floor":2},{"not_picked":["HollowMod:TaintedHusks","HollowMod:DescendingDark"],"picked":"HollowMod:SiblingsSouls","floor":3},{"not_picked":["HollowMod:LifebloodCocoon","HollowMod:SharpenedNail"],"picked":"HollowMod:CornifersMapStart","floor":5},{"not_picked":["HollowMod:VengefulVoid","HollowMod:QuirrelsAssistance"],"picked":"HollowMod:HornetsHelp","floor":7},{"not_picked":["HollowMod:SharpenedNail","HollowMod:HeavyBlow"],"picked":"HollowMod:PureNailStrike","floor":8},{"not_picked":["HollowMod:PureNailStrike","HollowMod:BaldurShell"],"picked":"HollowMod:PerfectDash","floor":11},{"not_picked":["HollowMod:MidwifesHunger","HollowMod:DreamGate"],"picked":"HollowMod:DashSlash","floor":13},{"not_picked":["HollowMod:InfectedCysts","HollowMod:DesolateDive"],"picked":"HollowMod:GreatSlash","floor":14}],"player_experience":65464,"relics_obtained":[{"floor":7,"key":"Replay:Bottled Eggs"},{"floor":9,"key":"Ice Cream"},{"floor":11,"key":"infinitespire:Lucky Rock"},{"floor":13,"key":"MawBank"}],"event_choices":[],"is_beta":false,"boss_relics":[],"items_purged_floors":[],"is_endless":false,"potions_floor_spawned":[7,8,11,14],"killed_by":"The Guardian","ascension_level":0}}