{"host":"8z11jf471qjhqctb","time":1613704491,"event":{"mods":["BaseMod","Downfall","Minty Spire (QoL Compilation)","StSLib","UnlockEverythingMod"],"gold_per_floor":[2000,2000,2055,2110,2160,2350,2465,2635,2730,2430,2575,2685,2685,2795,2925,3475,3565,3565,3705,3705,3830,3950,105,505,615,1115,1230,1435,1520,1635,1840,1975,2595,2655,2715,2895,3055,3230,3340,3485,3545,3605,2345,2530,2710,2835,2835,3040,3145,3145,3145,3325,3350,3350,3350,3350],"floor_reached":57,"language":"ZHS","playtime":2643,"items_purged":["Slimebound:Tackle+1"],"score":1755,"play_id":"4e97d2fd-dc3a-43c8-a481-e94fa0021eb8","local_time":"20210219111451","is_ascension_mode":false,"campfire_choices":[{"data":"Slimebound:Split","floor":1.0,"key":"SMITH"},{"data":"Slimebound:TagTeam","floor":1.0,"key":"SMITH"},{"data":"Slimebound:CorrosiveSpit","floor":1.0,"key":"SMITH"},{"data":"Slimebound:Defend_Slimebound","floor":1.0,"key":"SMITH"},{"data":"Slimebound:Defend_Slimebound","floor":1.0,"key":"SMITH"},{"data":"Slimebound:Tackle","floor":1.0,"key":"SMITH"},{"data":"Slimebound:Strike_Slimebound","floor":1.0,"key":"SMITH"},{"data":"Slimebound:Strike_Slimebound","floor":1.0,"key":"SMITH"},{"floor":1.0,"key":"RECALL"},{"data":"Slimebound:Defend_Slimebound+1","floor":10.0,"key":"PURGE"},{"data":"Slimebound:Strike_Slimebound+1","floor":10.0,"key":"PURGE"},{"data":"Slimebound:Strike_Slimebound+1","floor":10.0,"key":"PURGE"},{"data":"Slimebound:Defend_Slimebound","floor":10.0,"key":"PURGE"},{"data":"Slimebound:SplitMire","floor":10.0,"key":"SMITH"},{"data":"Slimebound:SplitBruiser","floor":10.0,"key":"SMITH"},{"data":"Slimebound:SplitSpecialist","floor":10.0,"key":"SMITH"},{"data":"Slimebound:HauntingLick","floor":10.0,"key":"SMITH"},{"data":"Slimebound:RejuvenatingLick","floor":10.0,"key":"SMITH"},{"data":"Slimebound:Defend_Slimebound","floor":10.0,"key":"SMITH"},{"data":"Slimebound:PressTheAttack","floor":10.0,"key":"SMITH"},{"data":"Slimebound:Strike_Slimebound","floor":10.0,"key":"SMITH"},{"floor":10.0,"key":"REST"},{"data":"Slimebound:SamplingLick","floor":18.0,"key":"SMITH"},{"data":"Slimebound:SlimeSlap","floor":18.0,"key":"SMITH"},{"data":"Slimebound:BestDefense","floor":18.0,"key":"SMITH"},{"data":"Slimebound:LivingWall","floor":18.0,"key":"SMITH"},{"data":"Slimebound:OozeBath","floor":18.0,"key":"SMITH"},{"data":"Slimebound:ComboTackle","floor":18.0,"key":"SMITH"},{"data":"Slimebound:OozeBath","floor":18.0,"key":"SMITH"},{"data":"Slimebound:BestDefense+1","floor":18.0,"key":"PURGE"},{"floor":18.0,"key":"REST"},{"floor":35,"key":"DIG"},{"data":"Slimebound:MinionMaster","floor":42,"key":"SMITH"},{"data":"Slimebound:ServeAndProtect","floor":42,"key":"SMITH"},{"data":"Slimebound:SplitLeeching","floor":42,"key":"SMITH"},{"data":"Slimebound:LeadByExample","floor":42,"key":"SMITH"},{"floor":42,"key":"DIG"},{"floor":54,"key":"DIG"}],"circlet_count":3,"master_deck":["Slimebound:Split+1","Slimebound:CorrosiveSpit+1","Slimebound:TagTeam+1","Slimebound:RejuvenatingLick+1","Slimebound:PressTheAttack+1","Slimebound:HauntingLick+1","Slimebound:SplitSpecialist+1","Slimebound:SplitBruiser+1","Slimebound:SplitMire+1","Slimebound:OozeBath+1","Slimebound:SamplingLick+1","Slimebound:ComboTackle+1","Slimebound:LivingWall+1","Slimebound:SlimeSlap+1","Slimebound:OozeBath+1","Slimebound:Prepare+1","Slimebound:GoopSpray+1","Slimebound:SplitAcid+1","Slimebound:HauntingLick+1","Slimebound:LeadByExample+1","Slimebound:SlimeSlap","Slimebound:SplitLeeching+1","Slimebound:MinionMaster+1","Slimebound:LevelUp+1","Slimebound:SplitLeeching+1","Slimebound:ServeAndProtect+1","Slimebound:Teamwork","expansioncontent:StudyTheSpire+1","expansioncontent:DashGenerateEvil+1","expansioncontent:StudyTheSpire+1","Slimebound:ForwardTackle+1","Slimebound:ComboTackle+1","Slimebound:SplitLeeching+1","Slimebound:Recollect+1","Slimebound:Repurpose+1","Slimebound:ProtectTheBoss+1","Slimebound:ComboTackle+1","Slimebound:Overexert+1","Slimebound:RainOfGoop+1","Slimebound:Recollect+1","Slimebound:HauntingLick+1","Slimebound:Schlurp+1","Slimebound:HauntingLick+1","Slimebound:SlimeBrawl+1"],"relics":["Slimebound:AbsorbEndCombatUpgraded","Peace Pipe","Ginger","Turnip","Omamori","Ice Cream","The Courier","sneckomod:BlankCard","CeramicFish","Torii","downfall:HeartBlessingRed","downfall:HeartBlessingGreen","downfall:HeartBlessingBlue","Pandora\u0027s Box","sneckomod:BabySnecko","Membership Card","Happy Flower","bronze:BronzeIdol","Bag of Marbles","Centennial Puzzle","Akabeko","Dream Catcher","Mummified Hand","Strawberry","Slimebound:SlimedTailRelic","Pantograph","Lantern","Art of War","Meat on the Bone","Slimebound:AggressiveSlimeRelic","InkBottle","Darkstone Periapt","Nunchaku","Vajra","MealTicket","Regal Pillow","Oddly Smooth Stone","Ancient Tea Set","StoneCalendar","War Paint","Pear","Question Card","Matryoshka","TungstenRod","PreservedInsect","Kunai","Slimebound:PreparedRelic","Anchor","bronze:DecasWashers","Gremlin Horn","Pen Nib","champ:DuelingGlove","Bronze Scales","Bottled Lightning","StrikeDummy","Toy Ornithopter","Orichalcum","Pocketwatch","Shovel","Slimebound:SlimedSkullRelic","Boot","Potion Belt","Bottled Flame","Slimebound:StickyStick","Bag of Preparation","MawBank","hexamod:BolsterEngine","Blue Candle","Eternal Feather","Mango","Letter Opener","champ:DeflectingBracers","Ornamental Fan","Molten Egg 2","Frozen Egg 2","Toxic Egg 2","Mercury Hourglass","hexamod:CandleOfCauterizing","HornCleat","Slimebound:MaxSlimesRelic","Shuriken","Bottled Tornado","OrangePellets","FossilizedHelix","Prayer Wheel","Unceasing Top","Guardian:GemstoneGun","hexamod:Sixitude","Slimebound:PotencyRelic","Dead Branch","Thread and Needle","Lizard Tail","Bird Faced Urn","Calipers","Circlet","Chemical X"],"acts_visited":["Exordium","TheCity","TheBeyond","TheEnding"],"potions_floor_usage":[55],"damage_taken":[{"damage":0.0,"enemies":"Small Slimes","floor":3.0,"turns":1.0},{"damage":0.0,"enemies":"2 Louse","floor":4.0,"turns":1.0},{"damage":0.0,"enemies":"Jaw Worm","floor":5.0,"turns":2.0},{"damage":8.0,"enemies":"Lagavulin","floor":6.0,"turns":4.0},{"damage":8.0,"enemies":"Gremlin Nob","floor":8.0,"turns":3.0},{"damage":0.0,"enemies":"Gremlin Gang","floor":9.0,"turns":2.0},{"damage":3.0,"enemies":"Exordium Thugs","floor":11.0,"turns":1.0},{"damage":0.0,"enemies":"Exordium Wildlife","floor":12.0,"turns":1.0},{"damage":0.0,"enemies":"Lots of Slimes","floor":14.0,"turns":2.0},{"damage":6.0,"enemies":"Large Slime","floor":15.0,"turns":1.0},{"damage":1.0,"enemies":"SI_SHIV_ARCHETYPE","floor":16.0,"turns":3.0},{"damage":5.0,"enemies":"Chosen","floor":19.0,"turns":2.0},{"damage":3.0,"enemies":"Shell Parasite","floor":21.0,"turns":1.0},{"damage":0.0,"enemies":"Snake Plant","floor":22.0,"turns":1.0},{"damage":6.0,"enemies":"downfall:FleeingMerchant","floor":23.0,"turns":4.0},{"damage":0,"enemies":"3 Cultists","floor":25,"turns":1},{"damage":0,"enemies":"Centurion and Healer","floor":27,"turns":1},{"damage":0,"enemies":"Book of Stabbing","floor":28,"turns":1},{"damage":0,"enemies":"Snake Plant","floor":29,"turns":1},{"damage":0,"enemies":"Chosen and Byrds","floor":31,"turns":1},{"damage":0,"enemies":"Centurion and Healer","floor":32,"turns":1},{"damage":0,"enemies":"WA_ARCHETYPE_CALM","floor":33,"turns":1},{"damage":0,"enemies":"Orb Walker","floor":36,"turns":1},{"damage":0,"enemies":"3 Shapes","floor":37,"turns":1},{"damage":0,"enemies":"Sphere and 2 Shapes","floor":38,"turns":1},{"damage":0,"enemies":"Maw","floor":39,"turns":2},{"damage":0,"enemies":"Jaw Worm Horde","floor":40,"turns":2},{"damage":0,"enemies":"downfall:FleeingMerchant","floor":43,"turns":1},{"damage":0,"enemies":"3 Darklings","floor":44,"turns":1},{"damage":0,"enemies":"4 Shapes","floor":45,"turns":1},{"damage":0,"enemies":"Maw","floor":46,"turns":2},{"damage":0,"enemies":"Giant Head","floor":48,"turns":1},{"damage":0,"enemies":"Transient","floor":49,"turns":3},{"damage":0,"enemies":"IC_BLOCK_ARCHETYPE","floor":50,"turns":2},{"damage":0,"enemies":"downfall:CharBossMerchant","floor":52,"turns":1},{"damage":0,"enemies":"downfall:NeowBoss","floor":55,"turns":3},{"damage":0,"enemies":"downfall:NeowBossFinal","floor":56,"turns":3}],"seed_played":"7656899077140164075","potions_obtained":[{"floor":5.0,"key":"DistilledChaos"},{"floor":9.0,"key":"Fire Potion"},{"floor":11.0,"key":"Block Potion"},{"floor":25,"key":"Swift Potion"},{"floor":27,"key":"LiquidMemories"},{"floor":32,"key":"GamblersBrew"}],"is_trial":false,"path_per_floor":["R","?","M","M","M","E","T","E","M","R","M","M","?","M","M","B",null,"R","M","?","M","M","$","T","M","?","M","E","M","T","M","M","B",null,"R","M","M","M","M","M","T","R","$","M","M","M","?","E","M","B",null,"E","$","R","B","B",null],"character_chosen":"SLIMEBOUND","items_purchased":["Membership Card","Happy Flower","bronze:BronzeIdol","Bag of Marbles","Centennial Puzzle","Akabeko","Dream Catcher","Mummified Hand","Strawberry","Slimebound:SlimedTailRelic","Pantograph","Lantern","Art of War","Meat on the Bone","Slimebound:AggressiveSlimeRelic","InkBottle","Darkstone Periapt","Nunchaku","Vajra","MealTicket","Regal Pillow","Oddly Smooth Stone","Ancient Tea Set","StoneCalendar","War Paint","Pear","Question Card","Matryoshka","TungstenRod","PreservedInsect","Kunai","Slimebound:PreparedRelic","Anchor","bronze:DecasWashers","Gremlin Horn","Pen Nib","champ:DuelingGlove","Bronze Scales","Bottled Lightning","StrikeDummy","Toy Ornithopter","Orichalcum","Pocketwatch","Shovel","Slimebound:SlimedSkullRelic","Boot","expansioncontent:StudyTheSpire","expansioncontent:DashGenerateEvil","expansioncontent:StudyTheSpire","Mango","Letter Opener","champ:DeflectingBracers","Ornamental Fan","Molten Egg 2","Frozen Egg 2","Toxic Egg 2","Mercury Hourglass","hexamod:CandleOfCauterizing","HornCleat","Slimebound:MaxSlimesRelic","Shuriken","Bottled Tornado","OrangePellets","FossilizedHelix","Prayer Wheel","Unceasing Top","Guardian:GemstoneGun","hexamod:Sixitude","Slimebound:PotencyRelic","Dead Branch","Thread and Needle","Lizard Tail","Bird Faced Urn","Calipers","Circlet","Chemical X","Slimebound:RainOfGoop+1","Slimebound:Recollect+1","Slimebound:HauntingLick+1","Slimebound:Schlurp+1","Slimebound:HauntingLick+1","Slimebound:SlimeBrawl+1"],"campfire_rested":2,"item_purchase_floors":[23,23,23,23,23,23,23,23,23,23,23,23,23,23,23,23,23,23,23,23,23,23,23,23,23,23,23,23,23,23,23,23,23,23,23,23,23,23,23,23,23,23,23,23,23,23,43,43,43,43,43,43,43,43,43,43,43,43,43,43,43,43,43,43,43,43,43,43,43,43,43,43,43,43,43,53,53,53,53,53,53,53],"current_hp_per_floor":[65,58,60,64,65,59,59,55,59,75,75,75,75,75,71,75,75,75,74,74,74,75,91,91,92,92,92,92,92,92,92,92,92,92,92,92,92,92,92,92,92,92,106,106,106,106,106,106,106,106,106,106,106,106,106,106],"gold":3350,"neow_bonus":"ONE_RANDOM_RARE_CARD","is_daily":false,"chose_seed":false,"campfire_upgraded":27,"win_rate":0.0,"timestamp":1613704491,"path_taken":["R","?","M","M","M","E","T","E","M","R","M","M","?","M","M","BOSS","R","M","?","M","M","$","T","M","?","M","E","?","?","M","M","BOSS","R","M","M","M","M","?","T","R","$","M","M","M","?","E","M","BOSS","E","$","R","BOSS","BOSS"],"items_purchased_type":["Relic","Relic","Relic","Relic","Relic","Relic","Relic","Relic","Relic","Relic","Relic","Relic","Relic","Relic","Relic","Relic","Relic","Relic","Relic","Relic","Relic","Relic","Relic","Relic","Relic","Relic","Relic","Relic","Relic","Relic","Relic","Relic","Relic","Relic","Relic","Relic","Relic","Relic","Relic","Relic","Relic","Relic","Relic","Relic","Relic","Relic","Card","Card","Card","Relic","Relic","Relic","Relic","Relic","Relic","Relic","Relic","Relic","Relic","Relic","Relic","Relic","Relic","Relic","Relic","Relic","Relic","Relic","Relic","Relic","Relic","Relic","Relic","Relic","Undefined","Relic","Card","Card","Card","Card","Card","Card"],"build_version":"2020-12-22","purchased_purges":1,"victory":true,"max_hp_per_floor":[65,65,65,65,65,65,65,65,65,75,75,75,75,75,75,75,75,75,75,75,75,75,92,92,92,92,92,92,92,92,92,92,92,92,92,92,92,92,92,92,92,92,106,106,106,106,106,106,106,106,106,106,106,106,106,106],"card_choices":[{"not_picked":["Slimebound:GoopTackle","Slimebound:LeechingTouch"],"picked":"Slimebound:RejuvenatingLick","floor":3.0},{"not_picked":["Slimebound:ComboTackle","Slimebound:HauntingLick"],"picked":"Slimebound:PressTheAttack","floor":4.0},{"not_picked":["Slimebound:GoopTackle","Slimebound:SamplingLick"],"picked":"Slimebound:HauntingLick","floor":5.0},{"not_picked":["Slimebound:Repurpose","Slimebound:FlameTackle"],"picked":"Slimebound:SplitSpecialist","floor":6.0},{"not_picked":["Slimebound:SplitSpecialist","Slimebound:Dissolve"],"picked":"Slimebound:SplitBruiser","floor":8.0},{"not_picked":["Slimebound:RainOfGoop","Slimebound:FinishingTackle"],"picked":"Slimebound:SplitMire","floor":9.0},{"not_picked":["Slimebound:HungryTackle","Slimebound:ComboTackle"],"picked":"Slimebound:OozeBath","floor":11.0},{"not_picked":["Slimebound:ItLooksTasty","Slimebound:SplitBruiser"],"picked":"Slimebound:SamplingLick","floor":12.0},{"not_picked":["Slimebound:SamplingLick","Slimebound:FinishingTackle"],"picked":"Slimebound:ComboTackle","floor":14.0},{"not_picked":["Slimebound:Dissolve","Slimebound:RollThrough"],"picked":"Slimebound:LivingWall","floor":15.0},{"not_picked":["Slimebound:WasteNot","Slimebound:Recycling"],"picked":"Slimebound:SlimeSlap","floor":16.0},{"not_picked":["Slimebound:LeechingTouch","Slimebound:HauntingLick"],"picked":"Slimebound:Prepare+1","floor":19.0},{"not_picked":["Slimebound:Dissolve","Slimebound:Prepare"],"picked":"Slimebound:GoopSpray","floor":21.0},{"not_picked":["Slimebound:LeechEnergy","Slimebound:Dissolve"],"picked":"Slimebound:SplitAcid","floor":22.0},{"not_picked":["Slimebound:FlameTackle+1","Slimebound:SpikyOuterGoop","Slimebound:SplitAcid"],"picked":"SKIP","floor":23},{"not_picked":["Slimebound:Prepare","Slimebound:LivingWall","Slimebound:SplitAcid"],"picked":"Slimebound:HauntingLick+1","floor":25},{"not_picked":["Slimebound:Dissolve+1","Slimebound:GoopSpray+1","Slimebound:LeechEnergy"],"picked":"Slimebound:LeadByExample","floor":27},{"not_picked":["Slimebound:AcidTongue+1","Slimebound:ViciousTackle","Slimebound:FormOfPuddle"],"picked":"Slimebound:SlimeSlap","floor":28},{"not_picked":["Slimebound:GoopTackle","Slimebound:RollThrough","Slimebound:ItLooksTasty","Slimebound:SpikyOuterGoop"],"picked":"SKIP","floor":29},{"not_picked":["Slimebound:SlimeSpikes","Slimebound:SplitAcid","Slimebound:SplitBruiser"],"picked":"Slimebound:SplitLeeching+1","floor":31},{"not_picked":["Slimebound:MegaLick","Slimebound:OneTwoCombo","Slimebound:LeechingTouch+1","Slimebound:Prepare"],"picked":"SKIP","floor":32},{"not_picked":["Slimebound:PrepareCrush","Slimebound:RallyTheTroops","Slimebound:SlimeSlap"],"picked":"Slimebound:MinionMaster","floor":33},{"not_picked":["Slimebound:DisruptingSlam+1","Slimebound:LeechEnergy+1","Slimebound:Nibble+1"],"picked":"Slimebound:LevelUp+1","floor":36},{"not_picked":["Slimebound:GoopSpray","Slimebound:SplitAcid+1","Slimebound:SpikyOuterGoop"],"picked":"Slimebound:SplitLeeching","floor":37},{"not_picked":["Slimebound:LivingWall+1","Slimebound:LeechingTouch+1","Slimebound:Dissolve+1"],"picked":"Slimebound:ServeAndProtect","floor":38},{"not_picked":["Slimebound:SplitMire","Slimebound:ServeAndProtect+1","Slimebound:SplitLeeching+1","Slimebound:ItLooksTasty+1"],"picked":"SKIP","floor":39},{"not_picked":["Slimebound:LivingWall+1","Slimebound:SplitAcid+1","Slimebound:Dissolve","Slimebound:ItLooksTasty+1"],"picked":"SKIP","floor":40},{"not_picked":["Slimebound:Schlurp+1","Slimebound:SpikyOuterGoop+1","Slimebound:FinishingTackle+1"],"picked":"Slimebound:Teamwork","floor":43},{"not_picked":["Slimebound:SplitMire+1","Slimebound:GoopSpray+1","Slimebound:LevelUp+1"],"picked":"Slimebound:ForwardTackle+1","floor":44},{"not_picked":["Slimebound:SpikyOuterGoop+1","Slimebound:LivingWall+1","Slimebound:HauntingLick+1"],"picked":"Slimebound:ComboTackle+1","floor":44},{"not_picked":["Slimebound:Schlurp+1","Slimebound:SamplingLick+1","Slimebound:FinishingTackle+1"],"picked":"Slimebound:SplitLeeching+1","floor":45},{"not_picked":["Slimebound:HauntingLick+1","Slimebound:Prepare+1","Slimebound:Chomp+1"],"picked":"Slimebound:Recollect+1","floor":45},{"not_picked":["Slimebound:RollThrough+1","Slimebound:DisruptingSlam+1","Slimebound:GoopSpray+1"],"picked":"Slimebound:Repurpose+1","floor":46},{"not_picked":["Slimebound:DivideAndConquer+1","Slimebound:GoopSpray+1","Slimebound:SplitLeeching+1","Slimebound:LeechLife+1"],"picked":"SKIP","floor":46},{"not_picked":["Slimebound:GrowthPunch+1","Slimebound:LivingWall+1","Slimebound:SlimeSpikes+1"],"picked":"Slimebound:ProtectTheBoss+1","floor":48},{"not_picked":["Slimebound:LeechingTouch+1","Slimebound:SplitSpecialist+1","Slimebound:SlimeSpikes+1"],"picked":"Slimebound:ComboTackle+1","floor":49},{"not_picked":["Slimebound:SplitBruiser+1","Slimebound:LeechingTouch+1","Slimebound:SamplingLick+1","Slimebound:GoopTackle+1"],"picked":"SKIP","floor":49},{"not_picked":["Slimebound:GoopTackle+1","Slimebound:SplitBruiser+1","Slimebound:RollThrough+1"],"picked":"Slimebound:Overexert+1","floor":52}],"player_experience":0,"relics_obtained":[{"floor":6.0,"key":"CeramicFish"},{"floor":8.0,"key":"Torii"},{"floor":24,"key":"Potion Belt"},{"floor":24,"key":"Bottled Flame"},{"floor":28,"key":"Slimebound:StickyStick"},{"floor":30,"key":"Bag of Preparation"},{"floor":30,"key":"MawBank"},{"floor":35,"key":"hexamod:BolsterEngine"},{"floor":41,"key":"Blue Candle"},{"floor":42,"key":"Eternal Feather"},{"floor":48,"key":"Circlet"},{"floor":52,"key":"Circlet"}],"event_choices":[{"damage_healed":0.0,"max_hp_gain":0.0,"max_hp_loss":0.0,"gold_gain":0.0,"event_name":"Scrap Ooze","player_choice":"Success","floor":2.0,"gold_loss":0.0,"damage_taken":7.0,"relics_obtained":["sneckomod:BlankCard"]},{"cards_removed":["Slimebound:Defend_Slimebound"],"damage_healed":0.0,"max_hp_gain":0.0,"max_hp_loss":0.0,"gold_gain":0.0,"event_name":"The Cleric","player_choice":"Card Removal","floor":13.0,"gold_loss":0.0,"damage_taken":0.0},{"damage_healed":0,"gold_gain":0,"player_choice":"Forge","damage_taken":0,"max_hp_gain":0,"max_hp_loss":0,"event_name":"Accursed Blacksmith","floor":47,"gold_loss":0,"cards_upgraded":["expansioncontent:DashGenerateEvil"]}],"is_beta":false,"boss_relics":[{"not_picked":["Slimebound:TarBlob","Runic Dome"],"picked":"Pandora\u0027s Box"},{"not_picked":["Sozu","Fusion Hammer"],"picked":"Slimebound:AbsorbEndCombatUpgraded"}],"items_purged_floors":[53],"is_endless":false,"potions_floor_spawned":[5,9,11,14,16,25,27,28,32,33,36,38,39,40,45],"ascension_level":0}}