{"host":"1v3mnj67s3trvm6y","time":1613747746,"event":{"mods":["BaseMod","Challenge The Spire","Minty Spire (QoL Compilation)","StSLib","The Cursed"],"gold_per_floor":[116,133,152,169,153,181,181,191,191,191,247,265,295,311,311,407,407,417,433,523,536,551,551,578,578,578,612,218,235,253,284,284,387,387,405,419,436,33,44,63,94,94,94,109,122,122,151,151,151,151,151,151,8,38,38],"floor_reached":56,"language":"ENG","playtime":6951,"items_purged":[],"score":1312,"play_id":"2728a4cf-f933-4d28-a7c8-af6b937d5b17","local_time":"20210220001546","is_ascension_mode":false,"campfire_choices":[{"data":"TheCursedMod:StingEye","floor":7,"key":"SMITH"},{"floor":15,"key":"REST"},{"floor":23,"key":"REST"},{"floor":25,"key":"REST"},{"floor":32,"key":"REST"},{"floor":46,"key":"REST"},{"floor":49,"key":"RECALL"},{"data":"TheCursedMod:ManaCirculation","floor":52,"key":"SMITH"}],"circlet_count":0,"master_deck":["TheCursedMod:Strike_TheCursed","TheCursedMod:Strike_TheCursed","TheCursedMod:Strike_TheCursed","TheCursedMod:Strike_TheCursed","TheCursedMod:Defend_TheCursed","TheCursedMod:Defend_TheCursed","TheCursedMod:Defend_TheCursed","TheCursedMod:Defend_TheCursed","TheCursedMod:CursedWand","TheCursedMod:CleanUpWorkshop","TheCursedMod:Dregs","TheCursedMod:NeowsMight","TheCursedMod:ReleasedStrength","TheCursedMod:SmokeScreen","TheCursedMod:WearCloak","TheCursedMod:Hemoplague","TheCursedMod:StingEye+1","TheCursedMod:AbyssShockwave","TheCursedMod:RapidMovement","TheCursedMod:FleshFromBone+1","TheCursedMod:FleshFromBone+1","TheCursedMod:ParallelWorld+1","TheCursedMod:CursedBlade","TheCursedMod:VoidForm","TheCursedMod:RapidMovement+1","TheCursedMod:CursedShiv","TheCursedMod:CursedBlade+1","TheCursedMod:CursedMace","TheCursedMod:ManaCirculation+1","TheCursedMod:TacticalStrike+1","TheCursedMod:SpitefulPlan","TheCursedMod:TroublousMinions+1","TheCursedMod:DarkBarrier+1","TheCursedMod:ShockAndAwe","TheCursedMod:CursedAmulet+1","TheCursedMod:SmokeScreen+1","TheCursedMod:SmokeScreen+1","Apotheosis+1","TheCursedMod:SpitefulPlan","TheCursedMod:ShockAndAwe","TheCursedMod:SpitefulPray+1","TheCursedMod:CircleOfAbyss+1","Secret Technique+1","Madness+1","Discovery+1","Clumsy","TheCursedMod:Evocation+1","TheCursedMod:CollectTribute+1","TheCursedMod:SpitefulPlan","TheCursedMod:FleshFromBone+1","TheCursedMod:CursedSpellbook+1"],"relics":["TheCursedMod:BlackMagic101","Pantograph","Toxic Egg 2","Peace Pipe","HornCleat","TheCursedMod:FourLeafCloverCharm","Akabeko","Letter Opener","StrikeDummy","Singing Bowl","Potion Belt","Cursed Key","Membership Card","Question Card","FossilizedHelix","InkBottle","TungstenRod","Pen Nib","Lantern"],"acts_visited":["Exordium","TheCity","TheBeyond","TheEnding"],"potions_floor_usage":[4,13,21,39,44,54,55,55,55,55],"damage_taken":[{"damage":0,"enemies":"Jaw Worm","floor":1,"turns":3},{"damage":0,"enemies":"Cultist","floor":2,"turns":3},{"damage":0,"enemies":"Small Slimes","floor":3,"turns":4},{"damage":0,"enemies":"Looter","floor":4,"turns":4},{"damage":0,"enemies":"Exordium Thugs","floor":5,"turns":4},{"damage":35,"enemies":"3 Sentries","floor":6,"turns":11},{"damage":10,"enemies":"Large Slime","floor":8,"turns":6},{"damage":24,"enemies":"Gremlin Nob","floor":11,"turns":5},{"damage":1,"enemies":"Gremlin Gang","floor":12,"turns":5},{"damage":19,"enemies":"Lagavulin","floor":13,"turns":12},{"damage":2,"enemies":"Blue Slaver","floor":14,"turns":4},{"damage":59,"enemies":"Slime Boss","floor":16,"turns":14},{"damage":0,"enemies":"3 Byrds","floor":18,"turns":5},{"damage":0,"enemies":"Shell Parasite","floor":19,"turns":5},{"damage":25,"enemies":"Snake Plant","floor":21,"turns":7},{"damage":5,"enemies":"Cultist and Chosen","floor":22,"turns":6},{"damage":32,"enemies":"Slavers","floor":24,"turns":12},{"damage":25,"enemies":"Gremlin Leader","floor":27,"turns":5},{"damage":6,"enemies":"Centurion and Healer","floor":29,"turns":5},{"damage":0,"enemies":"Shelled Parasite and Fungi","floor":30,"turns":5},{"damage":7,"enemies":"Book of Stabbing","floor":31,"turns":5},{"damage":42,"enemies":"Collector","floor":33,"turns":10},{"damage":0,"enemies":"Orb Walker","floor":35,"turns":5},{"damage":4,"enemies":"3 Shapes","floor":36,"turns":2},{"damage":18,"enemies":"Transient","floor":37,"turns":5},{"damage":0,"enemies":"Jaw Worm Horde","floor":39,"turns":4},{"damage":0,"enemies":"4 Shapes","floor":40,"turns":2},{"damage":2,"enemies":"Nemesis","floor":41,"turns":5},{"damage":0,"enemies":"Transient","floor":44,"turns":5},{"damage":0,"enemies":"Writhing Mass","floor":45,"turns":6},{"damage":0,"enemies":"Reptomancer","floor":47,"turns":5},{"damage":10,"enemies":"Time Eater","floor":50,"turns":11},{"damage":17,"enemies":"Shield and Spear","floor":54,"turns":8},{"damage":22,"enemies":"The Heart","floor":55,"turns":8}],"seed_played":"725076321549282364","potions_obtained":[{"floor":1,"key":"Fire Potion"},{"floor":3,"key":"Dexterity Potion"},{"floor":5,"key":"DuplicationPotion"},{"floor":8,"key":"FairyPotion"},{"floor":12,"key":"FairyPotion"},{"floor":16,"key":"Energy Potion"},{"floor":19,"key":"SteroidPotion"},{"floor":22,"key":"FearPotion"},{"floor":29,"key":"DuplicationPotion"},{"floor":33,"key":"Regen Potion"},{"floor":36,"key":"ColorlessPotion"},{"floor":39,"key":"SneckoOil"},{"floor":47,"key":"ColorlessPotion"},{"floor":54,"key":"Swift Potion"}],"is_trial":false,"path_per_floor":["M","M","M","M","M","E","R","M","T","?","?","M","E","M","R","B",null,"M","M","?","M","M","R","E","R","T","E","$","M","M","E","R","B",null,"M","M","M","$","M","M","E","?","T","M","M","R","E","?","R","B",null,"R","$","E","B",null],"character_chosen":"THE_CURSED","items_purchased":["TheCursedMod:SpitefulPlan","Singing Bowl","TheCursedMod:TroublousMinions+1","Membership Card","Apotheosis+1","TheCursedMod:SpitefulPlan","Question Card","TheCursedMod:SpitefulPlan","Pen Nib","TheCursedMod:FleshFromBone+1"],"campfire_rested":5,"item_purchase_floors":[28,28,28,38,38,38,38,53,53,53],"current_hp_per_floor":[75,75,75,75,75,40,40,30,30,12,11,10,21,19,41,7,75,75,75,63,38,33,55,23,45,45,20,20,16,18,11,34,17,79,79,75,57,57,69,69,67,57,57,59,59,81,81,81,81,71,81,81,81,64,59],"gold":38,"neow_bonus":"ONE_RANDOM_RARE_CARD","is_daily":false,"chose_seed":false,"campfire_upgraded":2,"win_rate":0.0,"timestamp":1613747746,"path_taken":["M","M","M","M","M","E","R","M","T","?","?","M","E","M","R","BOSS","M","M","?","?","M","R","E","R","T","E","$","M","M","E","R","BOSS","M","?","M","$","M","M","E","?","T","M","M","R","E","?","R","BOSS","R","$","E","BOSS"],"items_purchased_type":["Card","Relic","Card","Relic","Card","Card","Relic","Card","Relic","Card"],"build_version":"2020-12-22","purchased_purges":0,"victory":true,"max_hp_per_floor":[75,75,75,75,75,75,75,75,75,75,75,75,75,75,75,75,75,75,75,75,75,75,75,75,75,75,75,75,77,79,79,79,79,79,79,79,79,79,79,79,79,79,79,81,81,81,81,81,81,81,81,81,81,81,81],"card_choices":[{"not_picked":["TheCursedMod:TacticalStrike","TheCursedMod:CircleOfCorruption"],"picked":"TheCursedMod:ReleasedStrength","floor":1},{"not_picked":["TheCursedMod:CircleOfAmplification","TheCursedMod:Grudge"],"picked":"TheCursedMod:SmokeScreen","floor":2},{"not_picked":["TheCursedMod:CircleOfAmplification","TheCursedMod:CircleOfBlood"],"picked":"TheCursedMod:WearCloak","floor":3},{"not_picked":["TheCursedMod:CircleOfCorruption","TheCursedMod:CircleOfFocus"],"picked":"TheCursedMod:Hemoplague","floor":4},{"not_picked":["TheCursedMod:CircleOfBlood","TheCursedMod:PrepareRite"],"picked":"TheCursedMod:StingEye","floor":5},{"not_picked":["TheCursedMod:CircleOfCorruption","TheCursedMod:CursedArmor"],"picked":"TheCursedMod:AbyssShockwave","floor":6},{"not_picked":["TheCursedMod:HellsGateOpen","TheCursedMod:SmokeScreen"],"picked":"TheCursedMod:RapidMovement","floor":8},{"not_picked":["TheCursedMod:Stigma","TheCursedMod:CursedShiv"],"picked":"TheCursedMod:FleshFromBone+1","floor":11},{"not_picked":["TheCursedMod:CursedBlade","TheCursedMod:Torture+1"],"picked":"TheCursedMod:FleshFromBone+1","floor":12},{"not_picked":["TheCursedMod:BlessingInDisguise+1","TheCursedMod:CircleOfFlame+1"],"picked":"TheCursedMod:ParallelWorld+1","floor":13},{"not_picked":["TheCursedMod:SurpriseAttack","TheCursedMod:AbyssShockwave"],"picked":"TheCursedMod:CursedBlade","floor":14},{"not_picked":["TheCursedMod:CollectTribute","TheCursedMod:ForbiddenAlchemy+1"],"picked":"TheCursedMod:VoidForm","floor":16},{"not_picked":["TheCursedMod:CircleOfFlame+1","TheCursedMod:RavingStaff+1"],"picked":"TheCursedMod:RapidMovement+1","floor":18},{"not_picked":["TheCursedMod:FleshFromBone+1","TheCursedMod:Evocation+1"],"picked":"TheCursedMod:CursedShiv","floor":19},{"not_picked":["TheCursedMod:CircleOfFlame+1","TheCursedMod:SpreadPlague+1"],"picked":"TheCursedMod:CursedBlade+1","floor":21},{"not_picked":["TheCursedMod:Torture+1","TheCursedMod:EmpowerCircles"],"picked":"TheCursedMod:CursedMace","floor":22},{"not_picked":["TheCursedMod:Torture+1","TheCursedMod:CursedArmor+1"],"picked":"TheCursedMod:ManaCirculation","floor":24},{"not_picked":["TheCursedMod:CursedAmulet+1","TheCursedMod:Stretching+1"],"picked":"TheCursedMod:TacticalStrike+1","floor":27},{"not_picked":["TheCursedMod:Stigma","TheCursedMod:Torture+1","TheCursedMod:SpitefulStrike+1"],"picked":"Singing Bowl","floor":29},{"not_picked":["TheCursedMod:Stretching+1","TheCursedMod:RavingStaff","TheCursedMod:SurpriseAttack"],"picked":"Singing Bowl","floor":30},{"not_picked":["TheCursedMod:Wield","TheCursedMod:TacticalStrike+1"],"picked":"TheCursedMod:DarkBarrier+1","floor":31},{"not_picked":["TheCursedMod:CircleOfAbyss+1","TheCursedMod:CursedRelics"],"picked":"TheCursedMod:ShockAndAwe","floor":33},{"not_picked":["TheCursedMod:SurpriseAttack","TheCursedMod:CircleOfFlame+1"],"picked":"TheCursedMod:CursedAmulet+1","floor":35},{"not_picked":["TheCursedMod:CircleOfCorruption+1","TheCursedMod:HellfireBreathing"],"picked":"TheCursedMod:SmokeScreen+1","floor":36},{"not_picked":["TheCursedMod:SurpriseAttack","TheCursedMod:FleshFromBone+1"],"picked":"TheCursedMod:SmokeScreen+1","floor":37},{"not_picked":["TheCursedMod:Torture+1","TheCursedMod:CircleOfCorruption+1","TheCursedMod:VitalStrike+1"],"picked":"TheCursedMod:ShockAndAwe","floor":39},{"not_picked":["TheCursedMod:CursedBlade+1","TheCursedMod:Torture+1","TheCursedMod:SmokeScreen+1"],"picked":"TheCursedMod:SpitefulPray+1","floor":40},{"not_picked":["TheCursedMod:CursedMace","TheCursedMod:CursedBoomerang+1","TheCursedMod:SurpriseAttack+1"],"picked":"TheCursedMod:CircleOfAbyss+1","floor":41},{"not_picked":["Jack Of All Trades+1","Purity+1","Good Instincts+1"],"picked":"Secret Technique+1","floor":42},{"not_picked":["Flash of Steel","Good Instincts+1","Purity+1"],"picked":"Madness+1","floor":42},{"not_picked":["Violence+1","Madness+1","Secret Weapon+1"],"picked":"Discovery+1","floor":42},{"not_picked":["TheCursedMod:Stretching+1","TheCursedMod:SurpriseAttack","TheCursedMod:CircleOfAmplification+1","TheCursedMod:Obscuration+1"],"picked":"Singing Bowl","floor":44},{"not_picked":["TheCursedMod:BloodBarrier+1","TheCursedMod:Torture+1","TheCursedMod:CircleOfFlame+1"],"picked":"TheCursedMod:Evocation+1","floor":45},{"not_picked":["TheCursedMod:Stigma+1","TheCursedMod:CursedAmulet+1","TheCursedMod:Mangle+1"],"picked":"TheCursedMod:CollectTribute","floor":47},{"not_picked":["TheCursedMod:RapidMovement+1","TheCursedMod:SaltUponWound+1","TheCursedMod:BlessingInDisguise+1"],"picked":"TheCursedMod:CursedSpellbook+1","floor":54}],"player_experience":1549398,"relics_obtained":[{"floor":6,"key":"Pantograph"},{"floor":11,"key":"Peace Pipe"},{"floor":13,"key":"HornCleat"},{"floor":24,"key":"Akabeko"},{"floor":26,"key":"Letter Opener"},{"floor":27,"key":"StrikeDummy"},{"floor":31,"key":"Potion Belt"},{"floor":41,"key":"FossilizedHelix"},{"floor":43,"key":"InkBottle"},{"floor":47,"key":"TungstenRod"},{"floor":54,"key":"Lantern"}],"event_choices":[{"damage_healed":0,"gold_gain":0,"player_choice":"Success","damage_taken":18,"relics_obtained":["Toxic Egg 2"],"max_hp_gain":0,"max_hp_loss":0,"event_name":"Scrap Ooze","floor":10,"gold_loss":0},{"damage_healed":0,"gold_gain":0,"player_choice":"Searched \u00271\u0027 times","damage_taken":0,"max_hp_gain":0,"max_hp_loss":0,"event_name":"Dead Adventurer","floor":11,"gold_loss":0},{"damage_healed":0,"gold_gain":90,"player_choice":"GOLD ","damage_taken":12,"max_hp_gain":0,"max_hp_loss":0,"event_name":"Knowing Skull","floor":20,"potions_obtained":[],"gold_loss":0,"cards_obtained":[]},{"damage_healed":0,"gold_gain":0,"player_choice":"Memory 3","damage_taken":10,"max_hp_gain":0,"max_hp_loss":0,"event_name":"SensoryStone","floor":42,"gold_loss":0},{"damage_healed":0,"gold_gain":0,"player_choice":"Upgraded","damage_taken":0,"max_hp_gain":0,"max_hp_loss":0,"event_name":"Upgrade Shrine","floor":48,"gold_loss":0,"cards_upgraded":["TheCursedMod:CollectTribute"]}],"is_beta":false,"boss_relics":[{"not_picked":["SacredBark","Velvet Choker"],"picked":"TheCursedMod:FourLeafCloverCharm"},{"not_picked":["Tiny House","TheCursedMod:BlackMagicAdvanced"],"picked":"Cursed Key"}],"items_purged_floors":[],"is_endless":false,"potions_floor_spawned":[1,3,5,8,12,16,19,22,29,33,36,37,39,47,54],"ascension_level":0}}