{"host":"0fd22hpf43j6tvvm","time":1613756760,"event":{"mods":["AchievementEnabler","BaseMod","Colored Map","Minty Spire (QoL Compilation)","Relic Stats"],"gold_per_floor":[112,128,138,138,12,38,38,52,79,109,109,144,163,176,176,278,278,295,92,106,106,106,138,138,138,138],"floor_reached":25,"language":"ENG","playtime":1479,"items_purged":["Writhe","Strike_R"],"score":447,"play_id":"f0df8838-ae71-4808-a25f-b12a37e1b947","local_time":"20210219124600","is_ascension_mode":true,"campfire_choices":[{"data":"Uppercut","floor":11.0,"key":"SMITH"},{"data":"Sword Boomerang","floor":15.0,"key":"SMITH"},{"data":"Reaper","floor":24.0,"key":"SMITH"}],"circlet_count":0,"master_deck":["Defend_R+1","Defend_R","Defend_R","Bash","Pommel Strike","Inflame","Uppercut+1","Warcry","Shrug It Off+1","Metallicize","Headbutt","Sword Boomerang+1","Immolate","Evolve+1","Reaper+1","Cleave+1","Bite","Bite","Bite","Bite","Bite","Dropkick+1"],"relics":["Burning Blood","Torii","War Paint","Strawberry","Smiling Mask","Pocketwatch","Empty Cage","Enchiridion","Mercury Hourglass"],"acts_visited":["Exordium","TheCity"],"potions_floor_usage":[25,25],"damage_taken":[{"damage":12.0,"enemies":"Jaw Worm","floor":1.0,"turns":3.0},{"damage":2.0,"enemies":"2 Louse","floor":2.0,"turns":3.0},{"damage":1.0,"enemies":"Cultist","floor":3.0,"turns":3.0},{"damage":35.0,"enemies":"3 Sentries","floor":6.0,"turns":10.0},{"damage":9.0,"enemies":"Lots of Slimes","floor":8.0,"turns":5.0},{"damage":19.0,"enemies":"Lagavulin","floor":10.0,"turns":10.0},{"damage":13.0,"enemies":"Gremlin Nob","floor":12.0,"turns":4.0},{"damage":10.0,"enemies":"3 Louse","floor":13.0,"turns":3.0},{"damage":2.0,"enemies":"Blue Slaver","floor":14.0,"turns":4.0},{"damage":0.0,"enemies":"Slime Boss","floor":16.0,"turns":6.0},{"damage":12.0,"enemies":"Spheric Guardian","floor":18.0,"turns":5.0},{"damage":28.0,"enemies":"2 Thieves","floor":20.0,"turns":4.0},{"damage":41.0,"enemies":"Book of Stabbing","floor":23.0,"turns":9.0},{"damage":19,"enemies":"Slavers","floor":25,"turns":2}],"seed_played":"-8696968949905594884","potions_obtained":[{"floor":3.0,"key":"ColorlessPotion"},{"floor":8.0,"key":"CultistPotion"},{"floor":12.0,"key":"DistilledChaos"},{"floor":14.0,"key":"SteroidPotion"},{"floor":16.0,"key":"Dexterity Potion"},{"floor":23.0,"key":"FearPotion"}],"is_trial":false,"path_per_floor":["M","M","M","?","$","E","?","M","T","E","R","E","M","M","R","B",null,"M","$","M","?","?","E","R","E"],"character_chosen":"IRONCLAD","items_purchased":["Warcry","Reaper"],"campfire_rested":0,"item_purchase_floors":[5,19],"current_hp_per_floor":[66,70,75,80,80,51,44,41,48,35,35,28,24,28,28,34,78,72,72,55,39,39,16,16,0,0],"gold":138,"neow_bonus":"ONE_RARE_RELIC","is_daily":false,"chose_seed":false,"campfire_upgraded":3,"win_rate":0.0,"timestamp":1613756760,"path_taken":["M","M","M","?","$","E","?","M","T","E","R","E","M","M","R","BOSS","M","$","M","?","?","E","R","E"],"items_purchased_type":["Card","Card"],"build_version":"2020-12-22","purchased_purges":2,"victory":false,"max_hp_per_floor":[80,80,80,85,85,85,85,85,92,92,92,92,92,92,92,92,92,92,92,92,92,64,64,64,64,64],"relic_stats":{"Torii":107,"counters":[14,71],"War Paint":["Shrug It Off","Defend_R"],"Smiling Mask":50,"obtain_stats":[{"Torii":0,"Strawberry":9,"Enchiridion":21,"War Paint":6,"Smiling Mask":10,"Empty Cage":17,"Burning Blood":0,"Pocketwatch":12,"Mercury Hourglass":23},{"Torii":0,"Strawberry":5,"Enchiridion":12,"War Paint":4,"Smiling Mask":6,"Empty Cage":10,"Burning Blood":0,"Pocketwatch":7,"Mercury Hourglass":13},{"Torii":0,"Strawberry":24,"Enchiridion":60,"War Paint":19,"Smiling Mask":34,"Empty Cage":51,"Burning Blood":0,"Pocketwatch":38,"Mercury Hourglass":69}],"Burning Blood":78,"Pocketwatch":[63],"Mercury Hourglass":[18]},"card_choices":[{"not_picked":["Dual Wield","Combust"],"picked":"Pommel Strike","floor":1.0},{"not_picked":["True Grit","Body Slam"],"picked":"Inflame","floor":2.0},{"not_picked":["Clash","Ghostly Armor"],"picked":"Uppercut","floor":3.0},{"not_picked":["Sword Boomerang","Blood for Blood"],"picked":"Shrug It Off","floor":6.0},{"not_picked":["Thunderclap","Warcry"],"picked":"Metallicize","floor":8.0},{"not_picked":["Uppercut","Combust","Iron Wave"],"picked":"SKIP","floor":10.0},{"not_picked":["Wild Strike","Flex"],"picked":"Headbutt","floor":12.0},{"not_picked":["Armaments","Flex"],"picked":"Sword Boomerang","floor":13.0},{"not_picked":["Anger","Sever Soul","Iron Wave"],"picked":"SKIP","floor":14.0},{"not_picked":["Offering","Exhume"],"picked":"Immolate","floor":16.0},{"not_picked":["Headbutt+1","Perfected Strike"],"picked":"Evolve+1","floor":18.0},{"not_picked":["Searing Blow","Blood for Blood"],"picked":"Cleave+1","floor":20.0},{"not_picked":["Flex","Warcry"],"picked":"Dropkick+1","floor":23.0}],"player_experience":584926,"relics_obtained":[{"floor":6.0,"key":"War Paint"},{"floor":9.0,"key":"Strawberry"},{"floor":10.0,"key":"Smiling Mask"},{"floor":12.0,"key":"Pocketwatch"},{"floor":21.0,"key":"Enchiridion"},{"floor":23.0,"key":"Mercury Hourglass"}],"event_choices":[{"damage_healed":0.0,"max_hp_gain":5.0,"max_hp_loss":0.0,"gold_gain":0.0,"event_name":"Big Fish","player_choice":"Donut","floor":4.0,"gold_loss":0.0,"damage_taken":0.0},{"cards_removed":["Strike_R"],"damage_healed":0.0,"max_hp_gain":0.0,"max_hp_loss":0.0,"gold_gain":0.0,"event_name":"Golden Wing","player_choice":"Card Removal","floor":7.0,"gold_loss":0.0,"damage_taken":7.0},{"damage_healed":0.0,"max_hp_gain":0.0,"max_hp_loss":0.0,"gold_gain":0.0,"event_name":"Cursed Tome","player_choice":"Obtained Book","floor":21.0,"gold_loss":0.0,"damage_taken":16.0},{"damage_healed":0.0,"max_hp_gain":0.0,"max_hp_loss":28.0,"gold_gain":0.0,"event_name":"Vampires","player_choice":"Became a vampire","floor":22.0,"gold_loss":0.0,"damage_taken":0.0,"cards_obtained":["Bite","Bite","Bite","Bite","Bite"]}],"is_beta":false,"boss_relics":[{"not_picked":["Fusion Hammer","Pandora\u0027s Box"],"picked":"Empty Cage"}],"items_purged_floors":[5,19],"is_endless":false,"potions_floor_spawned":[3,8,12,14,16,23],"killed_by":"Slavers","ascension_level":9}}