{"host":"amnup8uv961nil3y","time":1613777240,"event":{"mods":["Act Like it!","Arknights","Aspiration","BaseMod","Bestiary","Better Altar","Better Match","Better Sensory Stone","Better Synergies","Better Third Choice","Block Reminder","Challenge The Spire","Colored Map","Colored Powertips","Colorless Booster Pack","Conspire","DeckTracker","Disable Question Mark Monsters","Elementarium","Energized Spire","Evolution","Extra Virgin Snecko Oil","GifTheSpireLib","Halation","Hermit","HexUI Lib","Highlight Path","Hubris","Infinite Spire","JesterMod","Lotus Mark","Menagerie","Minty Spire (QoL Compilation)","Pale of the Ancients","Potion Indicator Mod","Quarter Circle Forward PUNCH!","Random Character Button","Relic Stats","Reliquary","Replay The Spire","Reworked Bosses","Ruina","Shapeshifter Mod","Shop Mod","Small Relic Pack","Spicy Shops","Spikes Relics","StSLib","Stuff the Spire","Swap Starting Deck Mod","TheVacant","Trackpad","Useless Jewels Mod","Wandering Minibosses","??????REMEMod"],"gold_per_floor":[119,129,204,220,231,261,336,364,410,410,443,443,453,464,464,583,533,550,550,596,611,611,611,611],"floor_reached":23,"language":"ENG","playtime":2217,"items_purged":[],"score":236,"play_id":"b5c998f7-625b-4046-a069-a11cec4e2b6a","local_time":"20210219232720","is_ascension_mode":false,"campfire_choices":[{"floor":12.0,"key":"REST"},{"data":"jesterMod:Tinker","floor":15.0,"key":"SMITH"}],"circlet_count":0,"master_deck":["jesterMod:Strike","jesterMod:Strike","jesterMod:Strike","jesterMod:Strike","jesterMod:Sickle","jesterMod:Defend","jesterMod:Defend","jesterMod:Defend","jesterMod:Defend","jesterMod:Dodge","jesterMod:BouncingKnife","jesterMod:Haste","jesterMod:Contradiction","jesterMod:LaughingGas","jesterMod:Anticipation","REME_WheelOfFate","jesterMod:SmokeScreen","jesterMod:Schizophrenia","jesterMod:Tinker+1","jesterMod:Momentum+1","jesterMod:Strike","jesterMod:BouncingKnife","jesterMod:Procrastination+1","StuffTheSpire:PestControl","jesterMod:JackInTheBox+1","jesterMod:Loot+1"],"relics":["jesterMod:JesterCap","EVO:Axolotl","REME_ComplimentaryCards","Ancient Tea Set","reliquary:TuningFork","Boot","qcfpunch:Necklace_of_Skulls","energizedSpire:HugeHouse","Question Card","qcfpunch:Red_Headband"],"acts_visited":["Exordium","TheCity"],"potions_floor_usage":[21,23],"damage_taken":[{"damage":0.0,"enemies":"ats:Genji","floor":1.0,"turns":4.0},{"damage":1.0,"enemies":"Jaw Worm","floor":2.0,"turns":7.0},{"damage":0.0,"enemies":"Small Slimes","floor":4.0,"turns":3.0},{"damage":19.0,"enemies":"Looter","floor":5.0,"turns":4.0},{"damage":4.0,"enemies":"Lagavulin","floor":6.0,"turns":5.0},{"damage":24.0,"enemies":"3 Sentries","floor":8.0,"turns":12.0},{"damage":0.0,"enemies":"Gremlin Nob","floor":11.0,"turns":2.0},{"damage":7.0,"enemies":"Blue Slaver","floor":13.0,"turns":7.0},{"damage":15.0,"enemies":"Lots of Slimes","floor":14.0,"turns":5.0},{"damage":14,"enemies":"Slime Boss","floor":16,"turns":10},{"damage":11,"enemies":"2 Thieves","floor":18,"turns":5},{"damage":24,"enemies":"Chosen","floor":21,"turns":9},{"damage":21,"enemies":"Shelled Parasite and Fungi","floor":23,"turns":3}],"seed_played":"-6647534400202818636","potions_obtained":[{"floor":4.0,"key":"Block Potion"},{"floor":5.0,"key":"ColorlessPotion"},{"floor":8.0,"key":"Weak Potion"},{"floor":16,"key":"AttackPotion"},{"floor":18,"key":"Explosive Potion"}],"is_trial":false,"path_per_floor":["M","M","?","M","M","E","?","E","T","?","E","R","M","M","R","B",null,"M","?","?","M","T","M"],"character_chosen":"THE_JESTER","items_purchased":[],"campfire_rested":1,"item_purchase_floors":[],"current_hp_per_floor":[77,76,69,69,50,46,35,11,11,11,11,34,47,32,32,18,72,61,41,41,17,17,0,0],"gold":611,"neow_bonus":"TEN_PERCENT_HP_BONUS","is_daily":false,"chose_seed":false,"campfire_upgraded":1,"win_rate":0.0,"timestamp":1613777240,"path_taken":["M","M","?","?","M","E","?","E","T","?","E","R","M","M","R","BOSS","M","?","?","?","?","M"],"items_purchased_type":[],"build_version":"2020-12-22","purchased_purges":0,"victory":false,"max_hp_per_floor":[77,77,77,77,77,77,77,77,77,77,77,77,77,77,77,77,72,72,72,72,72,72,72,72],"relic_stats":{"counters":[13,76],"Boot":[33],"Question Card":2,"obtain_stats":[{"qcfpunch:Necklace_of_Skulls":11,"jesterMod:JesterCap":0,"reliquary:TuningFork":8,"energizedSpire:HugeHouse":17,"qcfpunch:Red_Headband":21,"EVO:Axolotl":0,"Ancient Tea Set":6,"Boot":9,"Question Card":20,"REME_ComplimentaryCards":0},{"qcfpunch:Necklace_of_Skulls":7,"jesterMod:JesterCap":0,"reliquary:TuningFork":6,"energizedSpire:HugeHouse":10,"qcfpunch:Red_Headband":12,"EVO:Axolotl":0,"Ancient Tea Set":5,"Boot":6,"Question Card":11,"REME_ComplimentaryCards":0},{"qcfpunch:Necklace_of_Skulls":37,"jesterMod:JesterCap":0,"reliquary:TuningFork":35,"energizedSpire:HugeHouse":59,"qcfpunch:Red_Headband":67,"EVO:Axolotl":0,"Ancient Tea Set":23,"Boot":35,"Question Card":64,"REME_ComplimentaryCards":0}]},"card_choices":[{"not_picked":["jesterMod:Talion","jesterMod:RecklessStrike"],"picked":"jesterMod:BouncingKnife","floor":1.0},{"not_picked":["jesterMod:SelfMockery","jesterMod:Arrythmia"],"picked":"jesterMod:Haste","floor":2.0},{"not_picked":["jesterMod:BouncingKnife","jesterMod:TrickyDodge"],"picked":"jesterMod:Contradiction","floor":4.0},{"not_picked":["jesterMod:FlameDance","jesterMod:Twirl"],"picked":"jesterMod:LaughingGas","floor":5.0},{"not_picked":["jesterMod:ButterKnife","jesterMod:DaggerRain","jesterMod:PerfectDodge"],"picked":"SKIP","floor":6.0},{"not_picked":["jesterMod:ButterKnife","jesterMod:DaggerRain","jesterMod:PerfectDodge"],"picked":"SKIP","floor":6.0},{"not_picked":["jesterMod:Tinker","jesterMod:Taunt"],"picked":"jesterMod:Anticipation","floor":8.0},{"not_picked":["Replay:Bootleg Shield Generator","Dark Shackles"],"picked":"REME_WheelOfFate","floor":10.0},{"not_picked":["jesterMod:Twirl","jesterMod:QuickStrike"],"picked":"jesterMod:SmokeScreen","floor":11.0},{"not_picked":["jesterMod:FlameDance","jesterMod:Precipitation"],"picked":"jesterMod:Schizophrenia","floor":13.0},{"not_picked":["jesterMod:JackInTheBox","jesterMod:TrickyDodge"],"picked":"jesterMod:Tinker","floor":14.0},{"not_picked":["jesterMod:Trance","jesterMod:Leeches"],"picked":"jesterMod:Momentum","floor":16},{"not_picked":["jesterMod:Pause","jesterMod:Tinker"],"picked":"jesterMod:Procrastination+1","floor":18},{"not_picked":["jesterMod:SwiftDodge","jesterMod:Hide"],"picked":"jesterMod:JackInTheBox+1","floor":20},{"not_picked":["jesterMod:Rebuff","jesterMod:JackInTheBox","jesterMod:Hide"],"picked":"jesterMod:Loot+1","floor":21}],"player_experience":424401,"relics_obtained":[{"floor":6.0,"key":"Ancient Tea Set"},{"floor":8.0,"key":"reliquary:TuningFork"},{"floor":9.0,"key":"Boot"},{"floor":11.0,"key":"qcfpunch:Necklace_of_Skulls"},{"floor":20,"key":"Question Card"}],"event_choices":[{"damage_healed":0.0,"max_hp_gain":0.0,"max_hp_loss":0.0,"gold_gain":75.0,"event_name":"FaceTrader","player_choice":"Touch","floor":3.0,"gold_loss":0.0,"damage_taken":7.0},{"damage_healed":0.0,"max_hp_gain":0.0,"max_hp_loss":0.0,"gold_gain":75.0,"event_name":"betterThird:BetterGoop","player_choice":"Gold","floor":7.0,"gold_loss":0.0,"damage_taken":11.0},{"damage_healed":0.0,"max_hp_gain":0.0,"max_hp_loss":0.0,"gold_gain":1.0,"event_name":"betterStone:BetterStone","player_choice":"1","floor":10.0,"gold_loss":0.0,"damage_taken":0.0}],"is_beta":false,"boss_relics":[{"not_picked":["halation:LoveArrow","relicPack:ShieldShield"],"picked":"energizedSpire:HugeHouse"}],"items_purged_floors":[],"is_endless":false,"potions_floor_spawned":[4,5,8,16,18],"killed_by":"Shelled Parasite and Fungi","ascension_level":0}}