{"host":"p9t7qd83igtcp2bh","time":1613707180,"event":{"mods":["2.2 Compatiblity","AchievementEnabler","BaseMod","Colored Map","Colored Powertips","Custom Start","DeckTracker","Keyboard Shortcuts","Minty Spire (QoL Compilation)","Permanent Neow","StSLib","SuperFastMode","everything is the same but u backflip on backflip"],"gold_per_floor":[368,384,396,38,113,113,140,158,158,176,188,188,204,204,204,278,278,294,47,47,64,94,94,104,131,177,177,190,190,206,221,221,295,295,307,320,320,5,5,40,40,70,139,139,149,167,167,389,389,389,389],"floor_reached":50,"language":"KOR","playtime":2136,"items_purged":["Strike_P","Defend_P"],"score":1144,"play_id":"618c54ad-5380-4f9f-b9c4-86bdd2490ce1","local_time":"20210219125940","is_ascension_mode":true,"campfire_choices":[{"data":"Apotheosis","floor":6.0,"key":"SMITH"},{"data":"Study","floor":12.0,"key":"SMITH"},{"floor":15.0,"key":"REST"},{"floor":23.0,"key":"REST"},{"floor":27.0,"key":"REST"},{"floor":29.0,"key":"REST"},{"floor":32.0,"key":"REST"},{"floor":41,"key":"REST"},{"floor":44,"key":"REST"},{"floor":47,"key":"REST"},{"floor":49,"key":"REST"}],"circlet_count":0,"master_deck":["AscendersBane","Strike_P","Strike_P","Defend_P","Defend_P","Vigilance","Protect","PathToVictory","FollowUp","Apotheosis+1","Ragnarok","EmptyBody","EmptyFist+1","Study+1","PathToVictory","Vault","DeusExMachina","Halt","TalkToTheHand+1","WaveOfTheHand+1","WheelKick","Vault","Evaluate","Adaptation","InnerPeace","Omniscience","Perseverance","PathToVictory"],"relics":["PureWater","Vajra","Strawberry","Fusion Hammer","TheAbacus","Red Mask","Shuriken","Whetstone","VioletLotus","Lantern","Pen Nib","The Courier","Bottled Tornado"],"acts_visited":["Exordium","TheCity","TheBeyond"],"potions_floor_usage":[45,50],"damage_taken":[{"damage":2.0,"enemies":"Small Slimes","floor":1.0,"turns":2.0},{"damage":0.0,"enemies":"Jaw Worm","floor":2.0,"turns":7.0},{"damage":0.0,"enemies":"Cultist","floor":3.0,"turns":3.0},{"damage":6.0,"enemies":"Gremlin Nob","floor":7.0,"turns":3.0},{"damage":27.0,"enemies":"Exordium Wildlife","floor":8.0,"turns":4.0},{"damage":0.0,"enemies":"Large Slime","floor":10.0,"turns":3.0},{"damage":0.0,"enemies":"Blue Slaver","floor":11.0,"turns":2.0},{"damage":4.0,"enemies":"2 Fungi Beasts","floor":13.0,"turns":3.0},{"damage":0.0,"enemies":"The Guardian","floor":16.0,"turns":7.0},{"damage":0.0,"enemies":"3 Byrds","floor":18.0,"turns":4.0},{"damage":16.0,"enemies":"Spheric Guardian","floor":21.0,"turns":6.0},{"damage":47.0,"enemies":"Masked Bandits","floor":22.0,"turns":6.0},{"damage":0.0,"enemies":"Centurion and Healer","floor":24.0,"turns":3.0},{"damage":14.0,"enemies":"Slavers","floor":25.0,"turns":7.0},{"damage":13.0,"enemies":"Shelled Parasite and Fungi","floor":28.0,"turns":5.0},{"damage":0.0,"enemies":"Snecko","floor":30.0,"turns":5.0},{"damage":3.0,"enemies":"Sentry and Sphere","floor":31.0,"turns":5.0},{"damage":25.0,"enemies":"Champ","floor":33.0,"turns":14.0},{"damage":8.0,"enemies":"3 Darklings","floor":35.0,"turns":5.0},{"damage":0,"enemies":"3 Shapes","floor":36,"turns":7},{"damage":7,"enemies":"Nemesis","floor":40,"turns":7},{"damage":22,"enemies":"Giant Head","floor":42,"turns":9},{"damage":20,"enemies":"Sphere and 2 Shapes","floor":45,"turns":6},{"damage":44,"enemies":"Jaw Worm Horde","floor":46,"turns":8},{"damage":52,"enemies":"Awakened One","floor":50,"turns":13}],"seed_played":"4340813546274771762","potions_obtained":[{"floor":1.0,"key":"SkillPotion"},{"floor":2.0,"key":"SkillPotion"},{"floor":10.0,"key":"BottledMiracle"},{"floor":16.0,"key":"Fruit Juice"},{"floor":18.0,"key":"Swift Potion"},{"floor":21.0,"key":"PowerPotion"},{"floor":33.0,"key":"ColorlessPotion"},{"floor":45,"key":"FearPotion"},{"floor":46,"key":"Energy Potion"}],"is_trial":false,"path_per_floor":["M","M","M","$","?","R","E","M","T","M","M","R","M","?","R","B",null,"M","$","?","M","?","R","M","E","T","R","M","R","M","M","R","B",null,"M","M","?","$","?","E","R","E","T","R","M","M","R","?","R","B"],"character_chosen":"WATCHER","items_purchased":["Apotheosis","Ragnarok","TheAbacus","PathToVictory","Lantern"],"campfire_rested":9,"item_purchase_floors":[4,4,19,38,38],"current_hp_per_floor":[59,59,59,59,48,48,42,15,22,22,22,22,18,11,31,36,65,65,65,65,49,2,24,24,10,10,32,19,41,41,38,60,35,64,56,56,56,56,56,49,71,49,49,71,51,7,29,29,51,0,0],"gold":389,"neow_bonus":"TWO_FIFTY_GOLD","is_daily":false,"chose_seed":false,"campfire_upgraded":2,"win_rate":0.0,"timestamp":1613707180,"path_taken":["M","M","M","$","?","R","E","M","T","M","M","R","M","?","R","BOSS","M","$","?","M","?","R","M","E","T","R","M","R","M","M","R","BOSS","M","M","?","$","?","E","R","E","T","R","M","?","R","?","R","BOSS"],"items_purchased_type":["Card","Card","Relic","Card","Relic"],"build_version":"2020-12-22","purchased_purges":2,"victory":false,"max_hp_per_floor":[62,62,62,62,62,62,62,62,69,69,69,69,69,69,69,74,74,74,74,74,74,74,74,74,74,74,74,74,74,74,74,74,74,74,74,74,74,74,74,74,74,74,74,74,74,74,74,74,74,74,74],"card_choices":[{"not_picked":["Vengeance","FlurryOfBlows"],"picked":"Protect","floor":1.0},{"not_picked":["JustLucky","Halt"],"picked":"PathToVictory","floor":2.0},{"not_picked":["Collect","CrushJoints"],"picked":"FollowUp","floor":3.0},{"not_picked":["Protect","EmptyMind"],"picked":"EmptyBody","floor":7.0},{"not_picked":["Prostrate","PathToVictory"],"picked":"EmptyFist","floor":8.0},{"not_picked":["PathToVictory","Indignation"],"picked":"Study","floor":10.0},{"not_picked":["Fasting2","BowlingBash"],"picked":"PathToVictory","floor":11.0},{"not_picked":["SashWhip","Consecrate"],"picked":"Vault","floor":13.0},{"not_picked":["Establishment","Alpha"],"picked":"DeusExMachina","floor":16.0},{"not_picked":["JustLucky","FlyingSleeves+1"],"picked":"Halt","floor":18.0},{"not_picked":["Consecrate","Pray"],"picked":"WaveOfTheHand+1","floor":21.0},{"not_picked":["BowlingBash","LikeWater"],"picked":"WheelKick","floor":22.0},{"not_picked":["Crescendo","TalkToTheHand+1"],"picked":"Vault","floor":24.0},{"not_picked":["Halt","SashWhip","CrushJoints"],"picked":"SKIP","floor":25.0},{"not_picked":["Tantrum","WindmillStrike"],"picked":"Evaluate","floor":28.0},{"not_picked":["CrushJoints","Protect"],"picked":"Adaptation","floor":30.0},{"not_picked":["Halt","ThirdEye+1"],"picked":"InnerPeace","floor":31.0},{"not_picked":["Judgement","Brilliance"],"picked":"Omniscience","floor":33.0},{"not_picked":["Nirvana+1","Halt"],"picked":"Perseverance","floor":35.0},{"not_picked":["Evaluate","BowlingBash+1","JustLucky"],"picked":"SKIP","floor":36},{"not_picked":["Protect","Prostrate","SashWhip"],"picked":"SKIP","floor":40},{"not_picked":["Vengeance","BowlingBash","LessonLearned"],"picked":"SKIP","floor":42},{"not_picked":["FollowUp","ReachHeaven","EmptyFist+1"],"picked":"SKIP","floor":45},{"not_picked":["Weave","BattleHymn","EmptyBody"],"picked":"SKIP","floor":46}],"player_experience":732782,"relics_obtained":[{"floor":7.0,"key":"Vajra"},{"floor":9.0,"key":"Strawberry"},{"floor":22.0,"key":"Red Mask"},{"floor":25.0,"key":"Shuriken"},{"floor":26.0,"key":"Whetstone"},{"floor":40,"key":"Pen Nib"},{"floor":42,"key":"The Courier"},{"floor":43,"key":"Bottled Tornado"}],"event_choices":[{"damage_healed":0.0,"max_hp_gain":0.0,"max_hp_loss":0.0,"gold_gain":75.0,"event_name":"World of Goop","player_choice":"Gather Gold","floor":5.0,"gold_loss":0.0,"damage_taken":11.0},{"cards_removed":["Strike_P"],"damage_healed":0.0,"max_hp_gain":0.0,"max_hp_loss":0.0,"gold_gain":0.0,"event_name":"Golden Wing","player_choice":"Card Removal","floor":14.0,"gold_loss":0.0,"damage_taken":7.0},{"damage_healed":0.0,"max_hp_gain":0.0,"max_hp_loss":0.0,"gold_gain":0.0,"event_name":"The Library","player_choice":"Read","floor":20.0,"gold_loss":0.0,"damage_taken":0.0,"cards_obtained":["TalkToTheHand"]},{"damage_healed":0.0,"max_hp_gain":0.0,"max_hp_loss":0.0,"gold_gain":0.0,"event_name":"Masked Bandits","player_choice":"Fought Bandits","floor":22.0,"gold_loss":0.0,"damage_taken":0.0},{"cards_removed":["Eruption"],"damage_healed":0,"gold_gain":0,"player_choice":"Removed Attack","damage_taken":0,"max_hp_gain":0,"max_hp_loss":0,"event_name":"Falling","floor":37,"gold_loss":0},{"cards_removed":["Defend_P"],"damage_healed":0,"gold_gain":0,"player_choice":"Purged","damage_taken":0,"max_hp_gain":0,"max_hp_loss":0,"event_name":"Purifier","floor":39,"gold_loss":0},{"damage_healed":0,"gold_gain":222,"player_choice":"Wore Mask","damage_taken":0,"max_hp_gain":0,"max_hp_loss":0,"event_name":"Tomb of Lord Red Mask","floor":48,"gold_loss":0}],"is_beta":false,"boss_relics":[{"not_picked":["Snecko Eye","Velvet Choker"],"picked":"Fusion Hammer"},{"not_picked":["Runic Pyramid","Coffee Dripper"],"picked":"VioletLotus"}],"items_purged_floors":[19,38],"is_endless":false,"potions_floor_spawned":[1,2,10,13,16,18,21,22,33,45,46],"killed_by":"Awakened One","ascension_level":19}}