{"host":"7s0ipaqx8m4pdduf","time":1613731326,"event":{"mods":["BaseMod","BetterRewards","Colored Map","Infinite Spire","Minty Spire (QoL Compilation)","StSLib","SuperFastMode","The Animator"],"gold_per_floor":[113,113,127,143,218,253,253,270,294,324,324,324,324,341,341,413,413,428,445,461,461,481,481,5,15,15,15,15,15,25,25,25,101,101,121,121,121,131,31,31,41,58,58,58,58],"floor_reached":44,"language":"ENG","playtime":1251,"items_purged":["Strike_G","animator:Curse_Greed"],"score":802,"play_id":"0be6ab97-9461-4035-865b-2c14f48aedef","local_time":"20210219114206","is_ascension_mode":true,"campfire_choices":[{"data":"Backstab","floor":7,"key":"SMITH"},{"floor":13,"key":"REST"},{"data":"Neutralize","floor":15,"key":"SMITH"},{"floor":23,"key":"REST"},{"data":"A Thousand Cuts","floor":27,"key":"SMITH"},{"data":"Infinite Blades","floor":29,"key":"SMITH"},{"floor":32,"key":"REST"},{"data":"infinitespire:UltimateForm","floor":40,"key":"SMITH"}],"circlet_count":0,"master_deck":["AscendersBane","Strike_G","Strike_G","Strike_G","Defend_G","Defend_G","Defend_G","Defend_G","Defend_G","Survivor","Neutralize+1","Bouncing Flask","Well Laid Plans","Backstab+1","Flying Knee","Cloak And Dagger","Blur","A Thousand Cuts+1","Terror","Backstab","infinitespire:TheBestDefense","Infinite Blades","Accuracy","Blade Dance","Infinite Blades+1","Die Die Die","Deadly Poison+1","infinitespire:UltimateForm+1","Writhe","Noxious Fumes","Pain"],"relics":["Ring of the Snake","NeowsBlessing","Letter Opener","infinitespire:Bottled Soul","Pen Nib","StrikeDummy","Mercury Hourglass","Cursed Key","Ornamental Fan","Ice Cream","Mango","infinitespire:Cupcake","Paper Crane"],"acts_visited":["Exordium","TheCity","TheBeyond"],"potions_floor_usage":[6,19,19,22,35,42],"damage_taken":[{"damage":0,"enemies":"Cultist","floor":1,"turns":1},{"damage":0,"enemies":"Small Slimes","floor":3,"turns":1},{"damage":0,"enemies":"Jaw Worm","floor":4,"turns":1},{"damage":2,"enemies":"Gremlin Nob","floor":6,"turns":3},{"damage":0,"enemies":"Exordium Thugs","floor":8,"turns":5},{"damage":32,"enemies":"3 Sentries","floor":10,"turns":11},{"damage":0,"enemies":"Blue Slaver","floor":14,"turns":2},{"damage":18,"enemies":"The Guardian","floor":16,"turns":8},{"damage":0,"enemies":"3 Byrds","floor":18,"turns":3},{"damage":1,"enemies":"2 Thieves","floor":19,"turns":3},{"damage":15,"enemies":"Chosen and Byrds","floor":20,"turns":5},{"damage":24,"enemies":"Snake Plant","floor":22,"turns":3},{"damage":2,"enemies":"Cultist and Chosen","floor":25,"turns":5},{"damage":12,"enemies":"Colosseum Slavers","floor":28,"turns":4},{"damage":5,"enemies":"Snecko","floor":30,"turns":4},{"damage":35,"enemies":"Champ","floor":33,"turns":7},{"damage":4,"enemies":"3 Darklings","floor":35,"turns":3},{"damage":5,"enemies":"Orb Walker","floor":38,"turns":4},{"damage":24,"enemies":"Jaw Worm Horde","floor":41,"turns":4},{"damage":14,"enemies":"4 Shapes","floor":42,"turns":3},{"damage":19,"enemies":"Writhing Mass","floor":44,"turns":3}],"seed_played":"-885955305253756919","potions_obtained":[{"floor":4,"key":"Poison Potion"},{"floor":10,"key":"ColorlessPotion"},{"floor":16,"key":"ColorlessPotion"},{"floor":19,"key":"SpeedPotion"},{"floor":22,"key":"Fruit Juice"},{"floor":30,"key":"Explosive Potion"},{"floor":33,"key":"Poison Potion"},{"floor":35,"key":"DuplicationPotion"}],"is_trial":false,"path_per_floor":["M","T","M","M","?","E","R","M","T","E","?","T","R","M","R","B",null,"M","M","M","AVR","M","R","$","M","T","R","?","R","M","?","R","B",null,"M","?","?","M","$","R","M","M","T","M"],"character_chosen":"THE_SILENT","items_purchased":["Accuracy","Ice Cream","Blade Dance"],"campfire_rested":3,"item_purchase_floors":[24,24,24],"current_hp_per_floor":[59,59,59,59,48,46,46,46,46,14,14,14,33,33,33,15,53,53,52,37,37,18,39,39,37,51,51,39,39,34,34,59,24,70,66,45,62,57,57,57,33,19,19,0,0],"gold":58,"neow_bonus":"THREE_ENEMY_KILL","is_daily":false,"chose_seed":false,"campfire_upgraded":5,"win_rate":0.0,"timestamp":1613731326,"path_taken":["M","?","?","M","?","E","R","M","T","E","?","?","R","M","R","BOSS","M","M","M","AVR","M","R","$","M","T","R","?","R","M","?","R","BOSS","M","?","?","M","?","R","M","M","T","M"],"items_purchased_type":["Card","Relic","Card"],"build_version":"2020-12-22","purchased_purges":2,"victory":false,"max_hp_per_floor":[66,66,66,66,66,66,66,66,66,66,66,66,66,66,66,66,66,66,66,66,66,71,71,71,71,85,85,85,85,85,85,85,85,85,85,85,85,85,85,85,85,85,85,85,85],"card_choices":[{"not_picked":["Deflect","PiercingWail"],"picked":"Bouncing Flask","floor":1},{"not_picked":["Backflip","Flechettes"],"picked":"Well Laid Plans","floor":3},{"not_picked":["Outmaneuver","Sucker Punch"],"picked":"Backstab","floor":4},{"not_picked":["Predator","Prepared"],"picked":"Flying Knee","floor":6},{"not_picked":["Finisher","Deadly Poison","Masterful Stab"],"picked":"SKIP","floor":8},{"not_picked":["Concentrate","Deflect"],"picked":"Cloak And Dagger","floor":10},{"not_picked":["Concentrate","Prepared"],"picked":"Blur","floor":14},{"not_picked":["infinitespire:Neurotoxin","Glass Knife"],"picked":"A Thousand Cuts","floor":16},{"not_picked":["Deflect","Flechettes","Quick Slash"],"picked":"SKIP","floor":18},{"not_picked":["Dagger Spray","Quick Slash"],"picked":"Terror","floor":19},{"not_picked":["Bane","Tactician"],"picked":"Backstab","floor":20},{"not_picked":["Dash","Masterful Stab"],"picked":"Infinite Blades","floor":22},{"not_picked":["Wraith Form v2","Deflect"],"picked":"Infinite Blades","floor":25},{"not_picked":["Terror","Dodge and Roll","Deadly Poison"],"picked":"SKIP","floor":30},{"not_picked":["Venomology","Phantasmal Killer"],"picked":"Die Die Die","floor":33},{"not_picked":["Dodge and Roll","Terror"],"picked":"Deadly Poison+1","floor":35},{"not_picked":["infinitespire:Fortify","infinitespire:TheBestDefense"],"picked":"infinitespire:UltimateForm","floor":36},{"not_picked":["Outmaneuver+1","Endless Agony","Sucker Punch"],"picked":"SKIP","floor":38},{"not_picked":["Backflip","infinitespire:Neurotoxin"],"picked":"Noxious Fumes","floor":41},{"not_picked":["Quick Slash","Heel Hook","Leg Sweep"],"picked":"SKIP","floor":42}],"player_experience":2421878,"relics_obtained":[{"floor":2,"key":"Letter Opener"},{"floor":6,"key":"infinitespire:Bottled Soul"},{"floor":9,"key":"Pen Nib"},{"floor":10,"key":"StrikeDummy"},{"floor":12,"key":"Mercury Hourglass"},{"floor":26,"key":"Mango"},{"floor":43,"key":"Paper Crane"}],"event_choices":[{"damage_healed":0,"gold_gain":75,"player_choice":"Gather Gold","damage_taken":11,"max_hp_gain":0,"max_hp_loss":0,"event_name":"World of Goop","floor":5,"gold_loss":0},{"cards_removed":["Strike_G"],"damage_healed":0,"gold_gain":0,"player_choice":"Forget","damage_taken":0,"max_hp_gain":0,"max_hp_loss":0,"event_name":"Living Wall","floor":11,"gold_loss":0},{"damage_healed":0,"gold_gain":0,"player_choice":"Fight","damage_taken":0,"max_hp_gain":0,"max_hp_loss":0,"event_name":"Colosseum","floor":28,"gold_loss":0},{"damage_healed":0,"gold_gain":0,"player_choice":"Fled From Nobs","damage_taken":0,"max_hp_gain":0,"max_hp_loss":0,"event_name":"Colosseum","floor":28,"gold_loss":0},{"damage_healed":0,"gold_gain":0,"player_choice":"Ignored","damage_taken":0,"max_hp_gain":0,"max_hp_loss":0,"event_name":"Ghosts","floor":31,"gold_loss":0},{"damage_healed":17,"gold_gain":0,"player_choice":"Writhe","damage_taken":0,"max_hp_gain":0,"max_hp_loss":0,"event_name":"Winding Halls","floor":37,"gold_loss":0,"cards_obtained":["Writhe"]}],"is_beta":false,"boss_relics":[{"not_picked":["Velvet Choker","Philosopher\u0027s Stone"],"picked":"Cursed Key"},{"not_picked":["HoveringKite","Empty Cage"],"picked":"infinitespire:Cupcake"}],"items_purged_floors":[24,39],"is_endless":false,"potions_floor_spawned":[4,10,16,19,22,30,33,35],"killed_by":"Writhing Mass","ascension_level":17}}