{"host":"7wi4qgm5yw4j7oz0","time":1613744353,"event":{"mods":["AchievementEnabler","BaseMod","Block Reminder","Colored Map","Colored Powertips","Highlight Path","Minty Spire (QoL Compilation)","Permanent Neow","Random Character Button","StSLib","SuperFastMode","everything is the same but u backflip on backflip"],"gold_per_floor":[117,127,146,161,181,181,197,197,197,197,217,251,271,289,289,365,365,347,49,64,14,25,25,25,25],"floor_reached":24,"language":"KOR","playtime":977,"items_purged":["Strike_R","Strike_R"],"score":270,"play_id":"f2c9d0d2-35a5-4906-bfa1-47183f26d295","local_time":"20210219231913","is_ascension_mode":true,"campfire_choices":[{"data":"Body Slam","floor":6.0,"key":"SMITH"},{"data":"Body Slam","floor":8.0,"key":"SMITH"},{"data":"Pommel Strike","floor":10.0,"key":"SMITH"},{"floor":15.0,"key":"REST"},{"floor":23,"key":"REST"}],"circlet_count":0,"master_deck":["AscendersBane","Strike_R","Strike_R","Strike_R","Defend_R","Defend_R","Defend_R","Defend_R","Bash+1","Body Slam+1","Pommel Strike+1","Body Slam+1","Headbutt","Iron Wave","Shrug It Off","Flame Barrier","Ghostly Armor","Barricade","Second Wind"],"relics":["Burning Blood","Potion Belt","Orichalcum","SlaversCollar","Membership Card","PreservedInsect"],"acts_visited":["Exordium","TheCity"],"potions_floor_usage":[16,16,16,22],"damage_taken":[{"damage":6.0,"enemies":"Cultist","floor":1.0,"turns":4.0},{"damage":4.0,"enemies":"2 Louse","floor":2.0,"turns":3.0},{"damage":8.0,"enemies":"Jaw Worm","floor":3.0,"turns":4.0},{"damage":6.0,"enemies":"3 Louse","floor":4.0,"turns":4.0},{"damage":16.0,"enemies":"Looter","floor":5.0,"turns":4.0},{"damage":8.0,"enemies":"Exordium Wildlife","floor":7.0,"turns":5.0},{"damage":22.0,"enemies":"3 Louse","floor":11.0,"turns":5.0},{"damage":20.0,"enemies":"3 Sentries","floor":12.0,"turns":8.0},{"damage":7.0,"enemies":"Large Slime","floor":13.0,"turns":6.0},{"damage":1.0,"enemies":"Looter","floor":14.0,"turns":3.0},{"damage":49,"enemies":"Slime Boss","floor":16,"turns":10},{"damage":29,"enemies":"2 Thieves","floor":18,"turns":4},{"damage":12,"enemies":"Chosen","floor":20,"turns":8},{"damage":26,"enemies":"Snake Plant","floor":22,"turns":6},{"damage":29,"enemies":"Cultist and Chosen","floor":24,"turns":5}],"seed_played":"3600422886532314240","potions_obtained":[{"floor":4.0,"key":"Weak Potion"},{"floor":5.0,"key":"Weak Potion"},{"floor":12.0,"key":"Energy Potion"},{"floor":13.0,"key":"BlessingOfTheForge"},{"floor":18,"key":"Dexterity Potion"},{"floor":20,"key":"Weak Potion"}],"is_trial":false,"path_per_floor":["M","M","M","M","M","R","M","R","T","R","M","E","M","M","R","B",null,"M","$","M","$","M","R","M"],"character_chosen":"IRONCLAD","items_purchased":["Membership Card","PreservedInsect"],"campfire_rested":2,"item_purchase_floors":[19,19],"current_hp_per_floor":[68,70,68,68,58,58,56,56,56,56,40,26,25,30,52,9,59,36,36,30,30,10,32,3,3],"gold":25,"neow_bonus":"UPGRADE_CARD","is_daily":false,"chose_seed":false,"campfire_upgraded":3,"win_rate":0.0,"timestamp":1613744353,"path_taken":["M","M","M","M","M","R","M","R","T","R","?","E","M","M","R","BOSS","M","$","M","$","M","R","M"],"items_purchased_type":["Relic","Relic"],"build_version":"2020-12-22","purchased_purges":2,"victory":false,"max_hp_per_floor":[75,75,75,75,75,75,75,75,75,75,75,75,75,75,75,75,75,75,75,75,75,75,75,75,75],"card_choices":[{"not_picked":["Twin Strike","Sword Boomerang"],"picked":"Body Slam","floor":1.0},{"not_picked":["Rupture","Twin Strike"],"picked":"Pommel Strike","floor":2.0},{"not_picked":["Armaments","Sever Soul"],"picked":"Body Slam","floor":3.0},{"not_picked":["Brutality","Ghostly Armor"],"picked":"Headbutt","floor":4.0},{"not_picked":["Clothesline","Warcry"],"picked":"Iron Wave","floor":5.0},{"not_picked":["Sword Boomerang","Body Slam"],"picked":"Shrug It Off","floor":7.0},{"not_picked":["Ghostly Armor","Warcry"],"picked":"Flame Barrier","floor":11.0},{"not_picked":["Heavy Blade","Reckless Charge"],"picked":"Ghostly Armor","floor":12.0},{"not_picked":["Flex","Warcry","Limit Break"],"picked":"SKIP","floor":13.0},{"not_picked":["Heavy Blade","Sword Boomerang","Infernal Blade"],"picked":"SKIP","floor":14.0},{"not_picked":["Juggernaut","Feed"],"picked":"Barricade","floor":16},{"not_picked":["Evolve","Wild Strike","Headbutt"],"picked":"SKIP","floor":18},{"not_picked":["Intimidate","Sever Soul"],"picked":"Second Wind","floor":20},{"not_picked":["Second Wind","Body Slam","True Grit"],"picked":"SKIP","floor":22}],"player_experience":337081,"relics_obtained":[{"floor":9.0,"key":"Potion Belt"},{"floor":12.0,"key":"Orichalcum"}],"event_choices":[],"is_beta":false,"boss_relics":[{"not_picked":["Tiny House","Black Star"],"picked":"SlaversCollar"}],"items_purged_floors":[19,21],"is_endless":false,"potions_floor_spawned":[4,5,12,13,18,20],"killed_by":"Cultist and Chosen","ascension_level":15}}