{"host":"nz3b9aqbmxhcwgr9","time":1613711028,"event":{"mods":["BaseMod","Marisa????????","Minty Spire (QoL Compilation)","Quick Restart","Relic Stats","StSLib","Waifu the Spire"],"gold_per_floor":[362,374,393,202,273,273,304,304,331,331,331,331,331,356,356,452,452,473,55,74,74,74],"floor_reached":21,"language":"ENG","playtime":632,"items_purged":["Decay","Masterful Stab"],"score":292,"play_id":"69283173-d23b-4feb-a34a-8597ae7638a2","local_time":"20210218230348","is_ascension_mode":true,"campfire_choices":[{"data":"Dagger Spray","floor":6,"key":"SMITH"},{"floor":12,"key":"REST"},{"data":"Dash","floor":15,"key":"SMITH"}],"circlet_count":0,"master_deck":["AscendersBane","Survivor","Neutralize","Dash+1","Leg Sweep","Dagger Spray+1","Skewer+1","Accuracy","PiercingWail","After Image","Venomology","Deflect","Sucker Punch","Heel Hook","Infinite Blades","Doppelganger","Terror","Predator","Choke","Backflip","Blade Dance","Glass Knife","Footwork+1"],"relics":["Ring of the Snake","Akabeko","Golden Idol","PreservedInsect","Mercury Hourglass","Pandora\u0027s Box","Membership Card","Ornamental Fan"],"acts_visited":["Exordium","TheCity"],"potions_floor_usage":[16,16,21,21,21,21],"damage_taken":[{"damage":6,"enemies":"Jaw Worm","floor":1,"turns":7},{"damage":0,"enemies":"2 Louse","floor":2,"turns":3},{"damage":0,"enemies":"Small Slimes","floor":3,"turns":4},{"damage":19,"enemies":"3 Sentries","floor":7,"turns":9},{"damage":0,"enemies":"2 Fungi Beasts","floor":14,"turns":1},{"damage":13,"enemies":"The Guardian","floor":16,"turns":12},{"damage":8,"enemies":"Shell Parasite","floor":18,"turns":5},{"damage":17,"enemies":"2 Thieves","floor":20,"turns":4},{"damage":41,"enemies":"Shelled Parasite and Fungi","floor":21,"turns":3}],"seed_played":"-7378900979478221674","potions_obtained":[{"floor":3,"key":"CunningPotion"},{"floor":14,"key":"Fire Potion"},{"floor":16,"key":"Regen Potion"}],"is_trial":false,"path_per_floor":["M","M","M","$","?","R","E","?","T","?","?","R","?","M","R","B",null,"M","$","M","M"],"character_chosen":"THE_SILENT","items_purchased":["Skewer","Accuracy","Membership Card","Blade Dance","Glass Knife","Ornamental Fan"],"campfire_rested":1,"item_purchase_floors":[4,4,19,19,19,19],"current_hp_per_floor":[57,57,57,57,57,57,38,38,38,38,13,32,53,53,53,40,59,51,51,34,0,0],"gold":74,"neow_bonus":"TWO_FIFTY_GOLD","is_daily":false,"chose_seed":false,"campfire_upgraded":2,"win_rate":0.0,"timestamp":1613711028,"path_taken":["M","M","M","$","?","R","E","?","T","?","?","R","?","M","R","BOSS","M","$","M","M"],"items_purchased_type":["Card","Card","Relic","Card","Card","Relic"],"build_version":"2020-12-22","purchased_purges":2,"victory":false,"max_hp_per_floor":[70,70,70,70,70,70,70,65,65,65,65,65,65,65,65,65,65,65,65,65,65,65],"relic_stats":{"counters":[9,48],"Golden Idol":32,"Ornamental Fan":[16],"Pandora\u0027s Box":["Venomology","Deflect","Sucker Punch","Heel Hook","Infinite Blades","Doppelganger","Terror","Predator","Choke","Masterful Stab"],"PreservedInsect":0,"obtain_stats":[{"Golden Idol":8,"Ornamental Fan":19,"Pandora\u0027s Box":17,"PreservedInsect":9,"Membership Card":19,"Akabeko":7,"Ring of the Snake":0,"Mercury Hourglass":11},{"Golden Idol":4,"Ornamental Fan":7,"Pandora\u0027s Box":6,"PreservedInsect":4,"Membership Card":7,"Akabeko":4,"Ring of the Snake":0,"Mercury Hourglass":4},{"Golden Idol":23,"Ornamental Fan":41,"Pandora\u0027s Box":36,"PreservedInsect":23,"Membership Card":41,"Akabeko":23,"Ring of the Snake":0,"Mercury Hourglass":23}],"Ring of the Snake":[18],"Mercury Hourglass":[66]},"card_choices":[{"not_picked":["Deadly Poison","Outmaneuver"],"picked":"Dash","floor":1},{"not_picked":["Poisoned Stab","Underhanded Strike"],"picked":"Leg Sweep","floor":2},{"not_picked":["PiercingWail","Acrobatics"],"picked":"Dagger Spray","floor":3},{"not_picked":["Slice","Flechettes","Unload"],"picked":"SKIP","floor":7},{"not_picked":["Outmaneuver","Quick Slash"],"picked":"PiercingWail","floor":14},{"not_picked":["Doppelganger","Die Die Die"],"picked":"After Image","floor":16},{"not_picked":["Prepared","Heel Hook"],"picked":"Backflip","floor":18},{"not_picked":["Blur","Backstab"],"picked":"Footwork+1","floor":20}],"player_experience":856582,"relics_obtained":[{"floor":7,"key":"Akabeko"},{"floor":9,"key":"PreservedInsect"}],"event_choices":[{"damage_healed":0,"gold_gain":71,"player_choice":"Gained Gold","damage_taken":0,"max_hp_gain":0,"max_hp_loss":0,"event_name":"Golden Wing","floor":5,"gold_loss":0},{"damage_healed":0,"gold_gain":0,"player_choice":"Lose Max HP","damage_taken":0,"relics_obtained":["Golden Idol"],"max_hp_gain":0,"max_hp_loss":5,"event_name":"Golden Idol","floor":8,"gold_loss":0},{"damage_healed":0,"gold_gain":0,"player_choice":"Grow","damage_taken":0,"max_hp_gain":0,"max_hp_loss":0,"event_name":"Living Wall","floor":10,"gold_loss":0,"cards_upgraded":["Skewer"]},{"damage_healed":0,"gold_gain":0,"player_choice":"Success","damage_taken":25,"relics_obtained":["Mercury Hourglass"],"max_hp_gain":0,"max_hp_loss":0,"event_name":"Scrap Ooze","floor":11,"gold_loss":0},{"damage_healed":21,"gold_gain":0,"player_choice":"Banana","damage_taken":0,"max_hp_gain":0,"max_hp_loss":0,"event_name":"Big Fish","floor":13,"gold_loss":0}],"is_beta":false,"boss_relics":[{"not_picked":["Sozu","Snecko Eye"],"picked":"Pandora\u0027s Box"}],"items_purged_floors":[4,19],"is_endless":false,"potions_floor_spawned":[3,14,16,20],"killed_by":"Shelled Parasite and Fungi","ascension_level":13}}