{"host":"vpaavrwbmey593fx","time":1613754032,"event":{"mods":["AchievementEnabler","BaseMod","Bestiary","Colored Map","Colored Powertips","DeckTracker","Minty Spire (QoL Compilation)","Relic Sorter"],"gold_per_floor":[119,129,141,141,152,152,167,199,251,261,261,261,26,49,49,145,145,164,364,381,391,59,59,59,85,85,85,105,135,148,160,160,160,160],"floor_reached":33,"language":"ENG","playtime":3746,"items_purged":["Regret"],"score":347,"play_id":"72756c3a-9502-46dc-927f-c2b3abe9465d","local_time":"20210219090032","is_ascension_mode":true,"campfire_choices":[{"data":"Eruption","floor":11.0,"key":"SMITH"},{"floor":15.0,"key":"REST"},{"floor":23.0,"key":"REST"},{"floor":32.0,"key":"REST"}],"circlet_count":0,"master_deck":["Strike_P+1","Strike_P+1","Strike_P+1","Strike_P","Defend_P","Defend_P","Defend_P","Defend_P+1","Eruption+1","Vigilance","MasterReality+1","Halt","DeceiveReality+1","Ragnarok+1","Wallop","LessonLearned","Sanctity","Alpha","Indignation+1","Wireheading","JustLucky+1","Evaluate+1","Swivel","EmptyBody+1"],"relics":["PureWater","Boot","Oddly Smooth Stone","Odd Mushroom","Runic Pyramid","Membership Card","Yang","StrikeDummy","Turnip","Dream Catcher"],"acts_visited":["Exordium","TheCity"],"potions_floor_usage":[33,33],"damage_taken":[{"damage":15.0,"enemies":"Small Slimes","floor":1.0,"turns":6.0},{"damage":5.0,"enemies":"Cultist","floor":2.0,"turns":3.0},{"damage":3.0,"enemies":"2 Louse","floor":3.0,"turns":3.0},{"damage":17.0,"enemies":"Large Slime","floor":5.0,"turns":6.0},{"damage":2.0,"enemies":"Looter","floor":7.0,"turns":3.0},{"damage":15.0,"enemies":"3 Sentries","floor":8.0,"turns":9.0},{"damage":1.0,"enemies":"Red Slaver","floor":10.0,"turns":4.0},{"damage":13.0,"enemies":"The Mushroom Lair","floor":14.0,"turns":3.0},{"damage":4.0,"enemies":"Hexaghost","floor":16.0,"turns":9.0},{"damage":1.0,"enemies":"Spheric Guardian","floor":18.0,"turns":4.0},{"damage":1.0,"enemies":"Chosen","floor":20.0,"turns":3.0},{"damage":21.0,"enemies":"Shelled Parasite and Fungi","floor":21.0,"turns":6.0},{"damage":18.0,"enemies":"Gremlin Leader","floor":25.0,"turns":6.0},{"damage":1.0,"enemies":"Cultist and Chosen","floor":28.0,"turns":6.0},{"damage":33.0,"enemies":"Book of Stabbing","floor":29.0,"turns":7.0},{"damage":3.0,"enemies":"Snake Plant","floor":30.0,"turns":2.0},{"damage":0.0,"enemies":"Centurion and Healer","floor":31.0,"turns":4.0},{"damage":42,"enemies":"Automaton","floor":33,"turns":6}],"seed_played":"-6552621084103611036","potions_obtained":[{"floor":1.0,"key":"Ambrosia"},{"floor":3.0,"key":"AttackPotion"},{"floor":7.0,"key":"StancePotion"},{"floor":14.0,"key":"SteroidPotion"},{"floor":16.0,"key":"Explosive Potion"},{"floor":20.0,"key":"BlessingOfTheForge"},{"floor":21.0,"key":"FearPotion"},{"floor":28.0,"key":"Explosive Potion"},{"floor":29.0,"key":"Strength Potion"},{"floor":30.0,"key":"Weak Potion"}],"is_trial":false,"path_per_floor":["M","M","M","?","M","?","M","E","T","M","R","?","$","?","R","B",null,"M","?","M","M","$","R","?","E","T","?","M","E","M","M","R","B"],"character_chosen":"WATCHER","items_purchased":["LessonLearned","Membership Card","Yang","Wireheading","Energy Potion"],"campfire_rested":3,"item_purchase_floors":[13,22,22,22,22],"current_hp_per_floor":[57,52,49,49,32,32,30,15,15,14,14,14,14,1,22,18,72,71,71,70,49,49,70,70,52,52,52,51,18,15,15,36,0,0],"gold":160,"neow_bonus":"THREE_RARE_CARDS","is_daily":false,"chose_seed":false,"campfire_upgraded":1,"win_rate":0.0,"timestamp":1613754032,"path_taken":["M","M","M","?","M","?","M","E","T","?","R","?","$","?","R","BOSS","M","?","M","?","$","R","?","E","T","?","M","E","M","M","R","BOSS"],"items_purchased_type":["Card","Relic","Relic","Card","Potion"],"build_version":"2020-12-22","purchased_purges":1,"victory":false,"max_hp_per_floor":[72,72,72,72,72,72,72,72,72,72,72,72,72,72,72,72,72,72,72,72,72,72,72,72,72,72,72,72,72,72,72,72,72,72],"card_choices":[{"not_picked":["DeusExMachina","Scrawl"],"picked":"MasterReality","floor":0.0},{"not_picked":["ThirdEye","Prostrate","Crescendo"],"picked":"SKIP","floor":1.0},{"not_picked":["JustLucky","PathToVictory"],"picked":"Halt","floor":2.0},{"not_picked":["Halt","Evaluate","EmptyBody"],"picked":"SKIP","floor":3.0},{"not_picked":["ClearTheMind","Swivel"],"picked":"DeceiveReality","floor":5.0},{"not_picked":["EmptyMind","Indignation"],"picked":"Wallop","floor":7.0},{"not_picked":["Collect","PathToVictory","WindmillStrike"],"picked":"SKIP","floor":10.0},{"not_picked":["Vengeance","FollowUp"],"picked":"Sanctity","floor":14.0},{"not_picked":["LessonLearned","MasterReality"],"picked":"Alpha","floor":16.0},{"not_picked":["CutThroughFate","EmptyFist+1"],"picked":"Indignation","floor":18.0},{"not_picked":["BowlingBash","EmptyFist+1","Indignation+1"],"picked":"SKIP","floor":20.0},{"not_picked":["Fasting2","EmptyFist","MentalFortress+1"],"picked":"SKIP","floor":21.0},{"not_picked":["WreathOfFlame","Judgement"],"picked":"JustLucky+1","floor":25.0},{"not_picked":["PathToVictory+1","SignatureMove+1"],"picked":"Evaluate+1","floor":28.0},{"not_picked":["Alpha","WreathOfFlame"],"picked":"Swivel","floor":29.0},{"not_picked":["FlyingSleeves+1","Pray"],"picked":"EmptyBody+1","floor":30.0},{"not_picked":["Indignation","FollowUp","CutThroughFate+1"],"picked":"SKIP","floor":31.0}],"player_experience":377579,"relics_obtained":[{"floor":8.0,"key":"Boot"},{"floor":9.0,"key":"Oddly Smooth Stone"},{"floor":14.0,"key":"Odd Mushroom"},{"floor":25.0,"key":"StrikeDummy"},{"floor":26.0,"key":"Turnip"},{"floor":29.0,"key":"Dream Catcher"}],"event_choices":[{"damage_healed":0.0,"max_hp_gain":0.0,"max_hp_loss":0.0,"gold_gain":0.0,"event_name":"Liars Game","player_choice":"Ignored","floor":4.0,"gold_loss":0.0,"damage_taken":0.0},{"damage_healed":0.0,"max_hp_gain":0.0,"max_hp_loss":0.0,"gold_gain":0.0,"event_name":"Match and Keep!","player_choice":"1 cards matched","floor":6.0,"gold_loss":0.0,"damage_taken":0.0,"cards_obtained":["Ragnarok"]},{"damage_healed":0.0,"max_hp_gain":0.0,"max_hp_loss":0.0,"gold_gain":0.0,"event_name":"Match and Keep!","player_choice":"1 cards matched","floor":6.0,"gold_loss":0.0,"damage_taken":0.0,"cards_obtained":["Ragnarok"]},{"damage_healed":0.0,"max_hp_gain":0.0,"max_hp_loss":0.0,"gold_gain":0.0,"event_name":"Match and Keep!","player_choice":"1 cards matched","floor":6.0,"gold_loss":0.0,"damage_taken":0.0,"cards_obtained":["Ragnarok"]},{"damage_healed":0.0,"max_hp_gain":0.0,"max_hp_loss":0.0,"gold_gain":0.0,"event_name":"Golden Idol","player_choice":"Ignored","floor":12.0,"gold_loss":0.0,"damage_taken":0.0},{"damage_healed":0.0,"max_hp_gain":0.0,"max_hp_loss":0.0,"gold_gain":0.0,"event_name":"Mushrooms","player_choice":"Fought Mushrooms","floor":14.0,"gold_loss":0.0,"damage_taken":0.0},{"damage_healed":0.0,"max_hp_gain":0.0,"max_hp_loss":0.0,"gold_gain":200.0,"event_name":"Wheel of Change","player_choice":"Gold","floor":19.0,"gold_loss":0.0,"damage_taken":0.0},{"damage_healed":0.0,"max_hp_gain":0.0,"max_hp_loss":0.0,"gold_gain":0.0,"event_name":"Ghosts","player_choice":"Ignored","floor":27.0,"gold_loss":0.0,"damage_taken":0.0}],"is_beta":false,"boss_relics":[{"not_picked":["Cursed Key","HolyWater"],"picked":"Runic Pyramid"}],"items_purged_floors":[13],"is_endless":false,"potions_floor_spawned":[1,3,7,14,16,20,21,28,29,30],"killed_by":"Automaton","ascension_level":4}}