{"host":"yhhyog5h1q67ienp","time":1613756559,"event":{"mods":["AchievementEnabler","BaseMod","Block Reminder","Colored Map","Colored Powertips","Minty Spire (QoL Compilation)","Quick Restart","Relic Stats","StSLib","ojb\u0027s Better Paths Mod","ojb\u0027s Info Mod"],"gold_per_floor":[44,85,135,8,22,22,39,64,64,64,95,95,126,126,126,201,201,248,248,248,248],"floor_reached":20,"language":"ENG","playtime":1868,"items_purged":["Strike_P"],"score":430,"play_id":"611dc6b4-5c7c-4a25-950a-bc513f060f1b","local_time":"20210219144239","is_ascension_mode":true,"campfire_choices":[{"data":"Eruption","floor":6,"key":"SMITH"},{"floor":10,"key":"REST"},{"data":"Blasphemy","floor":12,"key":"SMITH"},{"data":"Wish","floor":15,"key":"SMITH"}],"circlet_count":0,"master_deck":["AscendersBane","Eruption+1","Vigilance","Wish+1","FollowUp","SashWhip","JustLucky","Crescendo","Blasphemy+1","ThirdEye","JustLucky","EmptyFist","Scrawl","ClearTheMind","ReachHeaven","JustLucky","SandsOfTime","Wireheading","Perseverance","EmptyBody","Consecrate"],"relics":["PureWater","Nunchaku","TeardropLocket","GoldenEye","Smiling Mask","Pandora\u0027s Box"],"acts_visited":["Exordium","TheCity"],"potions_floor_usage":[5,11,16],"damage_taken":[{"damage":4,"enemies":"Jaw Worm","floor":1,"turns":5},{"damage":4,"enemies":"Cultist","floor":2,"turns":5},{"damage":2,"enemies":"Small Slimes","floor":5,"turns":3},{"damage":13,"enemies":"3 Louse","floor":7,"turns":3},{"damage":20,"enemies":"Gremlin Nob","floor":8,"turns":3},{"damage":16,"enemies":"3 Sentries","floor":11,"turns":14},{"damage":0,"enemies":"Lagavulin","floor":13,"turns":4},{"damage":8,"enemies":"Hexaghost","floor":16,"turns":9},{"damage":2,"enemies":"2 Thieves","floor":18,"turns":2},{"damage":59,"enemies":"Masked Bandits","floor":20,"turns":3}],"seed_played":"-574936787357558109","potions_obtained":[{"floor":2,"key":"BlessingOfTheForge"},{"floor":8,"key":"LiquidMemories"},{"floor":11,"key":"BottledMiracle"},{"floor":13,"key":"Swift Potion"}],"is_trial":false,"path_per_floor":["M","M","?","$","M","R","M","E","T","R","E","R","E","?","R","B",null,"M","?","?"],"character_chosen":"WATCHER","items_purchased":["JustLucky"],"campfire_rested":1,"item_purchase_floors":[4],"current_hp_per_floor":[57,53,53,53,51,51,38,18,18,38,22,22,22,27,27,19,60,58,58,0,0],"gold":248,"neow_bonus":"THREE_RARE_CARDS","is_daily":false,"chose_seed":false,"campfire_upgraded":3,"win_rate":0.0,"timestamp":1613756559,"path_taken":["M","M","?","?","M","R","M","E","T","R","E","R","E","?","R","BOSS","M","?","?"],"items_purchased_type":["Card"],"build_version":"2020-12-22","purchased_purges":1,"victory":false,"max_hp_per_floor":[68,68,68,68,68,68,68,68,68,68,68,68,68,73,73,73,73,73,73,73,73],"relic_stats":{"Nunchaku":[6],"counters":[10,51],"Pandora\u0027s Box":["ClearTheMind","ReachHeaven","JustLucky","SandsOfTime","Wireheading","Perseverance","EmptyBody"],"GoldenEye":[30],"Smiling Mask":0,"obtain_stats":[{"Nunchaku":8,"Pandora\u0027s Box":17,"TeardropLocket":9,"PureWater":0,"GoldenEye":11,"Smiling Mask":13},{"Nunchaku":5,"Pandora\u0027s Box":8,"TeardropLocket":5,"PureWater":0,"GoldenEye":6,"Smiling Mask":7},{"Nunchaku":19,"Pandora\u0027s Box":46,"TeardropLocket":19,"PureWater":0,"GoldenEye":33,"Smiling Mask":37}]},"card_choices":[{"not_picked":["Ragnarok","ConjureBlade"],"picked":"Wish","floor":0},{"not_picked":["WaveOfTheHand","JustLucky"],"picked":"FollowUp","floor":1},{"not_picked":["FlyingSleeves","JustLucky"],"picked":"SashWhip","floor":2},{"not_picked":["Collect","Study"],"picked":"Crescendo","floor":5},{"not_picked":["Halt","BowlingBash"],"picked":"Blasphemy","floor":7},{"not_picked":["FollowUp","EmptyFist"],"picked":"ThirdEye","floor":8},{"not_picked":["Sanctity","Pray"],"picked":"JustLucky","floor":11},{"not_picked":["JustLucky","Consecrate"],"picked":"EmptyFist","floor":13},{"not_picked":["SpiritShield","Devotion"],"picked":"Scrawl","floor":16},{"not_picked":["DeceiveReality","Crescendo"],"picked":"Consecrate","floor":18}],"player_experience":1493157,"relics_obtained":[{"floor":8,"key":"Nunchaku"},{"floor":9,"key":"TeardropLocket"},{"floor":11,"key":"GoldenEye"},{"floor":13,"key":"Smiling Mask"}],"event_choices":[{"damage_healed":0,"gold_gain":50,"player_choice":"Pray","damage_taken":0,"max_hp_gain":0,"max_hp_loss":0,"event_name":"Golden Shrine","floor":3,"gold_loss":0},{"damage_healed":0,"gold_gain":0,"player_choice":"Donut","damage_taken":0,"max_hp_gain":5,"max_hp_loss":0,"event_name":"Big Fish","floor":14,"gold_loss":0},{"damage_healed":0,"gold_gain":0,"player_choice":"Ignored","damage_taken":0,"max_hp_gain":0,"max_hp_loss":0,"event_name":"The Mausoleum","floor":19,"gold_loss":0},{"damage_healed":0,"gold_gain":0,"player_choice":"Fought Bandits","damage_taken":0,"max_hp_gain":0,"max_hp_loss":0,"event_name":"Masked Bandits","floor":20,"gold_loss":0}],"is_beta":false,"boss_relics":[{"not_picked":["Velvet Choker","Philosopher\u0027s Stone"],"picked":"Pandora\u0027s Box"}],"items_purged_floors":[4],"is_endless":false,"potions_floor_spawned":[2,8,11,13],"killed_by":"Masked Bandits","ascension_level":20}}