{"host":"uv5ws9rdk87e8i5k","time":1613762153,"event":{"mods":["AchievementEnabler","BaseMod","Colored Map","Minty Spire (QoL Compilation)","Permanent Neow","Quick Restart","StSLib","SuperFastMode","The Necromancer"],"gold_per_floor":[112,131,142,156,106,106,132,150,150,176,176,186,216,216,216,316,316,336,261,276,294,294,327,327,356,379,379,4,15,15,45,45,146,196,216,216,216,216,235,266,285,312,336,336,349,379,379,432,432,432],"floor_reached":51,"language":"ENG","playtime":1547,"items_purged":["Strike_G","Strike_G"],"score":1085,"play_id":"cff346da-eff4-4fb4-a09f-0cbef10440db","local_time":"20210219131553","is_ascension_mode":true,"campfire_choices":[{"data":"Noxious Fumes","floor":6.0,"key":"SMITH"},{"floor":11.0,"key":"REST"},{"data":"Noxious Fumes","floor":15.0,"key":"SMITH"},{"floor":24.0,"key":"REST"},{"floor":30.0,"key":"REST"},{"data":"Wraith Form v2","floor":32.0,"key":"SMITH"},{"floor":44.0,"key":"REST"},{"floor":47,"key":"REST"},{"floor":49,"key":"REST"}],"circlet_count":0,"master_deck":["Strike_G","Defend_G","Defend_G","Defend_G","Defend_G","Defend_G","Survivor","Neutralize","Deadly Poison","Backflip","Deadly Poison","Noxious Fumes+1","Catalyst+1","Burst","Bouncing Flask","Noxious Fumes+1","Wraith Form v2+1","CurseOfTheBell","PiercingWail+1","Wraith Form v2","Night Terror+1","Catalyst+1","Madness","Madness","Escape Plan+1","Bullet Time"],"relics":["Ring of the Snake","Letter Opener","Lizard Tail","Singing Bowl","WingedGreaves","Calling Bell","Omamori","Ninja Scroll","Tingsha","Pantograph","Oddly Smooth Stone","Tiny Chest","Orrery","Tough Bandages","Tiny House","Orichalcum","Peace Pipe","Toy Ornithopter","Question Card","Dead Branch"],"acts_visited":["Exordium","TheCity","TheBeyond"],"potions_floor_usage":[50,50],"damage_taken":[{"damage":0.0,"enemies":"Small Slimes","floor":1.0,"turns":3.0},{"damage":1.0,"enemies":"Jaw Worm","floor":2.0,"turns":4.0},{"damage":1.0,"enemies":"2 Louse","floor":3.0,"turns":3.0},{"damage":7.0,"enemies":"Exordium Wildlife","floor":4.0,"turns":5.0},{"damage":19.0,"enemies":"3 Sentries","floor":7.0,"turns":5.0},{"damage":14.0,"enemies":"Large Slime","floor":8.0,"turns":5.0},{"damage":7.0,"enemies":"Lagavulin","floor":10.0,"turns":5.0},{"damage":10.0,"enemies":"2 Fungi Beasts","floor":12.0,"turns":3.0},{"damage":39.0,"enemies":"3 Sentries","floor":13.0,"turns":6.0},{"damage":22.0,"enemies":"Slime Boss","floor":16.0,"turns":7.0},{"damage":12.0,"enemies":"Spheric Guardian","floor":18.0,"turns":4.0},{"damage":30.0,"enemies":"3 Byrds","floor":20.0,"turns":4.0},{"damage":0.0,"enemies":"Snecko","floor":21.0,"turns":3.0},{"damage":30.0,"enemies":"Book of Stabbing","floor":23.0,"turns":6.0},{"damage":24.0,"enemies":"Gremlin Leader","floor":25.0,"turns":6.0},{"damage":4.0,"enemies":"Centurion and Healer","floor":29.0,"turns":8.0},{"damage":8.0,"enemies":"Slavers","floor":31.0,"turns":5.0},{"damage":72.0,"enemies":"Collector","floor":33.0,"turns":8.0},{"damage":2.0,"enemies":"Orb Walker","floor":35.0,"turns":4.0},{"damage":24.0,"enemies":"3 Darklings","floor":39.0,"turns":6.0},{"damage":11.0,"enemies":"Giant Head","floor":40.0,"turns":8.0},{"damage":0.0,"enemies":"Writhing Mass","floor":41.0,"turns":3.0},{"damage":33.0,"enemies":"Nemesis","floor":42.0,"turns":3.0},{"damage":20.0,"enemies":"Spire Growth","floor":45.0,"turns":7.0},{"damage":9,"enemies":"Reptomancer","floor":46,"turns":5},{"damage":0,"enemies":"2 Orb Walkers","floor":48,"turns":6},{"damage":41,"enemies":"Donu and Deca","floor":50,"turns":5}],"seed_played":"-62871337883455625","potions_obtained":[{"floor":3.0,"key":"AttackPotion"},{"floor":10.0,"key":"SteroidPotion"},{"floor":12.0,"key":"FairyPotion"},{"floor":16.0,"key":"AttackPotion"},{"floor":20.0,"key":"ColorlessPotion"},{"floor":25.0,"key":"LiquidBronze"},{"floor":29.0,"key":"Fire Potion"},{"floor":34.0,"key":"SkillPotion"},{"floor":40.0,"key":"CultistPotion"},{"floor":41.0,"key":"ColorlessPotion"},{"floor":45.0,"key":"PowerPotion"},{"floor":48,"key":"FairyPotion"}],"is_trial":false,"path_per_floor":["M","M","M","M","?","R","E","M","T","E","R","M","E","?","R","B",null,"M","$","M","M","?","E","R","E","T","?","$","M","R","E","R","B",null,"M","?","T","?","M","E","M","E","T","R","M","E","R","?","R","B",null],"character_chosen":"THE_SILENT","items_purchased":["Wraith Form v2","Orrery","PowerPotion"],"campfire_rested":6,"item_purchase_floors":[28,28,28],"current_hp_per_floor":[70,69,68,61,61,61,42,28,28,21,42,32,18,18,18,36,63,53,53,25,27,53,25,49,25,25,25,33,31,58,52,52,7,79,77,77,77,64,42,33,35,2,2,34,16,9,42,42,75,69],"gold":432,"neow_bonus":"THREE_CARDS","is_daily":false,"chose_seed":false,"campfire_upgraded":3,"win_rate":0.0,"timestamp":1613762153,"path_taken":["M","M","M","M","?","R","E","M","T","E","R","M","E","?","R","BOSS","M","$","M","M","?","E","R","E","T","?","?","M","R","E","R","BOSS","M","?","?","?","?","E","M","E","T","R","M","E","R","?","R","BOSS"],"items_purchased_type":["Card","Relic","Potion"],"build_version":"2020-12-22","purchased_purges":2,"victory":true,"max_hp_per_floor":[70,70,70,70,70,70,70,70,70,70,70,70,72,72,72,72,72,74,74,76,78,78,80,80,80,80,80,88,90,90,92,92,94,101,101,101,101,101,103,105,107,107,107,107,109,111,111,111,111,111],"card_choices":[{"not_picked":["Prepared","Quick Slash"],"picked":"Deadly Poison","floor":0.0},{"not_picked":["Slice","Deflect","Eviscerate"],"picked":"SKIP","floor":1.0},{"not_picked":["Leg Sweep","Dodge and Roll"],"picked":"Backflip","floor":2.0},{"not_picked":["Dagger Spray","Riddle With Holes"],"picked":"Deadly Poison","floor":3.0},{"not_picked":["Endless Agony","Blade Dance"],"picked":"Noxious Fumes","floor":4.0},{"not_picked":["Distraction","Outmaneuver"],"picked":"Catalyst","floor":7.0},{"not_picked":["Riddle With Holes","Backflip"],"picked":"Burst","floor":8.0},{"not_picked":["Slice","Dagger Throw"],"picked":"Bouncing Flask","floor":10.0},{"not_picked":["Expertise","Tactician"],"picked":"Noxious Fumes","floor":12.0},{"not_picked":["Acrobatics","Predator","Cloak And Dagger"],"picked":"Singing Bowl","floor":13.0},{"not_picked":["Bullet Time","Storm of Steel"],"picked":"Wraith Form v2","floor":16.0},{"not_picked":["Deflect","Dagger Spray","Deadly Poison"],"picked":"Singing Bowl","floor":18.0},{"not_picked":["Underhanded Strike+1","Cloak And Dagger","Storm of Steel"],"picked":"Singing Bowl","floor":20.0},{"not_picked":["Outmaneuver","Predator","Acrobatics+1"],"picked":"Singing Bowl","floor":21.0},{"not_picked":["Masterful Stab","Deflect","Bouncing Flask"],"picked":"Singing Bowl","floor":23.0},{"not_picked":["Infinite Blades","Skewer"],"picked":"PiercingWail+1","floor":25.0},{"not_picked":["Acrobatics","Slice","Calculated Gamble+1"],"picked":"Singing Bowl","floor":28.0},{"not_picked":["Flying Knee+1","Deflect","Masterful Stab+1"],"picked":"Singing Bowl","floor":28.0},{"not_picked":["Dodge and Roll","Blade Dance","Dagger Throw"],"picked":"Singing Bowl","floor":28.0},{"not_picked":["Quick Slash+1","Night Terror","Poisoned Stab"],"picked":"Singing Bowl","floor":28.0},{"not_picked":["Reflex","Dodge and Roll"],"picked":"Night Terror","floor":28.0},{"not_picked":["All Out Attack+1","Sucker Punch+1","Quick Slash"],"picked":"Singing Bowl","floor":29.0},{"not_picked":["Grand Finale","Cloak And Dagger","Sucker Punch"],"picked":"Singing Bowl","floor":31.0},{"not_picked":["After Image","Storm of Steel","Die Die Die"],"picked":"Singing Bowl","floor":33.0},{"not_picked":["Terror+1","Choke","Deadly Poison"],"picked":"Singing Bowl","floor":34.0},{"not_picked":["Setup","Poisoned Stab"],"picked":"Catalyst+1","floor":35.0},{"not_picked":["Riddle With Holes","Deflect+1","Dagger Spray+1"],"picked":"Singing Bowl","floor":39.0},{"not_picked":["Underhanded Strike","Acrobatics","Storm of Steel"],"picked":"Singing Bowl","floor":40.0},{"not_picked":["Deflect","Flying Knee","Bane+1"],"picked":"Singing Bowl","floor":41.0},{"not_picked":["Masterful Stab+1","Calculated Gamble+1"],"picked":"Escape Plan+1","floor":42.0},{"not_picked":["Bane","Deadly Poison","Leg Sweep+1"],"picked":"Singing Bowl","floor":45.0},{"not_picked":["Bane","Deadly Poison+1","PiercingWail+1"],"picked":"Singing Bowl","floor":46},{"not_picked":["Blade Dance","Bouncing Flask+1","Dagger Spray+1"],"picked":"Bullet Time","floor":48}],"player_experience":226253,"relics_obtained":[{"floor":7.0,"key":"Letter Opener"},{"floor":9.0,"key":"Lizard Tail"},{"floor":10.0,"key":"Singing Bowl"},{"floor":13.0,"key":"WingedGreaves"},{"floor":17.0,"key":"Omamori"},{"floor":17.0,"key":"Ninja Scroll"},{"floor":17.0,"key":"Tingsha"},{"floor":23.0,"key":"Pantograph"},{"floor":25.0,"key":"Oddly Smooth Stone"},{"floor":26.0,"key":"Tiny Chest"},{"floor":31.0,"key":"Tough Bandages"},{"floor":40.0,"key":"Orichalcum"},{"floor":42.0,"key":"Peace Pipe"},{"floor":43.0,"key":"Toy Ornithopter"},{"floor":46,"key":"Question Card"},{"floor":48,"key":"Dead Branch"}],"event_choices":[{"cards_removed":["Strike_G"],"damage_healed":0.0,"max_hp_gain":0.0,"max_hp_loss":0.0,"gold_gain":0.0,"event_name":"The Cleric","player_choice":"Card Removal","floor":5.0,"gold_loss":50.0,"damage_taken":0.0},{"damage_healed":0.0,"max_hp_gain":0.0,"max_hp_loss":0.0,"gold_gain":0.0,"event_name":"Living Wall","player_choice":"Grow","floor":14.0,"gold_loss":0.0,"damage_taken":0.0,"cards_upgraded":["Catalyst"]},{"damage_healed":26.0,"max_hp_gain":0.0,"max_hp_loss":0.0,"gold_gain":0.0,"event_name":"The Library","player_choice":"Heal","floor":22.0,"gold_loss":0.0,"damage_taken":0.0},{"damage_healed":0.0,"max_hp_gain":0.0,"max_hp_loss":0.0,"gold_gain":0.0,"event_name":"Vampires","player_choice":"Ignored","floor":27.0,"gold_loss":0.0,"damage_taken":0.0},{"cards_removed":["Strike_G"],"damage_healed":0.0,"max_hp_gain":0.0,"max_hp_loss":0.0,"gold_gain":0.0,"event_name":"Falling","player_choice":"Removed Attack","floor":36.0,"gold_loss":0.0,"damage_taken":0.0},{"damage_healed":0.0,"max_hp_gain":0.0,"max_hp_loss":0.0,"gold_gain":0.0,"event_name":"Winding Halls","player_choice":"Embrace Madness","floor":38.0,"gold_loss":0.0,"damage_taken":13.0,"cards_obtained":["Madness","Madness"]},{"damage_healed":0,"gold_gain":0,"player_choice":"Fight","damage_taken":0,"max_hp_gain":0,"max_hp_loss":0,"event_name":"Mysterious Sphere","floor":48,"gold_loss":0}],"is_beta":false,"boss_relics":[{"not_picked":["Ectoplasm","Astrolabe"],"picked":"Calling Bell"},{"not_picked":["WristBlade","Pandora\u0027s Box"],"picked":"Tiny House"}],"items_purged_floors":[19,28],"is_endless":false,"potions_floor_spawned":[3,10,12,16,20,25,29,40,41,45,48],"ascension_level":5}}