{"host":"vyjryxuuuxkt43k4","time":1613744724,"event":{"mods":["AchievementEnabler","BaseMod","Colored Map","DeckTracker","Keyboard Shortcuts","Minty Spire (QoL Compilation)","Permanent Neow","Quick Restart","StSLib","SuperFastMode","everything is the same but u backflip on backflip"],"gold_per_floor":[114,114,114,114,114,114,127,127,127,159,7,41,41,92,92,92,92],"floor_reached":16,"language":"KOR","playtime":326,"items_purged":["Strike_R"],"score":258,"play_id":"8d017b3e-de65-42c3-b02c-95ba85dc8ed3","local_time":"20210219232524","is_ascension_mode":true,"campfire_choices":[{"data":"Juggernaut","floor":6,"key":"SMITH"},{"data":"Clothesline","floor":8,"key":"SMITH"},{"data":"Entrench","floor":13,"key":"SMITH"},{"floor":15,"key":"REST"}],"circlet_count":0,"master_deck":["AscendersBane","Strike_R","Strike_R","Strike_R","Strike_R","Defend_R+1","Defend_R","Defend_R","Defend_R+1","Bash","Clothesline+1","Juggernaut+1","Shrug It Off","Feel No Pain","Evolve","Entrench+1"],"relics":["Burning Blood","NeowsBlessing","HornCleat","Kunai","Matryoshka","Nunchaku","Oddly Smooth Stone","Smiling Mask"],"acts_visited":["Exordium"],"potions_floor_usage":[],"damage_taken":[{"damage":0.0,"enemies":"Small Slimes","floor":1.0,"turns":1.0},{"damage":0,"enemies":"2 Louse","floor":7,"turns":2},{"damage":0,"enemies":"Lagavulin","floor":10,"turns":1},{"damage":36,"enemies":"Gremlin Nob","floor":12,"turns":6},{"damage":62,"enemies":"Slime Boss","floor":16,"turns":11}],"seed_played":"3502666565535028672","potions_obtained":[],"is_trial":false,"path_per_floor":["M","?","?","?","?","R","M","R","T","E","$","E","R","T","R","B"],"character_chosen":"IRONCLAD","items_purchased":["Evolve"],"campfire_rested":1,"item_purchase_floors":[11],"current_hp_per_floor":[74,51,56,51,51,51,57,57,57,63,63,33,33,33,57,0,0],"gold":92,"neow_bonus":"THREE_ENEMY_KILL","is_daily":false,"chose_seed":false,"campfire_upgraded":3,"win_rate":0.0,"timestamp":1613744724,"path_taken":["M","?","?","?","?","R","?","R","T","E","$","E","R","?","R","BOSS"],"items_purchased_type":["Card"],"build_version":"2020-12-22","purchased_purges":1,"victory":false,"max_hp_per_floor":[75,75,80,80,80,80,80,80,80,80,80,80,80,80,80,80,80],"card_choices":[{"not_picked":["Armaments","Clash"],"picked":"Clothesline","floor":1.0},{"not_picked":["Flex","True Grit"],"picked":"Shrug It Off","floor":7},{"not_picked":["Fiend Fire","Warcry"],"picked":"Feel No Pain","floor":10},{"not_picked":["Whirlwind","Clothesline"],"picked":"Entrench","floor":12}],"player_experience":1046941,"relics_obtained":[{"floor":9,"key":"Kunai"},{"floor":10,"key":"Matryoshka"},{"floor":12,"key":"Nunchaku"},{"floor":14,"key":"Oddly Smooth Stone"},{"floor":14,"key":"Smiling Mask"}],"event_choices":[{"damage_healed":0.0,"max_hp_gain":0.0,"max_hp_loss":0.0,"gold_gain":0.0,"event_name":"Shining Light","player_choice":"Entered Light","floor":2.0,"gold_loss":0.0,"damage_taken":23.0,"cards_upgraded":["Defend_R","Defend_R"]},{"damage_healed":0.0,"max_hp_gain":5.0,"max_hp_loss":0.0,"gold_gain":0.0,"event_name":"Big Fish","player_choice":"Donut","floor":3.0,"gold_loss":0.0,"damage_taken":0.0},{"damage_healed":0.0,"max_hp_gain":0.0,"max_hp_loss":0.0,"gold_gain":0.0,"event_name":"Scrap Ooze","player_choice":"Success","floor":4.0,"gold_loss":0.0,"damage_taken":5.0,"relics_obtained":["HornCleat"]},{"damage_healed":0,"gold_gain":0,"player_choice":"1 cards matched","damage_taken":0,"max_hp_gain":0,"max_hp_loss":0,"event_name":"Match and Keep!","floor":5,"gold_loss":0,"cards_obtained":["Juggernaut"]}],"is_beta":false,"boss_relics":[],"items_purged_floors":[11],"is_endless":false,"potions_floor_spawned":[],"killed_by":"Slime Boss","ascension_level":20}}