{"host":"bg0cyinkrjnqf173","time":1613702792,"event":{"mods":["2.2 Compatiblity","Aspiration","BaseMod","Beaked The Cultist","Better Third Choice","BetterRewards","Colored Map","Conspire","Curses Come First","Defuse TimeMaze Blight","Displayed Cursed Tome","Googly Eyes","Halation","Hubris","Infinite Spire","Jedi Mod","Minty Spire (QoL Compilation)","Permanent Neow","Quick Restart","Rare Cards Sparkle","Relic Sorter","Reliquary","Replay The Spire","Shop Mod","Spicy Shops","Spikes Relics","StSLib","The Bladedancer","The Construct","The Valiant","Uncapped"],"gold_per_floor":[99,149,149,149,149,200,200,20,96,107,107,50,66,66,66,167,167],"floor_reached":16,"language":"ENG","playtime":573,"items_purged":[],"score":258,"play_id":"b1ee94ff-91bb-4ef5-af83-123177538d30","local_time":"20210218214632","is_ascension_mode":true,"campfire_choices":[{"data":"WreathOfFlame","floor":7,"key":"SMITH"},{"data":"Fasting2","floor":11,"key":"SMITH"},{"data":"ForeignInfluence","floor":15,"key":"SMITH"}],"circlet_count":0,"master_deck":["Strike_P","Strike_P","Strike_P","Defend_P","Defend_P","Defend_P","Eruption","Vigilance","WreathOfFlame+1","WreathOfFlame","ForeignInfluence+1","Steam","ForeignInfluence","Crescendo","Protect","Fasting2+1","ReplayTheSpireMod:Faulty Equipment","Evaluate","Meditate","CommonCold"],"relics":["PureWater","Ring of Greed","halation:NonexistentMirror","MealTicket","The Courier","Ring of Fury","infinitespire:Bottled Soul","hubris:TinFlute","Frozen Eye","hubris:OldNail"],"acts_visited":["Exordium"],"potions_floor_usage":[16],"damage_taken":[{"damage":11,"enemies":"Jaw Worm","floor":1,"turns":4},{"damage":21,"enemies":"3 Sentries","floor":6,"turns":6},{"damage":0,"enemies":"Small Slimes","floor":10,"turns":3},{"damage":7,"enemies":"2 Louse","floor":13,"turns":3},{"damage":21,"enemies":"Slime Boss","floor":16,"turns":8}],"seed_played":"-3044379913931596941","potions_obtained":[{"floor":1,"key":"DuplicationPotion"}],"is_trial":false,"path_per_floor":["M","?","?","?","?","E","R","$","T","M","R","$","M","?","R","B"],"character_chosen":"WATCHER","items_purchased":["halation:NonexistentMirror","Fasting2","Frozen Eye"],"campfire_rested":0,"item_purchase_floors":[0,8,12],"current_hp_per_floor":[61,61,61,61,61,40,40,55,55,55,55,70,63,45,45,24,24],"gold":167,"neow_bonus":"","is_daily":false,"chose_seed":false,"campfire_upgraded":3,"win_rate":0.0,"timestamp":1613702792,"path_taken":["M","?","?","?","?","E","R","$","T","M","R","$","?","?","R","BOSS"],"items_purchased_type":["Relic","Card","Relic"],"build_version":"2020-12-22","purchased_purges":0,"victory":false,"max_hp_per_floor":[72,72,72,72,72,72,72,72,72,72,72,72,72,72,72,72,72],"card_choices":[{"not_picked":["Conclude","EmptyBody"],"picked":"WreathOfFlame","floor":1},{"not_picked":["SashWhip","Replay:ManipulateFuture"],"picked":"Protect","floor":6},{"not_picked":["FlyingSleeves","Judgement"],"picked":"Evaluate","floor":10},{"not_picked":["PathToVictory","Replay:AtTheReady"],"picked":"Meditate","floor":13}],"player_experience":900625,"relics_obtained":[{"floor":2,"key":"Ring of Greed"},{"floor":2,"key":"MealTicket"},{"floor":2,"key":"The Courier"},{"floor":2,"key":"Ring of Fury"},{"floor":6,"key":"infinitespire:Bottled Soul"},{"floor":9,"key":"hubris:TinFlute"}],"event_choices":[{"damage_healed":0,"gold_gain":0,"player_choice":"Leave","damage_taken":0,"max_hp_gain":0,"max_hp_loss":0,"event_name":"conspire:Investor","floor":3,"gold_loss":0},{"damage_healed":0,"gold_gain":1,"player_choice":"Relic ","damage_taken":18,"max_hp_gain":0,"max_hp_loss":0,"event_name":"betterThird:BetterScrap","floor":14,"gold_loss":0,"cards_obtained":["hubris:PowerSurge"]}],"is_beta":false,"boss_relics":[],"items_purged_floors":[],"is_endless":false,"potions_floor_spawned":[1,6],"killed_by":"Slime Boss","ascension_level":1}}