{"host":"mwb0clku6crgv6yl","time":1613737421,"event":{"mods":["AchievementEnabler","BaseMod","Highlight Path","Minty Spire (QoL Compilation)","StSLib","The Cursed"],"gold_per_floor":[113,188,202,277,292,292,292,292,374,407,407,330,330,30,30,160,160,183,282,133,148,148,148,148,148,148,181,11,34,48,73,73,197,197,210,210,229,229,244,244,258,258,258,276,276,276,311,325,325,325],"floor_reached":51,"language":"ZHS","playtime":1706,"items_purged":["Regret","Bullet Time","Setup"],"score":766,"play_id":"002af76a-31e9-40f5-8327-38d0996d65dc","local_time":"20210219202341","is_ascension_mode":false,"campfire_choices":[{"data":"Neutralize","floor":6.0,"key":"SMITH"},{"data":"Cloak And Dagger","floor":11.0,"key":"SMITH"},{"floor":15.0,"key":"REST"},{"data":"Cloak And Dagger","floor":23.0,"key":"SMITH"},{"data":"Accuracy","floor":25.0,"key":"SMITH"},{"data":"Cloak And Dagger","floor":32.0,"key":"SMITH"},{"data":"Footwork","floor":40.0,"key":"SMITH"},{"data":"Burst","floor":42.0,"key":"SMITH"},{"data":"Prepared","floor":49,"key":"SMITH"}],"circlet_count":0,"master_deck":["Survivor","Neutralize+1","Cloak And Dagger+1","Cloak And Dagger+1","Finisher","Infinite Blades","Footwork+1","Storm of Steel","Tools of the Trade","Accuracy+1","Accuracy+1","All Out Attack","Leg Sweep","Die Die Die","Glass Knife","Prepared+1","Backflip","Blur","Cloak And Dagger+1","Malaise","Burst+1","Backflip+1","PiercingWail+1","Blade Dance+1","Injury","Blade Dance+1"],"relics":["WristBlade","TungstenRod","Mercury Hourglass","Anchor","Golden Idol","HandDrill","Pandora\u0027s Box","Bottled Tornado","Singing Bowl","Centennial Puzzle","Cursed Key","Paper Crane","Tough Bandages"],"acts_visited":["Exordium","TheCity","TheBeyond"],"potions_floor_usage":[50,50],"damage_taken":[{"damage":2.0,"enemies":"Small Slimes","floor":1.0,"turns":4.0},{"damage":3.0,"enemies":"Jaw Worm","floor":3.0,"turns":3.0},{"damage":0.0,"enemies":"Cultist","floor":5.0,"turns":4.0},{"damage":6.0,"enemies":"Gremlin Nob","floor":10.0,"turns":4.0},{"damage":5.0,"enemies":"Slime Boss","floor":16.0,"turns":10.0},{"damage":4.0,"enemies":"2 Thieves","floor":18.0,"turns":4.0},{"damage":1.0,"enemies":"Spheric Guardian","floor":21.0,"turns":3.0},{"damage":0.0,"enemies":"Gremlin Leader","floor":27.0,"turns":4.0},{"damage":5.0,"enemies":"Snake Plant","floor":30.0,"turns":3.0},{"damage":1.0,"enemies":"Shelled Parasite and Fungi","floor":31.0,"turns":3.0},{"damage":3.0,"enemies":"Collector","floor":33.0,"turns":5.0},{"damage":0.0,"enemies":"3 Shapes","floor":35.0,"turns":3.0},{"damage":1.0,"enemies":"Orb Walker","floor":37.0,"turns":3.0},{"damage":0.0,"enemies":"Transient","floor":39.0,"turns":5.0},{"damage":7.0,"enemies":"4 Shapes","floor":41.0,"turns":5.0},{"damage":0.0,"enemies":"3 Darklings","floor":44.0,"turns":3.0},{"damage":5,"enemies":"Reptomancer","floor":47,"turns":4},{"damage":1,"enemies":"Sphere and 2 Shapes","floor":48,"turns":4},{"damage":15,"enemies":"Awakened One","floor":50,"turns":6}],"seed_played":"-637189903185669250","potions_obtained":[{"floor":1.0,"key":"DistilledChaos"},{"floor":5.0,"key":"Energy Potion"},{"floor":27.0,"key":"Weak Potion"},{"floor":31.0,"key":"Fruit Juice"},{"floor":33.0,"key":"AttackPotion"},{"floor":48,"key":"FearPotion"}],"is_trial":false,"path_per_floor":["M","?","M","?","M","R","?","?","T","E","R","$","?","$","R","B",null,"M","?","$","M","?","R","?","R","T","E","$","T","M","M","R","B",null,"M","?","M","?","M","R","M","R","T","M","T","?","E","M","R","B",null],"character_chosen":"THE_SILENT","items_purchased":["Infinite Blades","HandDrill","Footwork","Backflip","Cloak And Dagger"],"campfire_rested":1,"item_purchase_floors":[12,14,14,20,28],"current_hp_per_floor":[68,57,54,47,47,47,40,40,40,34,34,34,18,18,39,34,70,66,66,66,65,65,65,65,65,65,67,67,67,64,68,68,65,79,79,79,80,80,80,80,73,73,73,75,75,75,72,73,73,58],"gold":325,"neow_bonus":"BOSS_RELIC","is_daily":false,"chose_seed":false,"campfire_upgraded":8,"win_rate":0.0,"timestamp":1613737421,"path_taken":["M","?","M","?","?","R","?","?","T","E","R","$","?","$","R","BOSS","M","?","$","M","?","R","?","R","T","E","$","?","M","?","R","BOSS","M","?","?","?","M","R","?","R","T","M","?","?","E","M","R","BOSS"],"items_purchased_type":["Card","Relic","Card","Card","Card"],"build_version":"2020-12-22","purchased_purges":3,"victory":true,"max_hp_per_floor":[70,70,70,70,70,70,70,70,70,70,70,70,70,70,70,70,70,70,70,70,70,70,70,70,70,70,72,72,72,74,79,79,79,79,79,79,81,81,81,81,81,81,81,83,83,83,85,87,87,87],"card_choices":[{"not_picked":["Crippling Poison","Deadly Poison","Distraction"],"picked":"SKIP","floor":1.0},{"not_picked":["Well Laid Plans","Heel Hook"],"picked":"Cloak And Dagger","floor":3.0},{"not_picked":["Flying Knee","PiercingWail"],"picked":"Cloak And Dagger","floor":5.0},{"not_picked":["Slice","Deadly Poison"],"picked":"Finisher","floor":10.0},{"not_picked":["Night Terror","Unload"],"picked":"Storm of Steel","floor":16.0},{"not_picked":["Deflect+1","Quick Slash"],"picked":"Prepared","floor":18.0},{"not_picked":["Dagger Throw","Underhanded Strike"],"picked":"Blur","floor":21.0},{"not_picked":["Tactician","Dagger Throw","Sucker Punch"],"picked":"Singing Bowl","floor":27.0},{"not_picked":["Infinite Blades","Bane","Flechettes+1"],"picked":"Singing Bowl","floor":30.0},{"not_picked":["PiercingWail+1","Backflip"],"picked":"Malaise","floor":31.0},{"not_picked":["Storm of Steel","Glass Knife"],"picked":"Burst","floor":33.0},{"not_picked":["Dagger Spray+1","Dodge and Roll+1"],"picked":"Backflip+1","floor":35.0},{"not_picked":["All Out Attack","Dodge and Roll+1","Concentrate"],"picked":"Singing Bowl","floor":37.0},{"not_picked":["Deflect","Backstab+1"],"picked":"PiercingWail+1","floor":39.0},{"not_picked":["Prepared","Heel Hook+1"],"picked":"Blade Dance+1","floor":41.0},{"not_picked":["Setup+1","Dodge and Roll+1","Concentrate+1"],"picked":"Singing Bowl","floor":44.0},{"not_picked":["Unload","Leg Sweep","Tactician+1"],"picked":"Singing Bowl","floor":47},{"not_picked":["Dagger Throw+1","Poisoned Stab+1","Deadly Poison"],"picked":"Singing Bowl","floor":48}],"player_experience":361103,"relics_obtained":[{"floor":9.0,"key":"Mercury Hourglass"},{"floor":10.0,"key":"Anchor"},{"floor":26.0,"key":"Bottled Tornado"},{"floor":27.0,"key":"Singing Bowl"},{"floor":29.0,"key":"Centennial Puzzle"},{"floor":43.0,"key":"Paper Crane"},{"floor":47,"key":"Tough Bandages"}],"event_choices":[{"damage_healed":0.0,"max_hp_gain":0.0,"max_hp_loss":0.0,"gold_gain":75.0,"event_name":"World of Goop","player_choice":"Gather Gold","floor":2.0,"gold_loss":0.0,"damage_taken":11.0},{"damage_healed":0.0,"max_hp_gain":0.0,"max_hp_loss":0.0,"gold_gain":75.0,"event_name":"FaceTrader","player_choice":"Touch","floor":4.0,"gold_loss":0.0,"damage_taken":7.0},{"cards_removed":["Strike_G"],"damage_healed":0.0,"max_hp_gain":0.0,"max_hp_loss":0.0,"gold_gain":0.0,"event_name":"Golden Wing","player_choice":"Card Removal","floor":7.0,"gold_loss":0.0,"damage_taken":7.0},{"damage_healed":0.0,"max_hp_gain":0.0,"max_hp_loss":0.0,"gold_gain":0.0,"event_name":"Big Fish","player_choice":"Box","floor":8.0,"gold_loss":0.0,"damage_taken":0.0,"relics_obtained":["TungstenRod"],"cards_obtained":["Regret"]},{"damage_healed":0.0,"max_hp_gain":0.0,"max_hp_loss":0.0,"gold_gain":0.0,"event_name":"Golden Idol","player_choice":"Take Damage","floor":13.0,"gold_loss":0.0,"damage_taken":17.0,"relics_obtained":["Golden Idol"]},{"damage_healed":0.0,"max_hp_gain":0.0,"max_hp_loss":0.0,"gold_gain":99.0,"event_name":"Nest","player_choice":"Stole From Cult","floor":19.0,"gold_loss":0.0,"damage_taken":0.0},{"damage_healed":0.0,"max_hp_gain":0.0,"max_hp_loss":0.0,"gold_gain":0.0,"event_name":"Cursed Tome","player_choice":"Ignored","floor":22.0,"gold_loss":0.0,"damage_taken":0.0},{"damage_healed":0.0,"max_hp_gain":0.0,"max_hp_loss":0.0,"gold_gain":0.0,"event_name":"Ghosts","player_choice":"Ignored","floor":24.0,"gold_loss":0.0,"damage_taken":0.0},{"damage_healed":0.0,"max_hp_gain":0.0,"max_hp_loss":0.0,"gold_gain":0.0,"event_name":"Upgrade Shrine","player_choice":"Upgraded","floor":36.0,"gold_loss":0.0,"damage_taken":0.0,"cards_upgraded":["Accuracy"]},{"damage_healed":0.0,"max_hp_gain":0.0,"max_hp_loss":0.0,"gold_gain":0.0,"event_name":"NoteForYourself","player_choice":"Ignored","floor":38.0,"gold_loss":0.0,"damage_taken":0.0},{"damage_healed":0,"gold_gain":0,"player_choice":"Copied","damage_taken":0,"max_hp_gain":0,"max_hp_loss":0,"event_name":"Duplicator","floor":46,"gold_loss":0,"cards_obtained":["Blade Dance"]}],"is_beta":false,"boss_relics":[{"not_picked":["Fusion Hammer","Busted Crown"],"picked":"Pandora\u0027s Box"},{"not_picked":["SacredBark","Philosopher\u0027s Stone"],"picked":"Cursed Key"}],"items_purged_floors":[14,20,28],"is_endless":false,"potions_floor_spawned":[1,5,27,31,33,37,41,48],"ascension_level":0}}