{"host":"blnmo1e2jbqugfxh","time":1613755672,"event":{"mods":["2.2 Compatiblity","AchievementEnabler","Astrologer","Bard","BaseMod","Beaked The Cultist","Colored Map","Colored Powertips","Conspire","Downfall","Friendly Minions","Googly Eyes","Hermit","Highlight Path","Hubris","Infinite Spire","Lobotomy","Marisa????????","Mimic Mod","Minty Spire (QoL Compilation)","Prisma Mod","Quick Restart","Rare Cards Sparkle","Replay The Spire","Shop Mod","StSLib","The Bug Knight","The Construct","The Cursed","The Disciple","The Exalted","The Hierophant","The Mystic","The Servant 0.9.4"],"gold_per_floor":[111,126,139,139,139,139,139,158,191,209,223,257,257,274,274,377,377,391,391,391,407,419,419,435,435,435,453,453,453],"floor_reached":28,"language":"ENG","playtime":2014,"items_purged":[],"score":224,"play_id":"83d15f03-6e9e-4c07-b57c-636cf22b04fe","local_time":"20210219122752","is_ascension_mode":false,"campfire_choices":[{"data":"Eruption","floor":6.0,"key":"SMITH"},{"data":"infinitespire:OneForAll","floor":13.0,"key":"SMITH"},{"data":"WreathOfFlame","floor":15.0,"key":"SMITH"},{"floor":23,"key":"REST"},{"floor":25,"key":"REST"}],"circlet_count":0,"master_deck":["Strike_R","Strike_R","Strike_R","Strike_R","Strike_R","Defend_R","Defend_R","Defend_R","Defend_R","Thunderclap","Perfected Strike","Perfected Strike","Flame Barrier","Eruption+1","Replay:Many Hands","CrushJoints","Inflame","WreathOfFlame+1","infinitespire:OneForAll+1","ReplayTheSpireMod:Limb From Limb","Limit Break","Pain","Writhe","SwitchThreat","Carnage+1","Thunderclap","Swivel","FollowUp"],"relics":["Replay:M_SmolderingBlood","ReplayTheSpireMod:Lightbulb","Boot","Replay:Ancient Bell","Bag of Marbles","hubris:MysteriousPyramids","hubris:Zylophone","Replay:Blank Codex","Potion Belt"],"acts_visited":["Exordium","TheCity"],"potions_floor_usage":[21],"damage_taken":[{"damage":0.0,"enemies":"Small Slimes","floor":1.0,"turns":2.0},{"damage":1.0,"enemies":"2 Louse","floor":2.0,"turns":3.0},{"damage":8.0,"enemies":"Jaw Worm","floor":3.0,"turns":3.0},{"damage":0.0,"enemies":"Blue Slaver","floor":8.0,"turns":1.0},{"damage":0.0,"enemies":"Looter","floor":9.0,"turns":6.0},{"damage":0.0,"enemies":"Looter","floor":10.0,"turns":2.0},{"damage":1.0,"enemies":"2 Fungi Beasts","floor":11.0,"turns":3.0},{"damage":26.0,"enemies":"Gremlin Nob","floor":12.0,"turns":4.0},{"damage":0.0,"enemies":"Blue Slaver","floor":14.0,"turns":2.0},{"damage":18.0,"enemies":"Fading Forest","floor":16.0,"turns":11.0},{"damage":0,"enemies":"Spheric Guardian","floor":18,"turns":3},{"damage":27,"enemies":"3 Byrds","floor":21,"turns":4},{"damage":5,"enemies":"Snecko","floor":22,"turns":3},{"damage":20,"enemies":"Centurion and Healer","floor":24,"turns":3},{"damage":18,"enemies":"Chosen and Byrds","floor":27,"turns":6},{"damage":52,"enemies":"Book of Stabbing","floor":28,"turns":4}],"seed_played":"1820939027663059579","potions_obtained":[{"floor":10.0,"key":"PowerPotion"},{"floor":12.0,"key":"Weak Potion"},{"floor":14.0,"key":"SkillPotion"},{"floor":21,"key":"Explosive Potion"}],"is_trial":false,"path_per_floor":["M","M","M","$","?","R","?","M","MIM","M","M","E","R","M","R","B",null,"M","?","?","M","M","R","M","R","T","M","E"],"character_chosen":"IRONCLAD","items_purchased":[],"campfire_rested":2,"item_purchase_floors":[],"current_hp_per_floor":[80,80,78,78,78,78,78,78,78,78,77,51,51,51,51,43,80,80,80,64,37,32,56,36,60,60,42,0,0],"gold":453,"neow_bonus":"THREE_CARDS","is_daily":false,"chose_seed":false,"campfire_upgraded":3,"win_rate":0.0,"timestamp":1613755672,"path_taken":["M","M","M","$","?","R","?","M","MIM","M","M","E","R","M","R","BOSS","M","?","?","M","M","R","M","R","T","M","E"],"items_purchased_type":[],"build_version":"2020-12-22","purchased_purges":0,"victory":false,"max_hp_per_floor":[80,80,80,80,80,80,80,80,80,80,80,80,80,80,80,80,80,80,80,80,80,80,80,80,80,80,80,80,80],"card_choices":[{"not_picked":["Clothesline","Replay:Undeath\u0027s Touch"],"picked":"Thunderclap","floor":0.0},{"not_picked":["Dark Embrace","Sword Boomerang"],"picked":"Perfected Strike","floor":1.0},{"not_picked":["conspire:ExplosiveBarrier","hubris:CleavingFinish"],"picked":"Perfected Strike","floor":2.0},{"not_picked":["Heavy Blade","True Grit"],"picked":"Flame Barrier","floor":3.0},{"not_picked":["Uppercut","Shrug It Off"],"picked":"Replay:Many Hands","floor":8.0},{"not_picked":["Anger","Armaments"],"picked":"CrushJoints","floor":9.0},{"not_picked":["BowlingBash","Berserk"],"picked":"Inflame","floor":10.0},{"not_picked":["Anger","Blood for Blood"],"picked":"WreathOfFlame","floor":11.0},{"not_picked":["Metallicize","Clothesline"],"picked":"infinitespire:OneForAll","floor":12.0},{"not_picked":["FollowUp","conspire:Charge"],"picked":"ReplayTheSpireMod:Limb From Limb","floor":14.0},{"not_picked":["Berserk","conspire:Purge"],"picked":"Limit Break","floor":16.0},{"not_picked":["downfall:Malfunctioning","hubris:Compulsion"],"picked":"Pain","floor":17.0},{"not_picked":["hubris:Greed","Pain"],"picked":"Writhe","floor":17.0},{"not_picked":["Replay:Hysterical Blindness","hubris:Disease"],"picked":"SwitchThreat","floor":17.0},{"not_picked":["Battle Trance+1","Clothesline","Armaments"],"picked":"SKIP","floor":18},{"not_picked":["Burning Pact","Halt"],"picked":"Carnage+1","floor":21},{"not_picked":["FlyingSleeves","Replay:Undeath\u0027s Touch"],"picked":"Thunderclap","floor":22},{"not_picked":["Barricade","ReplayTheSpireMod:Strike From Hell"],"picked":"Swivel","floor":24},{"not_picked":["Heavy Blade","Defy Death"],"picked":"FollowUp","floor":27}],"player_experience":70416,"relics_obtained":[{"floor":9.0,"key":"ReplayTheSpireMod:Lightbulb"},{"floor":12.0,"key":"Boot"},{"floor":20,"key":"Replay:Blank Codex"},{"floor":26,"key":"Potion Belt"}],"event_choices":[{"damage_healed":0.0,"max_hp_gain":0.0,"max_hp_loss":0.0,"gold_gain":0.0,"event_name":"conspire:Investor","player_choice":"Leave","floor":7.0,"gold_loss":0.0,"damage_taken":0.0},{"damage_healed":0,"gold_gain":0,"player_choice":"Obtained Book","damage_taken":16,"max_hp_gain":0,"max_hp_loss":0,"event_name":"Cursed Tome","floor":20,"gold_loss":0}],"is_beta":false,"boss_relics":[{"not_picked":["Empty Cage","hubris:RunicObelisk"],"picked":"Replay:Ancient Bell"},{"not_picked":["MealTicket","Bromod:ArcaneTempo"],"picked":"Bag of Marbles"},{"not_picked":["hubris:MobiusCoin","ReplayTheSpireMod:Ninjato"],"picked":"hubris:MysteriousPyramids"},{"not_picked":["hubris:GlazedTorus","Replay:Kaleidoscope"],"picked":"hubris:Zylophone"}],"items_purged_floors":[],"is_endless":false,"potions_floor_spawned":[10,12,14,21],"killed_by":"Book of Stabbing","ascension_level":0}}