{"host":"camvppzlp325qh53","time":1613761523,"event":{"mods":["AchievementEnabler","BaseMod","Colored Map","Downfall","Hubris","Infinite Spire","Minty Spire (QoL Compilation)","Replay The Spire","StSLib"],"gold_per_floor":[99,113,125,125,125,225,225,236,136,197,197,212,212,240,256,353,453,453,363,363,363,385,385,412,447,547,573,573,606,406,433,453,551,551,551,576,576,461,461,510,510,510,378,393,409,409,409,426,446,446,446,446,446,446],"floor_reached":52,"language":"ENG","playtime":4949,"items_purged":["downfall:Malfunctioning","Replay:Hysterical Blindness","Normality"],"score":1038,"play_id":"d0503a05-b0a3-436d-bab8-5d11f6ee8dd9","local_time":"20210219110523","is_ascension_mode":false,"campfire_choices":[{"floor":1,"key":"RECALL"},{"data":"hexamod:Float","floor":9,"key":"SMITH"},{"data":"hexamod:NightmareStrike","floor":13,"key":"SMITH"},{"data":"hexamod:FastForward","floor":18,"key":"SMITH"},{"data":"hexamod:Rewind","floor":23,"key":"SMITH"},{"data":"hexamod:HexaLevel","floor":30,"key":"SMITH"},{"data":"hexamod:UnlimitedPower","floor":35,"key":"SMITH"},{"data":"hexamod:RainOfEmbers","floor":47,"key":"SMITH"}],"circlet_count":0,"master_deck":["hexamod:Strike+1","hexamod:Strike+1","hexamod:Strike+1","hexamod:Strike+1","hexamod:Defend+1","hexamod:Defend+1","hexamod:Defend+1","hexamod:Defend+1","hexamod:Sear+1","hexamod:Float+1","hexamod:Rewind+1","hexamod:FastForward+1","hexamod:ThermalTransfer+1","ReplayTheSpireMod:Splinters","hexamod:NightmareStrike+1","hexamod:SwordOfDarkness+1","hexamod:FifthSeal","hexamod:SixthSeal","hexamod:FastForward+1","hexamod:FirstSeal","hexamod:UnleashSpirits+1","hexamod:SecondSeal","hexamod:Incineration+1","hexamod:ThirdSeal","hexamod:HeatShield+1","hexamod:FourthSeal","hexamod:BacktrackSmack+1","hexamod:HexaLevel+1","Regret","hexamod:FourthSeal","hexamod:NightmareGuise+1","hexamod:SixthSeal","hexamod:GhostShield+1","hexamod:InspiringFlames+1","hexamod:FourthSeal","hexamod:BurningTouch+1","hexamod:ShieldOfDarkness+1","hexamod:RetreatToShadows+1","hexamod:UnlimitedPower+1","hexamod:SixthSeal","hexamod:VolcanoVisage+1","hexamod:HeatMetal+1","hexamod:UnlimitedPower+1","hexamod:Hexaguard+1","Hallucinations","Injury","Writhe","Clumsy","hexamod:GhostLash+1","hexamod:Sear+1","hexamod:RainOfEmbers+1","hexamod:InspiringFlames+1","Parasite","hexamod:Hexaguard+1","hexamod:SixthSeal","hexamod:GhostShield+1","hexamod:Hexaguard+1"],"relics":["hexamod:SpiritBrand","infinitespire:Satchel","Anchor","Thread and Needle","infinitespire:Eraser","Replay:Wanted Poster","hubris:BottledHeart","Replay:Accelerometer","downfall:ExtraCursedKey","infinitespire:Magic Flask","hubris:HollowSoul","Ring of Misfortune","ReplayFunnel","Eternal Feather"],"acts_visited":["Exordium","TheCity","TheBeyond","TheEnding"],"potions_floor_usage":[25,29,33,33,49,50,50,50],"damage_taken":[{"damage":0,"enemies":"Cultist","floor":2,"turns":3},{"damage":0,"enemies":"Jaw Worm","floor":3,"turns":3},{"damage":0,"enemies":"2 Louse","floor":8,"turns":2},{"damage":0,"enemies":"Large Slime","floor":12,"turns":5},{"damage":0,"enemies":"3 Sentries","floor":14,"turns":5},{"damage":0,"enemies":"Blue Slaver","floor":15,"turns":3},{"damage":11,"enemies":"IC_STATUS_ARCHETYPE","floor":16,"turns":7},{"damage":0,"enemies":"downfall:FleeingMerchant","floor":19,"turns":4},{"damage":0,"enemies":"Shell Parasite","floor":22,"turns":6},{"damage":0,"enemies":"Book of Stabbing","floor":25,"turns":7},{"damage":0,"enemies":"3 Byrds","floor":27,"turns":5},{"damage":0,"enemies":"Gremlin Leader","floor":29,"turns":9},{"damage":0,"enemies":"Snake Plant","floor":31,"turns":6},{"damage":0,"enemies":"Centurion and Healer","floor":32,"turns":5},{"damage":0,"enemies":"SI_MIRROR_ARCHETYPE","floor":33,"turns":11},{"damage":0,"enemies":"3 Darklings","floor":36,"turns":10},{"damage":0,"enemies":"downfall:FleeingMerchant","floor":38,"turns":4},{"damage":0,"enemies":"downfall:FleeingMerchant","floor":43,"turns":4},{"damage":0,"enemies":"Orb Walker","floor":44,"turns":2},{"damage":0,"enemies":"Writhing Mass","floor":45,"turns":5},{"damage":0,"enemies":"Jaw Worm Horde","floor":48,"turns":5},{"damage":0,"enemies":"3 Darklings","floor":49,"turns":6},{"damage":0,"enemies":"DF_ARCHETYPE_ORBS","floor":50,"turns":12},{"damage":8,"enemies":"downfall:CharBossMerchant","floor":52,"turns":6}],"seed_played":"-2063183982866746550","potions_obtained":[{"floor":8,"key":"bronze:BurnAndBuffPotion"},{"floor":10,"key":"PowerPotion"},{"floor":10,"key":"SmokeBomb"},{"floor":15,"key":"Slimebound:ThreeZeroPotion"},{"floor":27,"key":"Block Potion"},{"floor":28,"key":"CultistPotion"},{"floor":29,"key":"Doom Potion"},{"floor":36,"key":"BlessingOfTheForge"},{"floor":36,"key":"Adrenaline Potion"},{"floor":36,"key":"hexamod:SoulburnPotion"},{"floor":49,"key":"Reflective Coating"}],"is_trial":false,"path_per_floor":["R","M","M","?","?","?","T","M","R","?","T","M","R","E","M","B",null,"R","$","?","?","M","R","T","E","?","M","?","E","R","M","M","B",null,"R","M","?","$","?","T","T","?","$","M","M","?","R","M","M","B",null,"E"],"character_chosen":"THE_SPIRIT","items_purchased":[],"campfire_rested":0,"item_purchase_floors":[],"current_hp_per_floor":[77,77,77,77,77,77,77,77,77,77,77,77,77,77,77,66,77,77,77,1,1,1,1,1,1,1,1,1,1,1,1,1,1,1,1,1,1,1,1,1,1,1,1,1,1,1,1,1,1,1,1,0,0,0],"gold":446,"neow_bonus":"TEN_PERCENT_HP_BONUS","is_daily":false,"chose_seed":false,"campfire_upgraded":7,"win_rate":0.0,"timestamp":1613761523,"path_taken":["R","M","M","?","?","?","T","M","R","?","?","?","R","E","M","BOSS","R","$","?","?","?","R","T","E","?","M","?","E","R","M","M","BOSS","R","M","?","$","?","?","T","?","$","M","?","?","R","M","M","BOSS","E"],"items_purchased_type":[],"build_version":"2020-12-22","purchased_purges":3,"victory":false,"max_hp_per_floor":[77,77,77,77,77,77,77,77,77,77,77,77,77,77,77,77,77,77,77,1,1,1,1,1,1,1,1,1,1,1,1,1,1,1,1,1,1,1,1,1,1,1,1,1,1,1,1,1,1,1,1,1,1,1],"card_choices":[{"not_picked":["hexamod:NightmareStrike","hexamod:Hexaguard"],"picked":"hexamod:Rewind","floor":2},{"not_picked":["hexamod:SpectersWail","hexamod:Firestarter"],"picked":"hexamod:FastForward","floor":3},{"not_picked":["hexamod:FourthSeal","hexamod:NightmareGuise"],"picked":"hexamod:ThermalTransfer","floor":8},{"not_picked":["hexamod:GhostOfSpirePast","hexamod:ShieldOfDarkness"],"picked":"hexamod:NightmareStrike","floor":10},{"not_picked":["hexamod:BurningTouch","hexamod:NightmareGuise"],"picked":"hexamod:SwordOfDarkness","floor":12},{"not_picked":["hexamod:Hexaguard","hexamod:StepThrough"],"picked":"hexamod:FifthSeal","floor":14},{"not_picked":["hexamod:FirstSeal","hexamod:ThirdSeal"],"picked":"hexamod:SixthSeal","floor":15},{"not_picked":["hexamod:SwordOfDarkness","hexamod:SpectersWail"],"picked":"hexamod:FastForward","floor":15},{"not_picked":["hexamod:SecondSeal","hexamod:SixthSeal"],"picked":"hexamod:FirstSeal","floor":16},{"not_picked":["hexamod:ForkedFlame","hexamod:WildfireWeapon"],"picked":"hexamod:UnleashSpirits","floor":16},{"not_picked":["hexamod:FirstSeal","hexamod:ThirdSeal"],"picked":"hexamod:SecondSeal","floor":19},{"not_picked":["hexamod:EtherealExpedition+1","hexamod:RetreatToShadows"],"picked":"hexamod:Incineration","floor":19},{"not_picked":["hexamod:FourthSeal","hexamod:SecondSeal"],"picked":"hexamod:ThirdSeal","floor":22},{"not_picked":["hexamod:SpectralAdrenaline","hexamod:Rewind"],"picked":"hexamod:HeatShield+1","floor":22},{"not_picked":["hexamod:SixthSeal","hexamod:FirstSeal"],"picked":"hexamod:FourthSeal","floor":25},{"not_picked":["hexamod:ThermalTransfer","hexamod:GhostflameBarrier+1"],"picked":"hexamod:BacktrackSmack+1","floor":25},{"not_picked":["hexamod:Rewind+1","hexamod:Hexaguard"],"picked":"hexamod:HexaLevel","floor":25},{"not_picked":["hexamod:SecondSeal","hexamod:FirstSeal"],"picked":"hexamod:FourthSeal","floor":27},{"not_picked":["hexamod:HauntingEcho","hexamod:BacktrackSmack+1"],"picked":"hexamod:NightmareGuise","floor":27},{"not_picked":["hexamod:FourthSeal","hexamod:FirstSeal"],"picked":"hexamod:SixthSeal","floor":29},{"not_picked":["hexamod:Rewind","hexamod:AdvancingGuard+1"],"picked":"hexamod:GhostShield+1","floor":29},{"not_picked":["hexamod:ShieldOfDarkness","hexamod:ThermalTransfer"],"picked":"hexamod:InspiringFlames+1","floor":29},{"not_picked":["hexamod:SecondSeal","hexamod:FirstSeal"],"picked":"hexamod:FourthSeal","floor":31},{"not_picked":["hexamod:SpectersWail","hexamod:EtherealExpedition+1"],"picked":"hexamod:BurningTouch","floor":31},{"not_picked":["hexamod:ThermalTransfer","hexamod:NightmareGuise"],"picked":"hexamod:ShieldOfDarkness+1","floor":32},{"not_picked":["hexamod:GhostOfSpirePast","hexamod:RecurringNightmare"],"picked":"hexamod:RetreatToShadows+1","floor":32},{"not_picked":["hexamod:TurnItUp","hexamod:WildfireWeapon"],"picked":"hexamod:UnlimitedPower","floor":33},{"not_picked":["hexamod:FourthSeal","hexamod:SecondSeal"],"picked":"hexamod:SixthSeal","floor":33},{"not_picked":["hexamod:FifthSeal","hexamod:SearingWound"],"picked":"hexamod:VolcanoVisage","floor":33},{"not_picked":["hexamod:NightmareGuise","hexamod:InspiringFlames+1"],"picked":"hexamod:HeatMetal","floor":36},{"not_picked":["hexamod:SecondSeal","hexamod:GhostShield+1"],"picked":"hexamod:UnlimitedPower","floor":38},{"not_picked":["hexamod:BacktrackSmack+1","hexamod:ThirdSeal"],"picked":"hexamod:Hexaguard+1","floor":38},{"not_picked":["hexamod:HauntingEcho+1","hexamod:ShieldOfDarkness"],"picked":"hexamod:RainOfEmbers","floor":43},{"not_picked":["hexamod:HeatMetal+1","hexamod:HauntingEcho"],"picked":"hexamod:InspiringFlames+1","floor":44},{"not_picked":["hexamod:Again+1","hexamod:GhostOfSpirePresent"],"picked":"hexamod:Hexaguard+1","floor":45},{"not_picked":["hexamod:SecondSeal","hexamod:FirstSeal"],"picked":"hexamod:SixthSeal","floor":48},{"not_picked":["hexamod:GhostLash+1","hexamod:HeatShield"],"picked":"hexamod:GhostShield","floor":48},{"not_picked":["hexamod:BurningTouch","hexamod:ThermalTransfer+1"],"picked":"hexamod:Hexaguard+1","floor":49}],"player_experience":69705,"relics_obtained":[{"floor":7,"key":"infinitespire:Satchel"},{"floor":10,"key":"Anchor"},{"floor":11,"key":"Thread and Needle"},{"floor":14,"key":"infinitespire:Eraser"},{"floor":25,"key":"Replay:Accelerometer"},{"floor":29,"key":"infinitespire:Magic Flask"},{"floor":39,"key":"Ring of Misfortune"},{"floor":40,"key":"ReplayFunnel"},{"floor":41,"key":"Eternal Feather"}],"event_choices":[],"is_beta":false,"boss_relics":[{"not_picked":["hubris:CrackedHourglass","Busted Crown"],"picked":"Replay:Wanted Poster"},{"not_picked":["SacredBark","Ring of Chaos"],"picked":"hubris:HollowSoul"}],"items_purged_floors":[19,38,43],"is_endless":false,"potions_floor_spawned":[8,12,15,22,32,36,44,48,49],"killed_by":"downfall:CharBossMerchant","ascension_level":0}}