{"host":"4jj9j1v1tx707ann","time":1613721724,"event":{"mods":["AchievementEnabler","BaseMod","Colored Map","Keyboard Shortcuts","Minty Spire (QoL Compilation)","Permanent Neow","Quick Restart","Rare Cards Sparkle","StSLib","SuperFastMode","everything is the same but u backflip on backflip"],"gold_per_floor":[112,187,205,380,105,134,134,134,134,154,166,166,178,203,215,227,227],"floor_reached":16,"language":"KOR","playtime":288,"items_purged":["Doubt"],"score":143,"play_id":"17fb6168-36da-4c71-95bd-96f955c20bf3","local_time":"20210219170204","is_ascension_mode":true,"campfire_choices":[{"data":"Whirlwind","floor":12.0,"key":"SMITH"},{"data":"Battle Trance","floor":15.0,"key":"SMITH"}],"circlet_count":0,"master_deck":["Strike_R","Strike_R","Strike_R","Strike_R","Strike_R","Defend_R","Defend_R","Defend_R","Defend_R","Bash","The Bomb","Pommel Strike","Battle Trance+1","Disarm","Whirlwind+1","Metallicize+1","Berserk+1"],"relics":["Burning Blood","Lantern","Anchor","Happy Flower","Frozen Egg 2","MawBank"],"acts_visited":["Exordium"],"potions_floor_usage":[],"damage_taken":[{"damage":5.0,"enemies":"2 Louse","floor":1.0,"turns":3.0},{"damage":7.0,"enemies":"Jaw Worm","floor":3.0,"turns":5.0},{"damage":36.0,"enemies":"Gremlin Nob","floor":6.0,"turns":5.0},{"damage":1.0,"enemies":"Cultist","floor":10.0,"turns":3.0},{"damage":0.0,"enemies":"Large Slime","floor":11.0,"turns":4.0},{"damage":0.0,"enemies":"Looter","floor":13.0,"turns":4.0},{"damage":15.0,"enemies":"Lagavulin","floor":14.0,"turns":7.0},{"damage":0,"enemies":"Slime Boss","floor":16,"turns":1}],"seed_played":"5195109720938728759","potions_obtained":[{"floor":1.0,"key":"Dexterity Potion"},{"floor":10.0,"key":"SpeedPotion"},{"floor":13.0,"key":"GamblersBrew"},{"floor":14.0,"key":"SkillPotion"}],"is_trial":false,"path_per_floor":["M","?","M","?","$","E","$","?","T","M","M","R","M","E","R","B"],"character_chosen":"IRONCLAD","items_purchased":["Lantern","Pommel Strike"],"campfire_rested":0,"item_purchase_floors":[5,5],"current_hp_per_floor":[52,41,40,40,40,10,10,10,10,15,21,21,27,18,18,18,18],"gold":227,"neow_bonus":"RANDOM_COLORLESS_2","is_daily":false,"chose_seed":false,"campfire_upgraded":2,"win_rate":0.0,"timestamp":1613721724,"path_taken":["M","?","M","?","$","E","$","?","T","M","M","R","?","E","R","BOSS"],"items_purchased_type":["Relic","Card"],"build_version":"2020-12-22","purchased_purges":1,"victory":false,"max_hp_per_floor":[80,80,80,80,80,80,80,80,80,80,80,80,80,80,80,80,80],"card_choices":[{"not_picked":["Transmutation","Master of Strategy"],"picked":"The Bomb","floor":0.0},{"not_picked":["Havoc","Rage"],"picked":"Shockwave","floor":1.0},{"not_picked":["Clash","True Grit","Feel No Pain"],"picked":"SKIP","floor":3.0},{"not_picked":["Barricade","Pummel"],"picked":"Battle Trance","floor":6.0},{"not_picked":["Clothesline","Clash"],"picked":"Disarm","floor":10.0},{"not_picked":["Anger","Flex"],"picked":"Whirlwind","floor":11.0},{"not_picked":["Pummel","Shrug It Off"],"picked":"Metallicize+1","floor":13.0},{"not_picked":["Armaments","Brutality+1"],"picked":"Berserk+1","floor":14.0}],"player_experience":184398,"relics_obtained":[{"floor":6.0,"key":"Anchor"},{"floor":9.0,"key":"Frozen Egg 2"},{"floor":14.0,"key":"MawBank"}],"event_choices":[{"damage_healed":0.0,"max_hp_gain":0.0,"max_hp_loss":0.0,"gold_gain":75.0,"event_name":"World of Goop","player_choice":"Gather Gold","floor":2.0,"gold_loss":0.0,"damage_taken":11.0},{"damage_healed":0.0,"max_hp_gain":0.0,"max_hp_loss":0.0,"gold_gain":175.0,"event_name":"Liars Game","player_choice":"AGREE","floor":4.0,"gold_loss":0.0,"damage_taken":0.0,"cards_obtained":["Doubt"]},{"cards_removed":["Shockwave"],"damage_healed":0.0,"max_hp_gain":0.0,"max_hp_loss":0.0,"gold_gain":0.0,"event_name":"WeMeetAgain","player_choice":"Gave Card","floor":8.0,"gold_loss":0.0,"damage_taken":0.0,"relics_obtained":["Happy Flower"]}],"is_beta":false,"boss_relics":[],"items_purged_floors":[5],"is_endless":false,"potions_floor_spawned":[1,10,13,14],"killed_by":"Slime Boss","ascension_level":6}}