{"host":"6pic12dj9p7186mz","time":1613732539,"event":{"mods":["BaseMod","Minty Spire (QoL Compilation)","Permanent Neow","Relic Stats","StSLib"],"gold_per_floor":[117,40,58,58,58,58,96,96,174,26,47,88,88,122,122,267,267,286,19,19,35,50,50,50],"floor_reached":23,"language":"ENG","playtime":1019,"items_purged":["Strike_G"],"score":296,"play_id":"091369f6-e77b-4435-8687-45bf798e0bec","local_time":"20210219050219","is_ascension_mode":true,"campfire_choices":[{"data":"Poisoned Stab","floor":6.0,"key":"SMITH"},{"data":"Neutralize","floor":8,"key":"SMITH"},{"data":"Dagger Spray","floor":13,"key":"SMITH"},{"data":"Predator","floor":15,"key":"SMITH"}],"circlet_count":0,"master_deck":["Strike_G","Defend_G","Defend_G","Defend_G","Defend_G","Defend_G","Survivor","Neutralize+1","PiercingWail","Predator+1","Poisoned Stab+1","Adrenaline","Terror","Dagger Spray+1","Blade Dance","Blur","Wraith Form v2","Cloak And Dagger","Chrysalis","Acrobatics","Calculated Gamble","Writhe","A Thousand Cuts","Tactician"],"relics":["Ring of the Snake","Snake Skull","Golden Idol","Shovel","Letter Opener","Bag of Preparation","Ancient Tea Set","Empty Cage","Bronze Scales"],"acts_visited":["Exordium","TheCity"],"potions_floor_usage":[16,16,22,23],"damage_taken":[{"damage":0.0,"enemies":"2 Louse","floor":1.0,"turns":3.0},{"damage":4.0,"enemies":"Jaw Worm","floor":3.0,"turns":3.0},{"damage":19.0,"enemies":"3 Sentries","floor":7.0,"turns":4.0},{"damage":0,"enemies":"Small Slimes","floor":11,"turns":2},{"damage":6,"enemies":"Gremlin Nob","floor":12,"turns":3},{"damage":17,"enemies":"3 Sentries","floor":14,"turns":5},{"damage":0,"enemies":"Slime Boss","floor":16,"turns":6},{"damage":0,"enemies":"3 Byrds","floor":18,"turns":3},{"damage":3,"enemies":"Spheric Guardian","floor":21,"turns":4},{"damage":10,"enemies":"Cultist and Chosen","floor":22,"turns":6},{"damage":55,"enemies":"Gremlin Leader","floor":23,"turns":6}],"seed_played":"6772540874336890717","potions_obtained":[{"floor":3.0,"key":"ColorlessPotion"},{"floor":7.0,"key":"ColorlessPotion"},{"floor":11,"key":"Energy Potion"},{"floor":12,"key":"EssenceOfSteel"},{"floor":18,"key":"Strength Potion"}],"is_trial":false,"path_per_floor":["M","$","M","?","?","R","E","R","T","$","M","E","R","E","R","B",null,"M","$","?","M","M","E"],"character_chosen":"THE_SILENT","items_purchased":["Predator","Terror","Chrysalis","Acrobatics","Calculated Gamble"],"campfire_rested":0,"item_purchase_floors":[2,10,19,19,19],"current_hp_per_floor":[70,70,66,66,65,65,46,46,46,46,46,40,40,23,23,23,65,65,65,65,62,52,0,0],"gold":50,"neow_bonus":"RANDOM_COMMON_RELIC","is_daily":false,"chose_seed":false,"campfire_upgraded":4,"win_rate":0.0,"timestamp":1613732539,"path_taken":["M","$","M","?","?","R","E","R","T","?","M","E","R","E","R","BOSS","M","$","?","M","M","E"],"items_purchased_type":["Card","Card","Card","Card","Card"],"build_version":"2020-12-22","purchased_purges":1,"victory":false,"max_hp_per_floor":[70,70,70,70,65,65,65,65,65,65,65,65,65,65,65,65,65,65,65,65,65,65,65,65],"relic_stats":{"Shovel":0,"counters":[11,45],"Golden Idol":62,"Bronze Scales":[48],"Snake Skull":[15],"Bag of Preparation":[12],"Letter Opener":[85],"obtain_stats":[{"Shovel":7,"Golden Idol":5,"Bronze Scales":20,"Snake Skull":0,"Bag of Preparation":12,"Letter Opener":9,"Ancient Tea Set":14,"Empty Cage":17,"Ring of the Snake":0},{"Shovel":3,"Golden Idol":2,"Bronze Scales":8,"Snake Skull":0,"Bag of Preparation":5,"Letter Opener":3,"Ancient Tea Set":6,"Empty Cage":7,"Ring of the Snake":0},{"Shovel":10,"Golden Idol":6,"Bronze Scales":29,"Snake Skull":0,"Bag of Preparation":15,"Letter Opener":10,"Ancient Tea Set":20,"Empty Cage":26,"Ring of the Snake":0}],"Ring of the Snake":[22]},"card_choices":[{"not_picked":["Dodge and Roll","Tactician"],"picked":"PiercingWail","floor":1.0},{"not_picked":["Masterful Stab","Accuracy"],"picked":"Poisoned Stab","floor":3.0},{"not_picked":["Dash","Bane"],"picked":"Adrenaline","floor":7.0},{"not_picked":["Sucker Punch","Underhanded Strike"],"picked":"Dagger Spray","floor":11},{"not_picked":["Phantasmal Killer","Backstab"],"picked":"Blade Dance","floor":12},{"not_picked":["Caltrops","Predator"],"picked":"Blur","floor":14},{"not_picked":["Venomology","Phantasmal Killer"],"picked":"Wraith Form v2","floor":16},{"not_picked":["Quick Slash","Infinite Blades+1"],"picked":"Cloak And Dagger","floor":18},{"not_picked":["Dagger Spray","Outmaneuver+1"],"picked":"A Thousand Cuts","floor":21},{"not_picked":["Heel Hook","Slice"],"picked":"Tactician","floor":22}],"player_experience":38659,"relics_obtained":[{"floor":7.0,"key":"Shovel"},{"floor":9,"key":"Letter Opener"},{"floor":12,"key":"Bag of Preparation"},{"floor":14,"key":"Ancient Tea Set"}],"event_choices":[{"cards_removed":["Strike_G"],"damage_healed":0.0,"max_hp_gain":0.0,"max_hp_loss":0.0,"gold_gain":0.0,"event_name":"Living Wall","player_choice":"Forget","floor":4.0,"gold_loss":0.0,"damage_taken":0.0},{"damage_healed":0.0,"max_hp_gain":0.0,"max_hp_loss":5.0,"gold_gain":0.0,"event_name":"Golden Idol","player_choice":"Lose Max HP","floor":5.0,"gold_loss":0.0,"damage_taken":0.0,"relics_obtained":["Golden Idol"]},{"damage_healed":0,"gold_gain":0,"player_choice":"Opened","damage_taken":0,"relics_obtained":["Bronze Scales"],"max_hp_gain":0,"max_hp_loss":0,"event_name":"The Mausoleum","floor":20,"gold_loss":0,"cards_obtained":["Writhe"]}],"is_beta":false,"boss_relics":[{"not_picked":["HoveringKite","Philosopher\u0027s Stone"],"picked":"Empty Cage"}],"items_purged_floors":[10],"is_endless":false,"potions_floor_spawned":[3,7,11,12,18],"killed_by":"Gremlin Leader","ascension_level":3}}