{"host":"q4axc00jr2bozlh9","time":1613744471,"event":{"mods":["AchievementEnabler","BaseMod","Bestiary","Colored Map","Colored Powertips","Curses Come First","Minty Spire (QoL Compilation)","Relic Stats","StSLib","SuperFastMode","UnlockEverythingMod"],"gold_per_floor":[119,137,148,160,235,235,269,284,358,358,386,396,95,108,108,206,206,223,223,223,238,238,272,290,301,301,319,344,344,47,47,47,143,143,158,173,26,26,36,62,62,89,89,109,109,109,134,59,59,59,59,59,22,47,47],"floor_reached":56,"language":"ENG","playtime":5292,"items_purged":["Decay"],"score":1362,"play_id":"20df2084-2ce5-4e1c-b745-e530ff8b0b11","local_time":"20210219152111","is_ascension_mode":false,"campfire_choices":[{"data":"Armaments","floor":6.0,"key":"SMITH"},{"floor":10.0,"key":"REST"},{"floor":15.0,"key":"REST"},{"floor":32.0,"key":"REST"},{"floor":41.0,"key":"RECALL"},{"data":"Demon Form","floor":46.0,"key":"SMITH"},{"data":"Limit Break","floor":49.0,"key":"SMITH"},{"data":"Demon Form","floor":52,"key":"SMITH"}],"circlet_count":0,"master_deck":["Flame Barrier","Armaments+1","Limit Break+1","Shrug It Off","Blood for Blood","Metallicize","Searing Blow","Barricade","Havoc+1","Combust+1","True Grit+1","Flame Barrier","Writhe","Impervious","Spot Weakness","Reaper","Evolve","Demon Form+1","Power Through","Fiend Fire","Feel No Pain+1","Demon Form+1","Inflame","Clothesline","Dark Embrace","Metallicize"],"relics":["Snecko Eye","Vajra","Singing Bowl","Turnip","Tiny Chest","HandDrill","Astrolabe","Centennial Puzzle","White Beast Statue","Bag of Marbles","Du-Vu Doll","Kunai","Thread and Needle","Pandora\u0027s Box","DollysMirror","HornCleat","Sundial","InkBottle","Bronze Scales","Nunchaku","Mummified Hand"],"acts_visited":["Exordium","TheCity","TheBeyond","TheEnding"],"potions_floor_usage":[55,55,55],"damage_taken":[{"damage":14.0,"enemies":"Jaw Worm","floor":1.0,"turns":4.0},{"damage":2.0,"enemies":"2 Louse","floor":2.0,"turns":3.0},{"damage":0.0,"enemies":"Small Slimes","floor":3.0,"turns":3.0},{"damage":0.0,"enemies":"Blue Slaver","floor":4.0,"turns":4.0},{"damage":20.0,"enemies":"Lagavulin","floor":7.0,"turns":8.0},{"damage":0.0,"enemies":"3 Louse","floor":8.0,"turns":3.0},{"damage":12.0,"enemies":"3 Sentries","floor":11.0,"turns":14.0},{"damage":0.0,"enemies":"Looter","floor":12.0,"turns":3.0},{"damage":0.0,"enemies":"Blue Slaver","floor":14.0,"turns":3.0},{"damage":9.0,"enemies":"The Guardian","floor":16.0,"turns":8.0},{"damage":8.0,"enemies":"3 Byrds","floor":18.0,"turns":4.0},{"damage":7.0,"enemies":"Chosen","floor":21.0,"turns":6.0},{"damage":8.0,"enemies":"Gremlin Leader","floor":23.0,"turns":9.0},{"damage":0.0,"enemies":"Snecko","floor":24.0,"turns":7.0},{"damage":14.0,"enemies":"3 Cultists","floor":25.0,"turns":5.0},{"damage":12.0,"enemies":"Sentry and Sphere","floor":27.0,"turns":10.0},{"damage":7.0,"enemies":"Slavers","floor":28.0,"turns":8.0},{"damage":0.0,"enemies":"Champ","floor":33.0,"turns":21.0},{"damage":0.0,"enemies":"Orb Walker","floor":35.0,"turns":4.0},{"damage":0.0,"enemies":"3 Darklings","floor":36.0,"turns":6.0},{"damage":2.0,"enemies":"Jaw Worm Horde","floor":39.0,"turns":6.0},{"damage":3.0,"enemies":"Giant Head","floor":40.0,"turns":9.0},{"damage":23.0,"enemies":"Nemesis","floor":42.0,"turns":7.0},{"damage":0.0,"enemies":"Maw","floor":44.0,"turns":6.0},{"damage":0.0,"enemies":"Giant Head","floor":47.0,"turns":8.0},{"damage":39.0,"enemies":"Donu and Deca","floor":50.0,"turns":7.0},{"damage":21,"enemies":"Shield and Spear","floor":54,"turns":9},{"damage":51,"enemies":"The Heart","floor":55,"turns":10}],"seed_played":"-7334855287046579017","potions_obtained":[{"floor":1.0,"key":"Block Potion"},{"floor":8.0,"key":"SteroidPotion"},{"floor":12.0,"key":"Strength Potion"},{"floor":16.0,"key":"BloodPotion"},{"floor":23.0,"key":"GamblersBrew"},{"floor":24.0,"key":"AttackPotion"},{"floor":25.0,"key":"SteroidPotion"},{"floor":27.0,"key":"EssenceOfSteel"},{"floor":28.0,"key":"Swift Potion"},{"floor":33.0,"key":"Block Potion"},{"floor":35.0,"key":"EssenceOfSteel"},{"floor":42.0,"key":"FearPotion"}],"is_trial":false,"path_per_floor":["M","M","M","M","?","R","E","M","T","R","E","M","$","M","R","B",null,"M","?","?","M","T","E","M","M","T","M","E","T","$","?","R","B",null,"M","M","$","?","M","E","R","E","T","M","T","R","E","$","R","B",null,"R","$","E","B",null],"character_chosen":"IRONCLAD","items_purchased":["Tiny Chest","HandDrill","Thread and Needle","DollysMirror","Dark Embrace"],"campfire_rested":3,"item_purchase_floors":[13,13,30,37,53],"current_hp_per_floor":[66,64,64,64,53,53,33,33,33,57,45,45,45,45,69,60,80,74,74,74,69,69,63,82,70,70,60,55,55,55,55,83,83,94,94,96,96,96,98,95,95,75,75,77,77,77,102,102,102,101,102,102,102,81,44],"gold":47,"neow_bonus":"BOSS_RELIC","is_daily":false,"chose_seed":false,"campfire_upgraded":4,"win_rate":0.0,"timestamp":1613744471,"path_taken":["M","M","M","M","?","R","E","M","T","R","E","M","$","M","R","BOSS","M","?","?","M","?","E","M","M","T","M","E","?","?","?","R","BOSS","M","M","$","?","M","E","R","E","T","M","?","R","E","$","R","BOSS","R","$","E","BOSS"],"items_purchased_type":["Relic","Relic","Relic","Relic","Card"],"build_version":"2020-12-22","purchased_purges":1,"victory":true,"max_hp_per_floor":[80,80,80,80,80,80,80,80,80,80,80,80,80,80,80,80,80,82,82,82,84,84,86,88,90,90,92,94,94,94,94,94,94,94,94,96,96,96,98,98,98,100,100,102,102,102,102,102,102,102,102,102,102,102,102],"relic_stats":{"Singing Bowl":22,"counters":[28,195],"Astrolabe":["Havoc","Combust","True Grit"],"Centennial Puzzle":[33],"Nunchaku":[2],"Sundial":[12],"Mummified Hand":[14],"Bronze Scales":[171],"Snecko Eye":[322,334,346,335],"Tiny Chest":2,"Pandora\u0027s Box":["Spot Weakness","Reaper","Evolve","Demon Form","Power Through","Fiend Fire"],"Turnip":[22],"HandDrill":[68],"Kunai":[3],"obtain_stats":[{"Singing Bowl":9,"Astrolabe":17,"Vajra":7,"Thread and Needle":30,"Burning Blood":0,"White Beast Statue":22,"Du-Vu Doll":28,"Centennial Puzzle":20,"Nunchaku":47,"HornCleat":40,"DollysMirror":37,"Sundial":42,"Mummified Hand":54,"Bronze Scales":45,"Snecko Eye":0,"Tiny Chest":13,"Pandora\u0027s Box":34,"Turnip":11,"HandDrill":13,"Bag of Marbles":23,"Kunai":29,"InkBottle":43},{"Singing Bowl":6,"Astrolabe":10,"Vajra":5,"Thread and Needle":17,"Burning Blood":0,"White Beast Statue":12,"Du-Vu Doll":17,"Centennial Puzzle":11,"Nunchaku":25,"HornCleat":22,"DollysMirror":20,"Sundial":23,"Mummified Hand":27,"Bronze Scales":24,"Snecko Eye":0,"Tiny Chest":8,"Pandora\u0027s Box":18,"Turnip":7,"HandDrill":8,"Bag of Marbles":13,"Kunai":17,"InkBottle":23},{"Singing Bowl":25,"Astrolabe":53,"Vajra":22,"Thread and Needle":102,"Burning Blood":0,"White Beast Statue":63,"Du-Vu Doll":102,"Centennial Puzzle":57,"Nunchaku":169,"HornCleat":148,"DollysMirror":133,"Sundial":155,"Mummified Hand":185,"Bronze Scales":161,"Snecko Eye":0,"Tiny Chest":42,"Pandora\u0027s Box":123,"Turnip":39,"HandDrill":42,"Bag of Marbles":72,"Kunai":102,"InkBottle":155}],"InkBottle":[14]},"card_choices":[{"not_picked":["Anger","Thunderclap"],"picked":"Flame Barrier","floor":1.0},{"not_picked":["Wild Strike","Anger","Flex"],"picked":"SKIP","floor":2.0},{"not_picked":["Reckless Charge","Havoc"],"picked":"Armaments","floor":3.0},{"not_picked":["Second Wind","Iron Wave"],"picked":"Limit Break","floor":4.0},{"not_picked":["Warcry","Havoc"],"picked":"Shrug It Off","floor":7.0},{"not_picked":["Anger","Shrug It Off","Sword Boomerang"],"picked":"SKIP","floor":8.0},{"not_picked":["Intimidate","Twin Strike"],"picked":"Blood for Blood","floor":11.0},{"not_picked":["Ghostly Armor","Disarm"],"picked":"Metallicize","floor":12.0},{"not_picked":["Cleave","Battle Trance"],"picked":"Searing Blow","floor":14.0},{"not_picked":["Reaper","Berserk"],"picked":"Barricade","floor":16.0},{"not_picked":["Clash","Shrug It Off","Headbutt"],"picked":"Singing Bowl","floor":18.0},{"not_picked":["Perfected Strike+1","Limit Break","Whirlwind"],"picked":"Singing Bowl","floor":21.0},{"not_picked":["Headbutt+1","Twin Strike+1","Havoc+1"],"picked":"Singing Bowl","floor":23.0},{"not_picked":["Flex","Combust","Clothesline+1"],"picked":"Singing Bowl","floor":24.0},{"not_picked":["Iron Wave","Evolve","Twin Strike+1"],"picked":"Singing Bowl","floor":25.0},{"not_picked":["Iron Wave","Flex","Body Slam"],"picked":"Singing Bowl","floor":27.0},{"not_picked":["Thunderclap","Pummel","Fire Breathing+1"],"picked":"Singing Bowl","floor":28.0},{"not_picked":["Berserk","Brutality"],"picked":"Impervious","floor":33.0},{"not_picked":["Burning Pact","Headbutt+1"],"picked":"Feel No Pain+1","floor":35.0},{"not_picked":["Clothesline","Metallicize","Havoc+1"],"picked":"Singing Bowl","floor":36.0},{"not_picked":["Seeing Red","Clash","Flex+1"],"picked":"Singing Bowl","floor":39.0},{"not_picked":["Perfected Strike+1","Twin Strike"],"picked":"Inflame","floor":40.0},{"not_picked":["Rupture+1","Twin Strike+1","Pummel+1"],"picked":"Singing Bowl","floor":42.0},{"not_picked":["Armaments","Warcry+1","Sword Boomerang+1"],"picked":"Singing Bowl","floor":44.0},{"not_picked":["Pummel+1","Brutality"],"picked":"Clothesline","floor":47.0},{"not_picked":["Perfected Strike+1","Clothesline"],"picked":"Metallicize","floor":54}],"player_experience":280611,"relics_obtained":[{"floor":7.0,"key":"Vajra"},{"floor":9.0,"key":"Singing Bowl"},{"floor":11.0,"key":"Turnip"},{"floor":22.0,"key":"White Beast Statue"},{"floor":23.0,"key":"Bag of Marbles"},{"floor":28.0,"key":"Du-Vu Doll"},{"floor":29.0,"key":"Kunai"},{"floor":40.0,"key":"HornCleat"},{"floor":42.0,"key":"Sundial"},{"floor":43.0,"key":"InkBottle"},{"floor":45.0,"key":"Bronze Scales"},{"floor":47.0,"key":"Nunchaku"},{"floor":54,"key":"Mummified Hand"}],"event_choices":[{"damage_healed":0.0,"max_hp_gain":0.0,"max_hp_loss":0.0,"gold_gain":75.0,"event_name":"World of Goop","player_choice":"Gather Gold","floor":5.0,"gold_loss":0.0,"damage_taken":11.0},{"damage_healed":0.0,"max_hp_gain":0.0,"max_hp_loss":0.0,"gold_gain":0.0,"event_name":"The Library","player_choice":"Read","floor":19.0,"gold_loss":0.0,"damage_taken":0.0,"cards_obtained":["Flame Barrier"]},{"damage_healed":0.0,"max_hp_gain":0.0,"max_hp_loss":0.0,"gold_gain":0.0,"event_name":"The Mausoleum","player_choice":"Opened","floor":20.0,"gold_loss":0.0,"damage_taken":0.0,"relics_obtained":["Centennial Puzzle"],"cards_obtained":["Writhe"]},{"damage_healed":0.0,"max_hp_gain":0.0,"max_hp_loss":0.0,"gold_gain":0.0,"event_name":"Forgotten Altar","player_choice":"Smashed Altar","floor":31.0,"gold_loss":0.0,"damage_taken":0.0,"cards_obtained":["Decay"]},{"cards_removed":["Bash"],"damage_healed":0.0,"max_hp_gain":0.0,"max_hp_loss":0.0,"gold_gain":0.0,"event_name":"Falling","player_choice":"Removed Attack","floor":38.0,"gold_loss":0.0,"damage_taken":0.0}],"is_beta":false,"boss_relics":[{"not_picked":["Runic Dome","Busted Crown"],"picked":"Astrolabe"},{"not_picked":["Tiny House","SacredBark"],"picked":"Pandora\u0027s Box"}],"items_purged_floors":[48],"is_endless":false,"potions_floor_spawned":[1,8,12,16,23,24,25,27,28,33,35,36,39,40,42,44,47,54],"ascension_level":0}}