{"host":"zsnmfqgcm92hlreo","time":1613707489,"event":{"mods":["AchievementEnabler","BaseMod","Bestiary","Block Reminder","Colored Map","Colored Powertips","Filter the Spire","Minty Spire (QoL Compilation)","Permanent Neow","Quick Restart","Relic Stats","StSLib","Weighted Paths"],"gold_per_floor":[112,112,123,198,209,243,267,279,279],"floor_reached":8,"language":"ENG","playtime":414,"items_purged":[],"score":166,"play_id":"11f35bb6-cbe5-4093-9b5b-aca4c3753db3","local_time":"20210218220449","is_ascension_mode":true,"campfire_choices":[],"circlet_count":0,"master_deck":["AscendersBane","Strike_P","Strike_P","Strike_P","Strike_P","Defend_P","Defend_P","Defend_P","Defend_P","Eruption","Vigilance","Sanctity","Wallop","Nirvana","Conclude"],"relics":["Snecko Eye","MawBank"],"acts_visited":["Exordium"],"potions_floor_usage":[7],"damage_taken":[{"damage":1.0,"enemies":"2 Louse","floor":1.0,"turns":4.0},{"damage":0.0,"enemies":"Small Slimes","floor":3.0,"turns":4.0},{"damage":2.0,"enemies":"Cultist","floor":5.0,"turns":3.0},{"damage":0.0,"enemies":"3 Sentries","floor":6.0,"turns":5.0},{"damage":0,"enemies":"Blue Slaver","floor":7,"turns":2},{"damage":61,"enemies":"Lagavulin","floor":8,"turns":7}],"seed_played":"-9086046513652068799","potions_obtained":[{"floor":1.0,"key":"Swift Potion"},{"floor":3.0,"key":"AttackPotion"},{"floor":6,"key":"Dexterity Potion"},{"floor":7,"key":"Fire Potion"}],"is_trial":false,"path_per_floor":["M","?","M","?","M","E","M","E"],"character_chosen":"WATCHER","items_purchased":[],"campfire_rested":0,"item_purchase_floors":[],"current_hp_per_floor":[60,60,60,49,47,47,47,0,0],"gold":279,"neow_bonus":"BOSS_RELIC","is_daily":false,"chose_seed":false,"campfire_upgraded":0,"win_rate":0.0,"timestamp":1613707489,"path_taken":["M","?","M","?","M","E","M","E"],"items_purchased_type":[],"build_version":"2020-12-22","purchased_purges":0,"victory":false,"max_hp_per_floor":[68,68,68,68,68,68,68,68,68],"relic_stats":{"counters":[6,25],"Snecko Eye":[44,43,45,47],"MawBank":24,"obtain_stats":[{"Snecko Eye":0,"PureWater":0,"MawBank":6},{"Snecko Eye":0,"PureWater":0,"MawBank":4},{"Snecko Eye":0,"PureWater":0,"MawBank":16}]},"card_choices":[{"not_picked":["FlurryOfBlows","SignatureMove"],"picked":"Sanctity","floor":1.0},{"not_picked":["Perseverance","Conclude"],"picked":"Wallop","floor":3.0},{"not_picked":["ClearTheMind","Crescendo"],"picked":"Nirvana","floor":5.0},{"not_picked":["CrushJoints","Consecrate","ReachHeaven"],"picked":"SKIP","floor":6},{"not_picked":["WreathOfFlame","FlyingSleeves"],"picked":"Conclude","floor":7}],"player_experience":1229267,"relics_obtained":[{"floor":6,"key":"MawBank"}],"event_choices":[{"damage_healed":0.0,"max_hp_gain":0.0,"max_hp_loss":0.0,"gold_gain":0.0,"event_name":"Shining Light","player_choice":"Ignored","floor":2.0,"gold_loss":0.0,"damage_taken":0.0},{"damage_healed":0.0,"max_hp_gain":0.0,"max_hp_loss":0.0,"gold_gain":75.0,"event_name":"World of Goop","player_choice":"Gather Gold","floor":4.0,"gold_loss":0.0,"damage_taken":11.0}],"is_beta":false,"boss_relics":[],"items_purged_floors":[],"is_endless":false,"potions_floor_spawned":[1,3,6,7],"killed_by":"Lagavulin","ascension_level":20}}