{"host":"rbccvrvdyhsypb23","time":1613765207,"event":{"mods":["2.2 Compatiblity","AchievementEnabler","Act Like it!","Arknights","Aspiration","BaseMod","Beaked The Cultist","Better Third Choice","BetterRewards","Defuse TimeMaze Blight","Fox Events","Friendly Minions","GungeonMod","Hubris","Infinite Spire","Ironclad Rager","KomeijiMod","Marisa????????","Minty Spire (QoL Compilation)","Random Character Button","Reimu??????","Reliquary","Replay The Spire","Shade Mod","StSLib","The Animator","The Blackbeard","The Cursed","The Disciple","The Hierophant","The Jungle","The Marked","The Mystic","The Necromancer","Wandering Minibosses"],"gold_per_floor":[118,128,138,138,130,152,152,176,176,171,171],"floor_reached":10,"language":"ENG","playtime":430,"items_purged":[],"score":78,"play_id":"fcdae321-c814-4163-aa70-d8e0c8882d0d","local_time":"20210219230647","is_ascension_mode":false,"campfire_choices":[{"data":"Death_March_Dance","floor":7,"key":"SMITH"}],"circlet_count":0,"master_deck":["Strike_W","Strike_W","Strike_W","Strike_W","Defend_W","Defend_W+1","Defend_W+1","Defend_W","Negative_Energy_Arrows","Bone_Wall","Bone_Bullets","Life_Tap","Death_March_Dance+1","Bone_Spikes","Negative_Energy_Sphere","Bones_to_Steel"],"relics":["Vampire_Amulet","aspiration:Nostalgia","MiniHakkero","hubris:MobiusCoin","War Paint","ReplayTheSpireMod:Ninjato"],"acts_visited":["Exordium"],"potions_floor_usage":[3],"damage_taken":[{"damage":0,"enemies":"ats:Genji","floor":1,"turns":4},{"damage":0,"enemies":"Jaw Worm","floor":2,"turns":3},{"damage":1,"enemies":"Small Slimes","floor":3,"turns":4},{"damage":10,"enemies":"Gremlin Gang","floor":5,"turns":5},{"damage":32,"enemies":"Lagavulin","floor":6,"turns":6},{"damage":24,"enemies":"Replay:BlueRogue","floor":8,"turns":5},{"damage":9,"enemies":"Gremlin Nob","floor":10,"turns":4}],"seed_played":"207709630540810090","potions_obtained":[{"floor":1,"key":"Languid Potion"},{"floor":8,"key":"Elixir"}],"is_trial":false,"path_per_floor":["M","M","M","?","M","E","R","E","T","E"],"character_chosen":"NECROMANCER","items_purchased":[],"campfire_rested":0,"item_purchase_floors":[],"current_hp_per_floor":[75,75,75,75,71,41,41,19,19,10,10],"gold":171,"neow_bonus":"NOSTALGIA","is_daily":false,"chose_seed":false,"campfire_upgraded":1,"win_rate":0.0,"timestamp":1613765207,"path_taken":["M","M","M","?","M","E","R","E","T","E"],"items_purchased_type":[],"build_version":"2020-12-22","purchased_purges":0,"victory":false,"max_hp_per_floor":[75,75,75,75,75,75,75,75,75,75,75],"card_choices":[{"not_picked":["Death_Coil","Scare"],"picked":"Bone_Bullets","floor":1},{"not_picked":["Shackles_Of_Pain","Plague_Bolt"],"picked":"Life_Tap","floor":2},{"not_picked":["Necromantic_Selection","Blood_Curse"],"picked":"Death_March_Dance","floor":3},{"not_picked":["Consume_Illness","Blood_Whip"],"picked":"Bone_Spikes","floor":5},{"not_picked":["Bone_Spikes","Bone_Armor"],"picked":"Negative_Energy_Sphere","floor":6},{"not_picked":["Necrotic_Claws","Death_Coil"],"picked":"Bones_to_Steel","floor":8}],"player_experience":443857,"relics_obtained":[{"floor":6,"key":"hubris:MobiusCoin"},{"floor":8,"key":"War Paint"},{"floor":9,"key":"ReplayTheSpireMod:Ninjato"}],"event_choices":[{"damage_healed":0,"gold_gain":0,"player_choice":"Ignored","damage_taken":138,"max_hp_gain":0,"max_hp_loss":0,"event_name":"betterThird:BetterSerpent","floor":4,"gold_loss":0}],"is_beta":false,"boss_relics":[],"items_purged_floors":[],"is_endless":true,"potions_floor_spawned":[1,8],"killed_by":"Gremlin Nob","ascension_level":0}}