{"host":"8z6cx8b9r5qs18cp","time":1613696765,"event":{"mods":["AchievementEnabler","Act Like it!","Bard","BaseMod","GifTheSpireLib","Googly Eyes","Hermit","Hubris","Infinite Spire","Marked Mod","Minty Spire (QoL Compilation)","Permanent Neow","Rare Cards Sparkle","Relic Stats","Replay The Spire","StSLib","Stuff the Spire","The Animator","The Bug Knight","The Cursed","The Marked","The Necromancer","The Servant 0.9.4"],"gold_per_floor":[115,115,132,5,16,16,49,49,49,83,93,107,138,148,148,248,248,265,279,295,18,31,31,48,105,105,204,204,204,223,49,49,150,150,165,215,225,240,28,28,53,53,53,107,107,107,119,119,119,119,119,119,22,48,48],"floor_reached":56,"language":"ENG","playtime":4601,"items_purged":["Overencumbered"],"score":1367,"play_id":"fae59714-8166-4161-8761-6d57944ccc20","local_time":"20210218190605","is_ascension_mode":true,"campfire_choices":[{"floor":6.0,"key":"RECALL"},{"data":"Envenom","floor":8.0,"key":"SMITH"},{"floor":15.0,"key":"REST"},{"floor":23,"key":"REST"},{"floor":32,"key":"REST"},{"floor":40,"key":"REST"},{"floor":42,"key":"REST"},{"floor":45,"key":"REST"},{"floor":49,"key":"REST"},{"data":"Envenom","floor":52,"key":"SMITH"}],"circlet_count":0,"master_deck":["Strike_G","Strike_G","Strike_G","Strike_G","Strike_G","Defend_G","Defend_G","Defend_G","Defend_G","Defend_G","Survivor","Neutralize","Cloak And Dagger+1","Blade Dance","Well Laid Plans","Outmaneuver","Envenom+1","Catalyst","Flying Knee","Flying Knee","Cloak And Dagger","Accuracy","After Image","hubris:Lust","Caltrops+1","Backflip+1","PiercingWail+1","Bane+1","Dagger Throw+1","Blade Dance","Quick Slash+1","Deflect","Envenom+1","Bane+1","Hidden Blade","Dagger Spray+1","ReplayTheSpireMod:Scrap Shanks+1","ReplayTheSpireMod:Scrap Shanks+1","After Image+1","Blade Dance","hubris:Counter+1","After Image+1"],"relics":["Honey Jar","Quantum Egg","StuffTheSpire:OldFever","StuffTheSpire:Barrel","Replay:Ancient Bell","Oddly Smooth Stone","Molten Egg 2","Basket Of Snakes","Nunchaku","Gremlin Horn","Ninja Scroll","Ring of Chaos","SlaversCollar","Ring of Greed","ReplayTheSpireMod:Ring of Collecting","Golden Egg","Smiling Mask","infinitespire:Lucky Rock","InkBottle","ReplayTheSpireMod:Ring of Addiction","White Beast Statue","Potion Belt","Replay:Baseball","StoneCalendar","hubris:Potato","SacredBark","hubris:Reverence"],"acts_visited":["Exordium","TheCity","TheBeyond","TheEnding"],"potions_floor_usage":[20,20,20,22,22,24,30,33,33,35,38,41,44,44,44,47,50,54,55,55,55,55,55,55,55,55],"damage_taken":[{"damage":4.0,"enemies":"Jaw Worm","floor":1.0,"turns":3.0},{"damage":1.0,"enemies":"infinitespire:Voidling","floor":3.0,"turns":4.0},{"damage":0.0,"enemies":"Cultist","floor":5.0,"turns":3.0},{"damage":12.0,"enemies":"Lagavulin","floor":7.0,"turns":6.0},{"damage":9.0,"enemies":"Replay:BlueRogue","floor":10.0,"turns":4.0},{"damage":6.0,"enemies":"2 Fungi Beasts","floor":11.0,"turns":2.0},{"damage":1.0,"enemies":"Looter","floor":12.0,"turns":3.0},{"damage":6.0,"enemies":"3 Sentries","floor":13.0,"turns":5.0},{"damage":13.0,"enemies":"Exordium Wildlife","floor":14.0,"turns":3.0},{"damage":17.0,"enemies":"Hexaghost","floor":16.0,"turns":5.0},{"damage":21,"enemies":"2 Thieves","floor":18,"turns":3},{"damage":14,"enemies":"Spheric Guardian","floor":19,"turns":4},{"damage":22,"enemies":"Snecko","floor":20,"turns":7},{"damage":7,"enemies":"Snake Plant","floor":22,"turns":5},{"damage":4,"enemies":"Cultist and Chosen","floor":24,"turns":6},{"damage":2,"enemies":"Sentry and Sphere","floor":30,"turns":3},{"damage":12,"enemies":"Automaton","floor":33,"turns":5},{"damage":36,"enemies":"3 Darklings","floor":35,"turns":4},{"damage":23,"enemies":"3 Shapes","floor":37,"turns":3},{"damage":0,"enemies":"Jaw Worm Horde","floor":38,"turns":3},{"damage":18,"enemies":"Nemesis","floor":41,"turns":5},{"damage":14,"enemies":"2 Orb Walkers","floor":44,"turns":2},{"damage":24,"enemies":"Maw","floor":47,"turns":4},{"damage":35,"enemies":"hubris:GrandSnecko","floor":50,"turns":7},{"damage":10,"enemies":"Shield and Spear","floor":54,"turns":5},{"damage":39,"enemies":"The Heart","floor":55,"turns":6}],"seed_played":"8727672957610830941","potions_obtained":[{"floor":5.0,"key":"AttackPotion"},{"floor":7.0,"key":"Adrenaline Potion"},{"floor":10.0,"key":"Swift Potion"},{"floor":11.0,"key":"BlessingOfTheForge"},{"floor":16.0,"key":"Swift Potion"},{"floor":19,"key":"GhostInAJar"},{"floor":22,"key":"Explosive Potion"},{"floor":25,"key":"Death Potion"},{"floor":25,"key":"CunningPotion"},{"floor":25,"key":"Poison Potion"},{"floor":30,"key":"DuplicationPotion"},{"floor":43,"key":"ColorlessPotion"},{"floor":43,"key":"SkillPotion"},{"floor":43,"key":"Dexterity Potion"},{"floor":44,"key":"AttackPotion"},{"floor":47,"key":"SkillPotion"},{"floor":54,"key":"EntropicBrew"}],"is_trial":false,"path_per_floor":["M","?","M","$","M","R","E","R","T","E","M","M","E","M","R","B",null,"M","M","M","$","M","R","M","?","T","?","?","AVR","M","$","R","B",null,"M","?","M","M","$","R","E","R","T","?","R","?","M","AVR","R","B",null,"R","$","E","B",null],"character_chosen":"THE_SILENT","items_purchased":["Well Laid Plans","SkillPotion","Nunchaku","Venom Potion","ColorlessPotion","Adrenaline Potion","DuplicationPotion","Deflect","ReplayTheSpireMod:Scrap Shanks","infinitespire:Lucky Rock","Energy Potion","Dexterity Potion"],"campfire_rested":7,"item_purchase_floors":[4,4,21,21,21,31,31,31,39,39,53,53],"current_hp_per_floor":[66,66,65,65,65,65,53,53,53,44,38,37,31,18,39,22,70,49,35,13,13,14,35,39,39,39,39,39,39,37,37,58,54,70,34,34,11,11,11,32,22,43,43,29,50,50,26,26,47,12,70,70,70,66,35],"gold":48,"neow_bonus":"BOSS_RELIC","is_daily":false,"chose_seed":false,"campfire_upgraded":2,"win_rate":0.0,"timestamp":1613696765,"path_taken":["M","?","M","$","M","R","E","R","T","E","M","M","E","M","R","BOSS","M","M","M","$","?","R","M","?","T","?","?","AVR","M","$","R","BOSS","M","?","M","M","$","R","E","R","T","?","R","?","M","AVR","R","BOSS","R","$","E","BOSS"],"items_purchased_type":["Card","Potion","Relic","Potion","Potion","Potion","Potion","Card","Card","Relic","Potion","Potion"],"build_version":"2020-12-22","purchased_purges":1,"victory":true,"max_hp_per_floor":[70,70,70,70,70,70,70,70,70,70,70,70,70,70,70,70,70,70,70,70,70,70,70,70,70,70,70,70,70,70,70,70,70,70,70,70,70,70,70,70,70,70,70,70,70,70,70,70,70,70,70,70,70,68,68],"relic_stats":{"Nunchaku":[28],"Gremlin Horn":[12,12],"counters":[26,110],"StoneCalendar":[104],"Smiling Mask":0,"obtain_stats":[{"Golden Egg":36,"StuffTheSpire:Barrel":13,"Gremlin Horn":26,"SacredBark":48,"StoneCalendar":44,"Smiling Mask":36,"Nunchaku":21,"Ninja Scroll":29,"Honey Jar":0,"InkBottle":41,"Ring of the Snake":0,"Potion Belt":43,"Quantum Egg":7,"Basket Of Snakes":17,"ReplayTheSpireMod:Ring of Addiction":43,"Oddly Smooth Stone":17,"Ring of Chaos":29,"Replay:Ancient Bell":17,"Ring of Greed":36,"infinitespire:Lucky Rock":39,"White Beast Statue":43,"SlaversCollar":34,"Replay:Baseball":43,"ReplayTheSpireMod:Ring of Collecting":36,"Molten Egg 2":17,"StuffTheSpire:OldFever":10,"hubris:Potato":48,"hubris:Reverence":54},{"Golden Egg":18,"StuffTheSpire:Barrel":8,"Gremlin Horn":15,"SacredBark":23,"StoneCalendar":22,"Smiling Mask":18,"Nunchaku":13,"Ninja Scroll":15,"Honey Jar":0,"InkBottle":21,"Ring of the Snake":0,"Potion Belt":21,"Quantum Egg":4,"Basket Of Snakes":10,"ReplayTheSpireMod:Ring of Addiction":21,"Oddly Smooth Stone":10,"Ring of Chaos":15,"Replay:Ancient Bell":10,"Ring of Greed":18,"infinitespire:Lucky Rock":20,"White Beast Statue":21,"SlaversCollar":17,"Replay:Baseball":21,"ReplayTheSpireMod:Ring of Collecting":18,"Molten Egg 2":10,"StuffTheSpire:OldFever":5,"hubris:Potato":23,"hubris:Reverence":25},{"Golden Egg":75,"StuffTheSpire:Barrel":30,"Gremlin Horn":63,"SacredBark":92,"StoneCalendar":88,"Smiling Mask":75,"Nunchaku":52,"Ninja Scroll":63,"Honey Jar":0,"InkBottle":86,"Ring of the Snake":0,"Potion Belt":86,"Quantum Egg":16,"Basket Of Snakes":38,"ReplayTheSpireMod:Ring of Addiction":86,"Oddly Smooth Stone":38,"Ring of Chaos":63,"Replay:Ancient Bell":38,"Ring of Greed":75,"infinitespire:Lucky Rock":81,"White Beast Statue":86,"SlaversCollar":71,"Replay:Baseball":86,"ReplayTheSpireMod:Ring of Collecting":75,"Molten Egg 2":38,"StuffTheSpire:OldFever":20,"hubris:Potato":92,"hubris:Reverence":104}],"InkBottle":[23]},"card_choices":[{"not_picked":["Slice","Hidden Blade","Acrobatics"],"picked":"Cloak And Dagger","floor":1.0},{"not_picked":["Flying Knee","Dagger Throw","Endless Agony"],"picked":"Blade Dance","floor":3.0},{"not_picked":["Hidden Blade","Dodge and Roll","Bane"],"picked":"Outmaneuver","floor":5.0},{"not_picked":["Leg Sweep","StuffTheSpire:MirrorStance","Deflect"],"picked":"Envenom","floor":7.0},{"not_picked":["Riddle With Holes","Well Laid Plans","Underhanded Strike"],"picked":"Catalyst","floor":10.0},{"not_picked":["Dodge and Roll","StuffTheSpire:ClusterCrunch","PiercingWail"],"picked":"Flying Knee","floor":11.0},{"not_picked":["Heel Hook","Riddle With Holes","Quick Slash"],"picked":"Flying Knee","floor":12.0},{"not_picked":["Deadly Poison","StuffTheSpire:Injection","Tools of the Trade"],"picked":"Cloak And Dagger","floor":13.0},{"not_picked":["PiercingWail","Underhanded Strike","Toxin Wave"],"picked":"Accuracy","floor":14.0},{"not_picked":["Poison Darts","Phantasmal Killer","Unload"],"picked":"After Image","floor":16.0},{"not_picked":["animator:Curse_GriefSeed","Looming Evil","StuffTheSpire:GnomedCurse"],"picked":"Overencumbered","floor":17.0},{"not_picked":["hubris:Sloth","Normality","Amnesia"],"picked":"hubris:Lust","floor":17.0},{"not_picked":["animator:Curse_Nutcracker","infinitespire:Pacifist","Regret"],"picked":"ReplayTheSpireMod:Doomed","floor":17.0},{"not_picked":["ReplayTheSpireMod:Exploit Weakness","StuffTheSpire:Python","Sucker Punch+1"],"picked":"Caltrops+1","floor":18},{"not_picked":["ReplayTheSpireMod:The Works","StuffTheSpire:FinalStruggle+1","Outmaneuver"],"picked":"Backflip+1","floor":19},{"not_picked":["StuffTheSpire:Python","Escape Plan","Backflip"],"picked":"PiercingWail+1","floor":20},{"not_picked":["StuffTheSpire:Injection+1","PiercingWail","Slice+1"],"picked":"Bane+1","floor":22},{"not_picked":["StuffTheSpire:Injection+1","hubris:SlightOfHand","Tactician"],"picked":"Dagger Throw+1","floor":24},{"not_picked":["Wraith Form v2","Deadly Poison","Acrobatics"],"picked":"Blade Dance","floor":25},{"not_picked":["Hidden Blade","PiercingWail","StuffTheSpire:Injection+1"],"picked":"Quick Slash+1","floor":30},{"not_picked":["Atom Bomb+1","ReplayTheSpireMod:Necrosis","Poison Darts"],"picked":"Envenom","floor":33},{"not_picked":["Sucker Punch+1","Setup+1","Quick Slash+1"],"picked":"Bane+1","floor":35},{"not_picked":["Underhanded Strike+1","Poisoned Stab+1","StuffTheSpire:BumpUp+1"],"picked":"Hidden Blade","floor":37},{"not_picked":["Distraction","Deflect+1","Eviscerate+1"],"picked":"Dagger Spray+1","floor":38},{"not_picked":["Calculated Gamble","Catalyst","Outmaneuver+1"],"picked":"After Image","floor":41},{"not_picked":["Deadly Poison","Concentrate+1","StuffTheSpire:ClusterCrunch+1"],"picked":"Blade Dance","floor":44},{"not_picked":["Acrobatics+1","StuffTheSpire:Injection+1","Dodge and Roll"],"picked":"hubris:Counter+1","floor":47},{"not_picked":["Riddle With Holes+1","Predator+1","Leg Sweep+1"],"picked":"After Image","floor":54}],"player_experience":230428,"relics_obtained":[{"floor":7.0,"key":"Quantum Egg"},{"floor":10.0,"key":"StuffTheSpire:OldFever"},{"floor":13.0,"key":"StuffTheSpire:Barrel"},{"floor":26,"key":"Gremlin Horn"},{"floor":36,"key":"Ring of Greed"},{"floor":36,"key":"ReplayTheSpireMod:Ring of Collecting"},{"floor":36,"key":"Golden Egg"},{"floor":36,"key":"Smiling Mask"},{"floor":41,"key":"InkBottle"},{"floor":43,"key":"ReplayTheSpireMod:Ring of Addiction"},{"floor":43,"key":"White Beast Statue"},{"floor":43,"key":"Potion Belt"},{"floor":43,"key":"Replay:Baseball"},{"floor":44,"key":"StoneCalendar"},{"floor":54,"key":"hubris:Reverence"}],"event_choices":[{"damage_healed":0.0,"max_hp_gain":0.0,"max_hp_loss":0.0,"gold_gain":0.0,"event_name":"Upgrade Shrine","player_choice":"Upgraded","floor":2.0,"gold_loss":0.0,"damage_taken":0.0,"cards_upgraded":["Cloak And Dagger"]},{"damage_healed":0,"gold_gain":99,"player_choice":"Stole From Cult","damage_taken":0,"max_hp_gain":0,"max_hp_loss":0,"event_name":"Nest","floor":27,"gold_loss":0},{"damage_healed":0,"gold_gain":0,"player_choice":"Ignored","damage_taken":0,"max_hp_gain":0,"max_hp_loss":0,"event_name":"Ghosts","floor":28,"gold_loss":0},{"damage_healed":0,"gold_gain":0,"player_choice":"Fight","damage_taken":0,"max_hp_gain":0,"max_hp_loss":0,"event_name":"Mysterious Sphere","floor":44,"gold_loss":0},{"cards_removed":["CommonCold","Doubt","ReplayTheSpireMod:Doomed"],"damage_healed":0,"gold_gain":0,"player_choice":"Removed Curses","damage_taken":0,"max_hp_gain":0,"max_hp_loss":0,"event_name":"Fountain of Cleansing","floor":46,"gold_loss":0}],"is_beta":false,"boss_relics":[{"not_picked":["ChewingGum","Runic Dome"],"picked":"Replay:Ancient Bell"},{"not_picked":["Replay:Wax Seal","Dream Catcher"],"picked":"Oddly Smooth Stone"},{"not_picked":["hubris:CrystalStatue","Garlic"],"picked":"Molten Egg 2"},{"not_picked":["StuffTheSpire:MayFlowers","Replay:Towering Pillar of Hats"],"picked":"Basket Of Snakes"},{"not_picked":["Velvet Choker","Snecko Scales"],"picked":"SlaversCollar"}],"items_purged_floors":[29],"is_endless":false,"potions_floor_spawned":[5,7,10,11,16,19,22,30,44,47,54],"ascension_level":2}}