{"host":"24vdok87ydm8sokm","time":1613747520,"event":{"mods":["AchievementEnabler","BaseMod","Colored Map","Colored Powertips","Minty Spire (QoL Compilation)","StSLib"],"gold_per_floor":[361,361,375,450,466,499,131,144,144,169,169,169,169,185,185,290,290,308,319,329,347,317,317,345,345,345,377,397,424,339,14,14,113,113,131,0,0,20,37,66,66,95,95,127,127,50,62,62,62,62],"floor_reached":51,"language":"ENG","playtime":5189,"items_purged":[],"score":893,"play_id":"a124d220-d5b6-4ebd-b61d-8b565bd368e6","local_time":"20210219091200","is_ascension_mode":true,"campfire_choices":[{"floor":11,"key":"REST"},{"floor":13,"key":"REST"},{"data":"Terror","floor":15,"key":"SMITH"},{"floor":23,"key":"REST"},{"floor":25,"key":"REST"},{"data":"Envenom","floor":32,"key":"SMITH"},{"data":"Quick Slash","floor":41,"key":"SMITH"},{"floor":49,"key":"REST"}],"circlet_count":0,"master_deck":["Strike_G","Strike_G","Strike_G","Strike_G","Strike_G","Defend_G","Defend_G","Defend_G","Defend_G","Defend_G","Survivor","Neutralize+1","Flying Knee","Quick Slash","Terror+1","Deflect+1","Adrenaline+1","Distraction+1","Outmaneuver+1","Dodge and Roll+1","Deflect+1","Envenom+1","Deadly Poison+1","Blade Dance+1","Deflect+1","Skewer","Corpse Explosion+1","Blur+1","Blade Dance+1","Blade Dance+1","Quick Slash+1","Expertise+1","Catalyst+1","Backflip+1","Blur+1","Deflect+1","Panacea+1","Apotheosis+1","Discovery+1","Noxious Fumes","Catalyst+1","Adrenaline+1"],"relics":["Ring of the Snake","Toxic Egg 2","ClockworkSouvenir","Pear","Letter Opener","Philosopher\u0027s Stone","Incense Burner","Meat on the Bone","White Beast Statue","Bronze Scales","Bottled Tornado","WristBlade","Red Mask","Bottled Flame","PreservedInsect","Pantograph","Bottled Lightning"],"acts_visited":["Exordium","TheCity","TheBeyond"],"potions_floor_usage":[10,10,16,24,24,28,28,40,42,47,50,50,50],"damage_taken":[{"damage":0,"enemies":"Cultist","floor":1,"turns":5},{"damage":0,"enemies":"Jaw Worm","floor":3,"turns":4},{"damage":0,"enemies":"2 Louse","floor":5,"turns":2},{"damage":36,"enemies":"3 Sentries","floor":6,"turns":12},{"damage":1,"enemies":"2 Fungi Beasts","floor":8,"turns":3},{"damage":24,"enemies":"Gremlin Nob","floor":10,"turns":5},{"damage":0,"enemies":"Lots of Slimes","floor":14,"turns":2},{"damage":29,"enemies":"The Guardian","floor":16,"turns":16},{"damage":23,"enemies":"3 Byrds","floor":18,"turns":4},{"damage":5,"enemies":"Spheric Guardian","floor":19,"turns":6},{"damage":0,"enemies":"Cultist and Chosen","floor":20,"turns":6},{"damage":14,"enemies":"Snake Plant","floor":21,"turns":5},{"damage":23,"enemies":"Book of Stabbing","floor":24,"turns":5},{"damage":13,"enemies":"Gremlin Leader","floor":27,"turns":6},{"damage":9,"enemies":"Centurion and Healer","floor":28,"turns":2},{"damage":4,"enemies":"Book of Stabbing","floor":29,"turns":5},{"damage":41,"enemies":"Automaton","floor":33,"turns":8},{"damage":0,"enemies":"Orb Walker","floor":35,"turns":2},{"damage":16,"enemies":"3 Darklings","floor":38,"turns":4},{"damage":0,"enemies":"4 Shapes","floor":39,"turns":4},{"damage":0,"enemies":"Reptomancer","floor":40,"turns":2},{"damage":0,"enemies":"Giant Head","floor":42,"turns":5},{"damage":6,"enemies":"Reptomancer","floor":44,"turns":4},{"damage":0,"enemies":"Jaw Worm Horde","floor":47,"turns":2},{"damage":66,"enemies":"Awakened One","floor":50,"turns":9}],"seed_played":"4054229384635301141","potions_obtained":[{"floor":3,"key":"PowerPotion"},{"floor":8,"key":"Energy Potion"},{"floor":14,"key":"ColorlessPotion"},{"floor":21,"key":"ColorlessPotion"},{"floor":22,"key":"LiquidBronze"},{"floor":22,"key":"CultistPotion"},{"floor":27,"key":"Fire Potion"},{"floor":33,"key":"DuplicationPotion"},{"floor":35,"key":"SpeedPotion"},{"floor":38,"key":"Strength Potion"},{"floor":39,"key":"EssenceOfSteel"},{"floor":40,"key":"FearPotion"},{"floor":42,"key":"Fire Potion"},{"floor":44,"key":"AttackPotion"},{"floor":47,"key":"Block Potion"}],"is_trial":false,"path_per_floor":["M","?","M","?","M","E","$","M","T","E","R","?","R","M","R","B",null,"M","M","M","M","?","R","E","R","T","E","M","E","?","$","R","B",null,"M","?","?","M","M","E","R","E","T","E","?","$","M","?","R","B",null],"character_chosen":"THE_SILENT","items_purchased":["Adrenaline+1","Distraction+1","ClockworkSouvenir","Bottled Tornado","Blade Dance+1","Quick Slash","Noxious Fumes"],"campfire_rested":5,"item_purchase_floors":[7,7,7,31,31,31,46],"current_hp_per_floor":[63,63,63,52,52,16,16,15,25,1,22,22,43,43,43,14,73,50,45,45,31,31,52,29,50,50,37,40,48,48,48,48,19,73,73,73,73,57,57,57,57,57,57,51,41,41,41,41,62,19],"gold":62,"neow_bonus":"TWO_FIFTY_GOLD","is_daily":false,"chose_seed":false,"campfire_upgraded":3,"win_rate":0.0,"timestamp":1613747520,"path_taken":["M","?","M","?","M","E","?","M","T","E","R","?","R","M","R","BOSS","M","M","M","M","?","R","E","R","T","E","?","E","?","$","R","BOSS","M","?","?","M","M","E","R","E","T","E","?","$","M","?","R","BOSS"],"items_purchased_type":["Card","Card","Relic","Relic","Card","Card","Card"],"build_version":"2020-12-22","purchased_purges":0,"victory":true,"max_hp_per_floor":[63,63,63,63,63,63,63,63,73,73,73,73,73,73,73,73,73,73,73,73,73,73,73,73,73,73,73,73,73,73,73,73,73,73,73,73,73,73,73,73,73,73,73,73,73,73,73,73,73,73],"card_choices":[{"not_picked":["Sucker Punch","Blade Dance"],"picked":"Flying Knee","floor":1},{"not_picked":["Dagger Throw","Acrobatics"],"picked":"Quick Slash","floor":3},{"not_picked":["Tactician","Distraction"],"picked":"Terror","floor":5},{"not_picked":["After Image","Infinite Blades"],"picked":"Deflect+1","floor":6},{"not_picked":["Tactician+1","Backflip+1"],"picked":"Outmaneuver+1","floor":8},{"not_picked":["Riddle With Holes","Tactician+1"],"picked":"Dodge and Roll+1","floor":10},{"not_picked":["Crippling Poison+1","Slice"],"picked":"Deflect+1","floor":14},{"not_picked":["Adrenaline+1","Venomology+1"],"picked":"Envenom","floor":16},{"not_picked":["Calculated Gamble+1","PiercingWail+1"],"picked":"Prepared+1","floor":18},{"not_picked":["Acrobatics+1","Sucker Punch"],"picked":"Deadly Poison+1","floor":19},{"not_picked":["Infinite Blades+1","Poisoned Stab"],"picked":"Blade Dance+1","floor":20},{"not_picked":["Eviscerate","Predator"],"picked":"Deflect+1","floor":21},{"not_picked":["Eviscerate","Finisher"],"picked":"Skewer","floor":24},{"not_picked":["Prepared+1","Deadly Poison+1"],"picked":"Corpse Explosion+1","floor":27},{"not_picked":["Dodge and Roll+1","Acrobatics+1"],"picked":"Blur+1","floor":28},{"not_picked":["Endless Agony","Caltrops"],"picked":"Blade Dance+1","floor":29},{"not_picked":["Glass Knife","Bullet Time+1"],"picked":"Unload","floor":33},{"not_picked":["Footwork","Terror+1"],"picked":"Expertise+1","floor":35},{"not_picked":["PiercingWail+1","Outmaneuver+1","Dodge and Roll+1"],"picked":"SKIP","floor":38},{"not_picked":["Dodge and Roll+1","Skewer"],"picked":"Catalyst+1","floor":39},{"not_picked":["Deflect+1","Skewer"],"picked":"Backflip+1","floor":40},{"not_picked":["Tools of the Trade","Terror+1"],"picked":"Blur+1","floor":42},{"not_picked":["Bullet Time+1","Slice"],"picked":"Deflect+1","floor":44},{"not_picked":["Finesse+1","Purity+1"],"picked":"Panacea+1","floor":45},{"not_picked":["Metamorphosis+1","Dark Shackles+1"],"picked":"Apotheosis+1","floor":45},{"not_picked":["PanicButton+1","Dark Shackles+1"],"picked":"Discovery+1","floor":45},{"not_picked":["Quick Slash+1","Skewer+1"],"picked":"Catalyst+1","floor":47}],"player_experience":106597,"relics_obtained":[{"floor":6,"key":"Toxic Egg 2"},{"floor":9,"key":"Pear"},{"floor":10,"key":"Letter Opener"},{"floor":24,"key":"Incense Burner"},{"floor":27,"key":"Meat on the Bone"},{"floor":29,"key":"White Beast Statue"},{"floor":40,"key":"Bottled Flame"},{"floor":42,"key":"PreservedInsect"},{"floor":43,"key":"Pantograph"},{"floor":44,"key":"Bottled Lightning"}],"event_choices":[{"damage_healed":0,"gold_gain":0,"player_choice":"Grow","damage_taken":0,"max_hp_gain":0,"max_hp_loss":0,"event_name":"Living Wall","floor":2,"gold_loss":0,"cards_upgraded":["Neutralize"]},{"damage_healed":0,"gold_gain":75,"player_choice":"Gather Gold","damage_taken":11,"max_hp_gain":0,"max_hp_loss":0,"event_name":"World of Goop","floor":4,"gold_loss":0},{"damage_healed":0,"gold_gain":0,"player_choice":"Ignored","damage_taken":0,"max_hp_gain":0,"max_hp_loss":0,"event_name":"Shining Light","floor":12,"gold_loss":0},{"damage_healed":0,"gold_gain":0,"player_choice":"Bought 2 Potions","damage_taken":0,"max_hp_gain":0,"max_hp_loss":0,"event_name":"The Woman in Blue","floor":22,"gold_loss":0},{"damage_healed":0,"gold_gain":0,"player_choice":"Obtained Relic","damage_taken":0,"relics_obtained":["Bronze Scales"],"max_hp_gain":0,"max_hp_loss":0,"event_name":"Addict","floor":30,"gold_loss":85},{"damage_healed":0,"gold_gain":0,"player_choice":"Paid","damage_taken":0,"relics_obtained":["Red Mask"],"max_hp_gain":0,"max_hp_loss":0,"event_name":"Tomb of Lord Red Mask","floor":36,"gold_loss":131},{"cards_removed":["Prepared"],"damage_healed":0,"gold_gain":0,"player_choice":"Removed Skill","damage_taken":0,"max_hp_gain":0,"max_hp_loss":0,"event_name":"Falling","floor":37,"gold_loss":0},{"damage_healed":0,"gold_gain":0,"player_choice":"Memory 3","damage_taken":10,"max_hp_gain":0,"max_hp_loss":0,"event_name":"SensoryStone","floor":45,"gold_loss":0},{"damage_healed":0,"gold_gain":0,"cards_transformed":["Unload"],"player_choice":"Transformed","damage_taken":0,"max_hp_gain":0,"max_hp_loss":0,"event_name":"Transmorgrifier","floor":48,"gold_loss":0,"cards_obtained":["Adrenaline"]}],"is_beta":false,"boss_relics":[{"not_picked":["Runic Dome","Sozu"],"picked":"Philosopher\u0027s Stone"},{"not_picked":["Ring of the Serpent","HoveringKite"],"picked":"WristBlade"}],"items_purged_floors":[],"is_endless":false,"potions_floor_spawned":[3,8,14,21,27,33,35,38,39,40,42,44,47],"ascension_level":1}}