{"host":"kiehjq3lc4w5t4uc","time":1613730460,"event":{"mods":["AchievementEnabler","BaseMod","BetterRewards","Colored Map","Colored Powertips","DeckTracker","Good Game Mod","Infinite Spire","Keyboard Shortcuts","Minty Spire (QoL Compilation)","Permanent Neow","Quick Restart","Rare Cards Sparkle","Relic Stats","StSLib","SuperFastMode"],"gold_per_floor":[115,127,202,202,218,218,251,251,251,255,255],"floor_reached":10,"language":"KOR","playtime":392,"items_purged":["Strike_R"],"score":112,"play_id":"b9884ccb-2d75-432b-82eb-3cf7598f0635","local_time":"20210219192740","is_ascension_mode":true,"campfire_choices":[{"data":"Inflame","floor":6,"key":"SMITH"},{"data":"Entrench","floor":8,"key":"SMITH"}],"circlet_count":0,"master_deck":["AscendersBane","Strike_R","Strike_R","Strike_R","Strike_R","Defend_R","Defend_R","Defend_R","Defend_R","Bash","infinitespire:Neurotoxin+1","Inflame+1","Iron Wave","Sword Boomerang","Whirlwind","Entrench+1"],"relics":["Burning Blood","REME:ComplimentaryCards","Unceasing Top","infinitespire:Midas Blood"],"acts_visited":["Exordium"],"potions_floor_usage":[7,10],"damage_taken":[{"damage":16,"enemies":"Cultist","floor":1,"turns":4},{"damage":1,"enemies":"2 Louse","floor":2,"turns":2},{"damage":5,"enemies":"Small Slimes","floor":5,"turns":4},{"damage":40,"enemies":"3 Sentries","floor":7,"turns":5},{"damage":20,"enemies":"Gremlin Nob","floor":10,"turns":4}],"seed_played":"4992627058228234959","potions_obtained":[{"floor":1,"key":"Explosive Potion"},{"floor":2,"key":"SpeedPotion"}],"is_trial":false,"path_per_floor":["M","M","?","?","M","R","E","R","T","E"],"character_chosen":"IRONCLAD","items_purchased":["Inflame","Iron Wave"],"campfire_rested":0,"item_purchase_floors":[0,0],"current_hp_per_floor":[58,63,52,52,53,53,19,19,19,0,0],"gold":255,"neow_bonus":"","is_daily":false,"chose_seed":false,"campfire_upgraded":2,"win_rate":0.0,"timestamp":1613730460,"path_taken":["M","M","?","?","M","R","E","R","T","E"],"items_purchased_type":["Card","Card"],"build_version":"2020-12-22","purchased_purges":1,"victory":false,"max_hp_per_floor":[75,75,75,75,75,75,75,75,75,75,75],"relic_stats":{"counters":[58,218],"obtain_stats":[{"Calipers":24,"Singing Bowl":0,"Incense Burner":36,"Bag of Preparation":48,"Smiling Mask":14,"PrismaticShard":0,"Boot":47,"Burning Blood":0,"Blood Vial":28,"Frozen Eye":48,"Dream Catcher":34,"TheAbacus":0,"infinitespire:ShieldingShard":6,"infinitespire:Bottled Soul":9,"Pantograph":10,"Prayer Wheel":0,"infinitespire:Golems Mask":34,"WingedGreaves":47,"Kunai":7,"Toxic Egg 2":44,"Potion Belt":8,"Happy Flower":26,"Golden Idol":3,"Blue Candle":40,"The Courier":31,"War Paint":21,"Medical Kit":36,"Peace Pipe":4,"Calling Bell":34,"SlaversCollar":17,"Strange Spoon":0,"REME:ComplimentaryCards":0,"CaptainsWheel":9,"Busted Crown":34,"infinitespire:WardingShard":12,"Bird Faced Urn":11,"Bronze Scales":14,"infinitespire:Satchel":0,"Molten Egg 2":43,"Pandora\u0027s Box":45,"Black Star":17,"StrikeDummy":34,"Unceasing Top":0,"Meat on the Bone":38,"infinitespire:Midas Blood":9},{"Calipers":13,"Singing Bowl":0,"Incense Burner":39,"Bag of Preparation":43,"Smiling Mask":8,"PrismaticShard":21,"Boot":43,"Burning Blood":0,"Blood Vial":34,"Frozen Eye":43,"Dream Catcher":37,"TheAbacus":0,"infinitespire:ShieldingShard":4,"infinitespire:Bottled Soul":25,"Pantograph":48,"Prayer Wheel":21,"infinitespire:Golems Mask":37,"WingedGreaves":43,"Kunai":25,"Toxic Egg 2":43,"Potion Belt":48,"Happy Flower":13,"Golden Idol":23,"Blue Candle":41,"The Courier":16,"War Paint":11,"Medical Kit":18,"Peace Pipe":2,"Calling Bell":37,"SlaversCollar":9,"Strange Spoon":44,"REME:ComplimentaryCards":0,"CaptainsWheel":5,"Busted Crown":17,"infinitespire:WardingShard":49,"Bird Faced Urn":7,"Bronze Scales":26,"infinitespire:Satchel":0,"Molten Egg 2":42,"Pandora\u0027s Box":43,"Black Star":27,"StrikeDummy":37,"Unceasing Top":44,"Meat on the Bone":19,"infinitespire:Midas Blood":57},{"Calipers":38,"Singing Bowl":0,"Incense Burner":128,"Bag of Preparation":145,"Smiling Mask":21,"PrismaticShard":60,"Boot":145,"Burning Blood":0,"Blood Vial":107,"Frozen Eye":145,"Dream Catcher":119,"TheAbacus":0,"infinitespire:ShieldingShard":10,"infinitespire:Bottled Soul":70,"Pantograph":170,"Prayer Wheel":60,"infinitespire:Golems Mask":119,"WingedGreaves":145,"Kunai":70,"Toxic Egg 2":145,"Potion Belt":170,"Happy Flower":38,"Golden Idol":64,"Blue Candle":135,"The Courier":45,"War Paint":33,"Medical Kit":49,"Peace Pipe":5,"Calling Bell":119,"SlaversCollar":27,"Strange Spoon":148,"REME:ComplimentaryCards":0,"CaptainsWheel":12,"Busted Crown":47,"infinitespire:WardingShard":175,"Bird Faced Urn":16,"Bronze Scales":73,"infinitespire:Satchel":0,"Molten Egg 2":140,"Pandora\u0027s Box":145,"Black Star":79,"StrikeDummy":119,"Unceasing Top":148,"Meat on the Bone":51,"infinitespire:Midas Blood":214}],"Burning Blood":295,"Unceasing Top":[0]},"card_choices":[{"not_picked":["Sever Soul","Thunderclap"],"picked":"Sword Boomerang","floor":1},{"not_picked":["Iron Wave","Dual Wield"],"picked":"Whirlwind","floor":2},{"not_picked":["True Grit","Twin Strike","Thunderclap"],"picked":"SKIP","floor":5},{"not_picked":["Body Slam","Berserk"],"picked":"Entrench","floor":7}],"player_experience":202274,"relics_obtained":[{"floor":7,"key":"Unceasing Top"},{"floor":9,"key":"infinitespire:Midas Blood"}],"event_choices":[{"damage_healed":0,"gold_gain":75,"player_choice":"Gather Gold","damage_taken":11,"max_hp_gain":0,"max_hp_loss":0,"event_name":"World of Goop","floor":3,"gold_loss":0}],"is_beta":false,"boss_relics":[],"items_purged_floors":[0],"is_endless":false,"potions_floor_spawned":[1,2],"killed_by":"Gremlin Nob","ascension_level":14}}