{"host":"m6rwrrl4vtok99e8","time":1613713588,"event":{"mods":["ATMod(??Mod)","Act Like it!","Aspiration","BaseMod","Colored Powertips","Downfall","Energized Spire","GungeonMod","Jedi Mod","Koishi","LagranYue(???·?)","Lobotomy","Marisa????????","Minty Spire (QoL Compilation)","Pale of the Ancients","Quick Restart","Relic Stats","Reliquary","Remilia??????","Replay The Spire","Spicy Shops","StSLib","TestMod","The Servant 0.9.4","Waifu the Spire","WarShipGirlsR/????R mod","??????REMEMod"],"gold_per_floor":[112,130,130,80,4,4,22,47,47,47,47,76,6,53,53,150,150,168,90,109,109,128,128,138,63,63,91,91,23,23,35,35,135,135,148,158,58,58,58,75,75,75],"floor_reached":41,"language":"ZHS","playtime":1694,"items_purged":["Strike_S","Strike_S"],"score":457,"play_id":"6f8f52bd-794e-4985-bdb2-d854a7a90c8c","local_time":"20210219134628","is_ascension_mode":false,"campfire_choices":[{"data":"Inflame","floor":6.0,"key":"SMITH"},{"data":"SurpressingFire","floor":11.0,"key":"SMITH"},{"floor":15.0,"key":"REST"},{"data":"SilverBlades","floor":23.0,"key":"SMITH"},{"floor":28,"key":"REST"},{"floor":32,"key":"REST"}],"circlet_count":0,"master_deck":["Strike_S","Strike_S","Defend_S","Defend_S","Defend_S","Defend_S","KidneyShot","Exchange","FairyFestival","SurpressingFire+1","Inflame+1","Strike_S","OldLady","Initiator","Heavy Blade","SpecialFormula+1","SilverBlades+1","ShyLook","Dilation","FlawlessForm","BlueStar","MurderousAura","MHz"],"relics":["AT_ATBox","testmod-TestBox","REME_ComplimentaryCards","LagranYue:RandomDrawCardRelic","testmod-Motorcycle","CogitoBucket","m_ScarletBlood","Vajra","Replay:Bottled Steam","Replay:WaspNest","SplendidAttire","Anchor","jedi:gremlinknob","Replay:Ringing Soul","aspiration:HummingbirdHeart","Busted Crown"],"acts_visited":["Exordium","TheCity","TheBeyond"],"potions_floor_usage":[31,31],"damage_taken":[{"damage":4.0,"enemies":"Cultist","floor":1.0,"turns":3.0},{"damage":8.0,"enemies":"Jaw Worm","floor":2.0,"turns":4.0},{"damage":8.0,"enemies":"Small Slimes","floor":7.0,"turns":3.0},{"damage":29.0,"enemies":"3 Sentries","floor":12.0,"turns":9.0},{"damage":26.0,"enemies":"Slime Boss","floor":16.0,"turns":11.0},{"damage":20.0,"enemies":"Shell Parasite","floor":18.0,"turns":2.0},{"damage":9.0,"enemies":"Spheric Guardian","floor":20.0,"turns":3.0},{"damage":12.0,"enemies":"Centurion and Healer","floor":22.0,"turns":5.0},{"damage":17.0,"enemies":"Snecko","floor":24.0,"turns":5.0},{"damage":35,"enemies":"Book of Stabbing","floor":27,"turns":5},{"damage":4,"enemies":"Cultist and Chosen","floor":31,"turns":5},{"damage":60,"enemies":"Collector","floor":33,"turns":12},{"damage":41,"enemies":"3 Darklings","floor":35,"turns":7},{"damage":0,"enemies":"3 Shapes","floor":36,"turns":4},{"damage":0,"enemies":"Spire Growth","floor":40,"turns":3},{"damage":53,"enemies":"Writhing Mass","floor":41,"turns":3}],"seed_played":"-5728924270945993765","potions_obtained":[{"floor":18.0,"key":"AttackPotion"},{"floor":24.0,"key":"Toxic Potion"},{"floor":27,"key":"PowerPotion"},{"floor":36,"key":"EssenceOfSteel"}],"is_trial":false,"path_per_floor":["M","M","?","?","$","R","M","T","T","?","R","E","$","?","R","B",null,"M","$","M","?","M","R","M","$","T","E","R","$","?","M","R","B",null,"M","M","$","?","?","M","M"],"character_chosen":"THE_SERVANT","items_purchased":["Vajra","Initiator","Anchor","FlawlessForm"],"campfire_rested":3,"item_purchase_floors":[5,13,19,29],"current_hp_per_floor":[61,57,57,57,57,57,51,51,51,56,56,38,38,21,42,28,70,50,50,51,51,51,51,40,40,40,15,36,39,26,33,56,20,81,43,46,46,38,38,46,0,0],"gold":75,"neow_bonus":"","is_daily":false,"chose_seed":false,"campfire_upgraded":3,"win_rate":0.0,"timestamp":1613713588,"path_taken":["M","?","?","?","$","R","?","?","T","?","R","E","?","?","R","BOSS","M","?","?","?","?","R","M","$","T","E","R","?","?","M","R","BOSS","M","M","$","?","?","M","M"],"items_purchased_type":["Relic","Card","Relic","Card"],"build_version":"2020-12-22","purchased_purges":2,"victory":false,"max_hp_per_floor":[65,65,65,65,65,65,65,65,65,70,70,70,70,70,70,70,70,70,70,70,70,70,70,70,70,70,70,70,73,78,78,78,81,81,81,84,84,84,84,84,84,84],"relic_stats":{"Busted Crown":18,"counters":[19,87],"obtain_stats":[{"SplendidAttire":17,"AT_ATBox":0,"testmod-TestBox":0,"LagranYue:RandomDrawCardRelic":0,"Vajra":5,"jedi:gremlinknob":21,"DemoMod:GlassGuonStoneRelic":2,"Replay:WaspNest":14,"Uniform":0,"aspiration:HummingbirdHeart":27,"Replay:Ringing Soul":26,"CogitoBucket":0,"m_ScarletBlood":3,"Anchor":19,"Busted Crown":34,"testmod-Motorcycle":0,"REME_ComplimentaryCards":0,"Replay:Bottled Steam":9},{"SplendidAttire":5,"AT_ATBox":0,"testmod-TestBox":0,"LagranYue:RandomDrawCardRelic":0,"Vajra":2,"jedi:gremlinknob":8,"DemoMod:GlassGuonStoneRelic":2,"Replay:WaspNest":4,"Uniform":0,"aspiration:HummingbirdHeart":11,"Replay:Ringing Soul":10,"CogitoBucket":0,"m_ScarletBlood":2,"Anchor":7,"Busted Crown":14,"testmod-Motorcycle":0,"REME_ComplimentaryCards":0,"Replay:Bottled Steam":3},{"SplendidAttire":30,"AT_ATBox":0,"testmod-TestBox":0,"LagranYue:RandomDrawCardRelic":0,"Vajra":7,"jedi:gremlinknob":36,"DemoMod:GlassGuonStoneRelic":7,"Replay:WaspNest":19,"Uniform":0,"aspiration:HummingbirdHeart":51,"Replay:Ringing Soul":46,"CogitoBucket":0,"m_ScarletBlood":7,"Anchor":33,"Busted Crown":69,"testmod-Motorcycle":0,"REME_ComplimentaryCards":0,"Replay:Bottled Steam":10}]},"card_choices":[{"not_picked":["GreedKing","Scorched"],"picked":"FairyFestival","floor":1.0},{"not_picked":["Desolation","ShiftingGears","Alleviate"],"picked":"SKIP","floor":1.0},{"not_picked":["Rewind","BestPractice"],"picked":"SurpressingFire","floor":2.0},{"not_picked":["DoubleEdge","GearUp","Replace"],"picked":"SKIP","floor":7.0},{"not_picked":["Wellcheers","BeautyBeast"],"picked":"OldLady","floor":12.0},{"not_picked":["Collapse","Alleviate","ReturningBlade"],"picked":"SKIP","floor":12.0},{"not_picked":["Shuttle","FastForward"],"picked":"Heavy Blade","floor":14.0},{"not_picked":["Snipe","StarChef"],"picked":"SpecialFormula+1","floor":18.0},{"not_picked":["Unruled","Ricochet","Potential"],"picked":"SKIP","floor":20.0},{"not_picked":["Rearm","Defy+1"],"picked":"SilverBlades","floor":22.0},{"not_picked":["Scorched","SpiderBud"],"picked":"ShyLook","floor":24.0},{"not_picked":["Collapse+1","Spin+1"],"picked":"Dilation","floor":24.0},{"not_picked":["ShatteredReality","Starlight","ShiftingGears"],"picked":"SKIP","floor":27},{"not_picked":["SpecialFormula","Read+1","Unruled+1"],"picked":"SKIP","floor":31},{"not_picked":["DespairKnight","LaLuna"],"picked":"BlueStar","floor":33},{"not_picked":["Sunlight","FlawlessForm"],"picked":"MurderousAura","floor":33},{"not_picked":["ShiftingGears"],"picked":"SKIP","floor":35},{"not_picked":["WallGazer","SnowQueen"],"picked":"MHz","floor":36},{"not_picked":["ShatteredReality"],"picked":"SKIP","floor":36},{"not_picked":["TimeWarp+1"],"picked":"SKIP","floor":40}],"player_experience":38251,"relics_obtained":[{"floor":9.0,"key":"Replay:Bottled Steam"},{"floor":14.0,"key":"Replay:WaspNest"},{"floor":26.0,"key":"Replay:Ringing Soul"},{"floor":27,"key":"aspiration:HummingbirdHeart"}],"event_choices":[{"damage_healed":0.0,"max_hp_gain":5.0,"max_hp_loss":0.0,"gold_gain":0.0,"event_name":"Big Fish","player_choice":"Donut","floor":10.0,"gold_loss":0.0,"damage_taken":0.0},{"damage_healed":0.0,"max_hp_gain":0.0,"max_hp_loss":0.0,"gold_gain":0.0,"event_name":"WeMeetAgain","player_choice":"Gave Potion","floor":21.0,"gold_loss":0.0,"damage_taken":0.0,"relics_obtained":["jedi:gremlinknob"]},{"damage_healed":0,"gold_gain":0,"player_choice":"Shed Blood","damage_taken":18,"max_hp_gain":5,"max_hp_loss":0,"event_name":"Forgotten Altar","floor":30,"gold_loss":0},{"damage_healed":0,"gold_gain":0,"player_choice":"Ignored","damage_taken":8,"max_hp_gain":0,"max_hp_loss":0,"event_name":"??????","floor":38,"gold_loss":0},{"damage_healed":0,"gold_gain":0,"player_choice":"Ignored","damage_taken":0,"max_hp_gain":0,"max_hp_loss":0,"event_name":"The Moai Head","floor":39,"gold_loss":0}],"is_beta":false,"boss_relics":[{"not_picked":["Astrolabe","REME_DemonsWealth"],"picked":"SplendidAttire"},{"not_picked":["testmod-SaigiyounoYou","energizedSpire:SpiderWeb"],"picked":"Busted Crown"}],"items_purged_floors":[25,37],"is_endless":false,"potions_floor_spawned":[18,24,27,36],"killed_by":"Writhing Mass","ascension_level":0}}