{"host":"1poy056mauca3bbh","time":1613744897,"event":{"mods":["Ascension Unlocker","BaseMod","Bestiary","Block Reminder","Colored Map","Colored Powertips","Curses Come First","Highlight Path","Minty Spire (QoL Compilation)","Permanent Neow","Quick Restart","Rare Cards Sparkle","Relic Stats","Smile Girya","StSLib","UnlockEverythingMod"],"gold_per_floor":[119,136,151,151,65,96,116,130,130,230,230,253,19,19,19,112,112,136,51,0,0,50,50,71,71,120,120,161,161,161],"floor_reached":29,"language":"ENG","playtime":1944,"items_purged":[],"score":632,"play_id":"8a6d9a64-5f14-43d5-92b6-21a21e026c39","local_time":"20210219092817","is_ascension_mode":true,"campfire_choices":[{"floor":11.0,"key":"REST"},{"data":"Apotheosis","floor":15.0,"key":"SMITH"},{"floor":23.0,"key":"REST"},{"floor":25,"key":"REST"},{"data":"A Thousand Cuts","floor":27,"key":"SMITH"}],"circlet_count":0,"master_deck":["AscendersBane","Survivor","Neutralize","Adrenaline","Caltrops","Adrenaline","Distraction","Unload","Venomology","Storm of Steel","All Out Attack","Glass Knife","Cloak And Dagger","Poisoned Stab","Prepared","Choke","Injury","Noxious Fumes","Eviscerate","Footwork","Blade Dance","Finisher","Apotheosis+1","Finisher","A Thousand Cuts+1","Deadly Poison","Dagger Throw","Blade Dance"],"relics":["Pandora\u0027s Box","Golden Idol","Sundial","InkBottle","Runic Pyramid","Darkstone Periapt","Pen Nib","Bottled Flame"],"acts_visited":["Exordium","TheCity"],"potions_floor_usage":[24,24,24,28,29],"damage_taken":[{"damage":6.0,"enemies":"Small Slimes","floor":1.0,"turns":2.0},{"damage":8.0,"enemies":"Jaw Worm","floor":2.0,"turns":2.0},{"damage":0.0,"enemies":"Cultist","floor":3.0,"turns":1.0},{"damage":0.0,"enemies":"Gremlin Nob","floor":6.0,"turns":2.0},{"damage":0.0,"enemies":"2 Fungi Beasts","floor":7.0,"turns":2.0},{"damage":11.0,"enemies":"Large Slime","floor":8.0,"turns":4.0},{"damage":2.0,"enemies":"3 Louse","floor":12.0,"turns":2.0},{"damage":0.0,"enemies":"Slime Boss","floor":16.0,"turns":6.0},{"damage":30.0,"enemies":"2 Thieves","floor":18.0,"turns":4.0},{"damage":30,"enemies":"3 Byrds","floor":24,"turns":3},{"damage":39,"enemies":"Book of Stabbing","floor":28,"turns":4},{"damage":11,"enemies":"Sentry and Sphere","floor":29,"turns":2}],"seed_played":"424076892798662887","potions_obtained":[{"floor":1.0,"key":"Poison Potion"},{"floor":3.0,"key":"Strength Potion"},{"floor":12.0,"key":"Ancient Potion"},{"floor":16.0,"key":"DuplicationPotion"},{"floor":18.0,"key":"GamblersBrew"},{"floor":28,"key":"Ancient Potion"}],"is_trial":false,"path_per_floor":["M","M","M","?","$","E","M","M","T","?","R","M","$","?","R","B",null,"M","?","?","$","?","R","M","R","T","R","E","M"],"character_chosen":"THE_SILENT","items_purchased":["Noxious Fumes","Apotheosis","Finisher"],"campfire_rested":3,"item_purchase_floors":[5,13,13],"current_hp_per_floor":[53,45,45,45,45,45,45,34,34,34,53,51,51,51,51,51,62,32,32,32,32,32,51,21,40,40,40,1,0,0],"gold":161,"neow_bonus":"BOSS_RELIC","is_daily":false,"chose_seed":false,"campfire_upgraded":2,"win_rate":0.0,"timestamp":1613744897,"path_taken":["M","M","M","?","$","E","M","M","T","?","R","?","$","?","R","BOSS","M","?","?","$","?","R","M","R","T","R","E","M"],"items_purchased_type":["Card","Card","Card"],"build_version":"2020-12-22","purchased_purges":0,"victory":false,"max_hp_per_floor":[66,66,66,66,66,66,66,66,66,66,66,66,66,66,66,66,66,66,66,66,66,66,66,66,66,66,66,66,66,66],"relic_stats":{"Darkstone Periapt":0,"counters":[12,34],"Golden Idol":54,"Sundial":[2],"Pandora\u0027s Box":["Adrenaline","Caltrops","Adrenaline","Distraction","Unload","Venomology","Storm of Steel","All Out Attack","Glass Knife","Cloak And Dagger"],"Pen Nib":[2],"obtain_stats":[{"Darkstone Periapt":19,"Bottled Flame":28,"Golden Idol":4,"Sundial":6,"Pandora\u0027s Box":0,"Pen Nib":26,"InkBottle":9,"Ring of the Snake":0,"Runic Pyramid":17},{"Darkstone Periapt":9,"Bottled Flame":11,"Golden Idol":3,"Sundial":4,"Pandora\u0027s Box":0,"Pen Nib":10,"InkBottle":6,"Ring of the Snake":0,"Runic Pyramid":8},{"Darkstone Periapt":25,"Bottled Flame":32,"Golden Idol":5,"Sundial":7,"Pandora\u0027s Box":0,"Pen Nib":28,"InkBottle":13,"Ring of the Snake":0,"Runic Pyramid":21}],"InkBottle":[11]},"card_choices":[{"not_picked":["Acrobatics","Dodge and Roll"],"picked":"Poisoned Stab","floor":1.0},{"not_picked":["Quick Slash","Setup"],"picked":"Prepared","floor":2.0},{"not_picked":["Dodge and Roll","Acrobatics"],"picked":"Choke","floor":3.0},{"not_picked":["Outmaneuver","Backflip"],"picked":"Eviscerate","floor":6.0},{"not_picked":["Dagger Spray","Infinite Blades"],"picked":"Footwork","floor":7.0},{"not_picked":["Deflect","Well Laid Plans"],"picked":"Blade Dance","floor":8.0},{"not_picked":["Deadly Poison","Bouncing Flask"],"picked":"Finisher","floor":12.0},{"not_picked":["Venomology","Die Die Die"],"picked":"A Thousand Cuts","floor":16.0},{"not_picked":["Backstab","PiercingWail"],"picked":"Deadly Poison","floor":18.0},{"not_picked":["Heel Hook+1","All Out Attack"],"picked":"Dagger Throw","floor":24},{"not_picked":["Backstab","Bane"],"picked":"Blade Dance","floor":28}],"player_experience":159027,"relics_obtained":[{"floor":6.0,"key":"Sundial"},{"floor":9.0,"key":"InkBottle"},{"floor":26,"key":"Pen Nib"},{"floor":28,"key":"Bottled Flame"}],"event_choices":[{"damage_healed":0.0,"max_hp_gain":0.0,"max_hp_loss":0.0,"gold_gain":0.0,"event_name":"Golden Idol","player_choice":"Take Wound","floor":4.0,"gold_loss":0.0,"damage_taken":0.0,"relics_obtained":["Golden Idol"],"cards_obtained":["Injury"]},{"damage_healed":0.0,"max_hp_gain":0.0,"max_hp_loss":0.0,"gold_gain":100.0,"event_name":"Wheel of Change","player_choice":"Gold","floor":10.0,"gold_loss":0.0,"damage_taken":0.0},{"damage_healed":0.0,"max_hp_gain":0.0,"max_hp_loss":0.0,"gold_gain":0.0,"event_name":"Shining Light","player_choice":"Ignored","floor":14.0,"gold_loss":0.0,"damage_taken":0.0},{"damage_healed":0.0,"max_hp_gain":0.0,"max_hp_loss":0.0,"gold_gain":0.0,"event_name":"Addict","player_choice":"Obtained Relic","floor":19.0,"gold_loss":85.0,"damage_taken":0.0,"relics_obtained":["Darkstone Periapt"]},{"damage_healed":0.0,"max_hp_gain":0.0,"max_hp_loss":0.0,"gold_gain":0.0,"event_name":"Masked Bandits","player_choice":"Paid Fearfully","floor":20.0,"gold_loss":51.0,"damage_taken":0.0},{"damage_healed":0.0,"max_hp_gain":0.0,"max_hp_loss":0.0,"gold_gain":50.0,"event_name":"Nest","player_choice":"Stole From Cult","floor":22.0,"gold_loss":0.0,"damage_taken":0.0}],"is_beta":false,"boss_relics":[{"not_picked":["Tiny House","Coffee Dripper"],"picked":"Runic Pyramid"}],"items_purged_floors":[],"is_endless":false,"potions_floor_spawned":[1,3,12,16,18,28],"killed_by":"Sentry and Sphere","ascension_level":20}}