{"host":"bgptblc1sp470rxq","time":1613734066,"event":{"mods":["BaseMod","BetterRewards","Colored Map","Downfall","Minty Spire (QoL Compilation)","StSLib"],"gold_per_floor":[99,109,209,222,241,241,267,280,306,106,124,136,136,153,171,275,275,275,294,310,336,360,384,409,409,434,434,461,49,157,177,197,308,308,308,308,241,265,18,18,18,72,96,109,147,47,70,70,93,93,93,131,80,80,80,80,80,80],"floor_reached":56,"language":"ZHS","playtime":4531,"items_purged":["hexamod:Strike"],"score":814,"play_id":"c78a0b4c-e28a-4610-b956-61d6b769789a","local_time":"20210219192745","is_ascension_mode":false,"campfire_choices":[{"floor":1.0,"key":"RECALL"},{"data":"hexamod:Float","floor":10.0,"key":"SMITH"},{"data":"hexamod:Haunt","floor":13.0,"key":"SMITH"},{"data":"hexamod:PhantomCloak","floor":18.0,"key":"SMITH"},{"data":"hexamod:SearingWound","floor":25.0,"key":"SMITH"},{"floor":27.0,"key":"REST"},{"data":"Master of Strategy","floor":35.0,"key":"SMITH"},{"floor":46.0,"key":"REST"},{"floor":54.0,"key":"REST"}],"circlet_count":0,"master_deck":["hexamod:Strike+1","hexamod:Strike+1","hexamod:Strike+1","hexamod:Defend+1","hexamod:Float+1","hexamod:SpectralSpark+1","hexamod:ThirdSeal","hexamod:Hexaguard+1","hexamod:NightmareGuise+1","hexamod:UnlimitedPower+1","hexamod:FirstSeal","hexamod:FourthSeal","hexamod:PhantomCloak+1","hexamod:Haunt+1","hexamod:SecondSeal","hexamod:SixthSeal","hexamod:UnlimitedPower+1","hexamod:ThermalTransfer+1","hexamod:HeatMetal+1","hexamod:GhostflameInferno+1","hexamod:AdvancingGuard+1","hexamod:SearingWound+1","hexamod:ExtraCrispy+1","hexamod:StepThrough+1","hexamod:ApocalypseNow+1","Master of Strategy+1","hexamod:HeatShield+1","hexamod:TimeOfNeed+1","hexamod:FastForward+1"],"relics":["Sozu","Mummified Hand","Art of War","downfall:HeartBlessingBlue","downfall:HeartBlessingRed","Astrolabe","Centennial Puzzle","Medical Kit","MutagenicStrength","Runic Pyramid","Toolbox","Matryoshka","Singing Bowl","Orichalcum","Toxic Egg 2","Nunchaku","Ornamental Fan","Unceasing Top","downfall:HeartBlessingGreen","Gremlin Horn","Happy Flower"],"acts_visited":["Exordium","TheCity","TheBeyond","TheEnding"],"potions_floor_usage":[],"damage_taken":[{"damage":6.0,"enemies":"2 Louse","floor":2.0,"turns":2.0},{"damage":0.0,"enemies":"Cultist","floor":4.0,"turns":3.0},{"damage":6.0,"enemies":"Jaw Worm","floor":5.0,"turns":3.0},{"damage":1.0,"enemies":"Red Slaver","floor":8.0,"turns":3.0},{"damage":0.0,"enemies":"Gremlin Nob","floor":9.0,"turns":3.0},{"damage":0.0,"enemies":"2 Fungi Beasts","floor":11.0,"turns":3.0},{"damage":11.0,"enemies":"3 Louse","floor":12.0,"turns":3.0},{"damage":5.0,"enemies":"downfall:LooterAlt","floor":14.0,"turns":3.0},{"damage":4.0,"enemies":"Red Slaver","floor":15.0,"turns":2.0},{"damage":16.0,"enemies":"DF_ARCHETYPE_STREAMLINE","floor":16.0,"turns":9.0},{"damage":0.0,"enemies":"downfall:LooterAlt2","floor":19.0,"turns":1.0},{"damage":3.0,"enemies":"Shell Parasite","floor":20.0,"turns":3.0},{"damage":31.0,"enemies":"Snake Plant","floor":21.0,"turns":4.0},{"damage":18.0,"enemies":"Snecko","floor":22.0,"turns":5.0},{"damage":2.0,"enemies":"3 Cultists","floor":23.0,"turns":5.0},{"damage":1.0,"enemies":"Cultist and Chosen","floor":26.0,"turns":3.0},{"damage":4.0,"enemies":"Sentry and Sphere","floor":28.0,"turns":6.0},{"damage":10.0,"enemies":"downfall:FleeingMerchant","floor":29.0,"turns":4.0},{"damage":12.0,"enemies":"downfall:Augmenter","floor":30.0,"turns":4.0},{"damage":1.0,"enemies":"3 Cultists","floor":31.0,"turns":4.0},{"damage":4.0,"enemies":"Snecko","floor":32.0,"turns":3.0},{"damage":17.0,"enemies":"IC_MUSHROOM_ARCHETYPE","floor":33.0,"turns":5.0},{"damage":0.0,"enemies":"downfall:FleeingMerchant","floor":37.0,"turns":3.0},{"damage":0.0,"enemies":"3 Darklings","floor":38.0,"turns":4.0},{"damage":16.0,"enemies":"2 Orb Walkers","floor":42.0,"turns":2.0},{"damage":8.0,"enemies":"3 Shapes","floor":43.0,"turns":6.0},{"damage":1.0,"enemies":"Sphere and 2 Shapes","floor":44.0,"turns":5.0},{"damage":16.0,"enemies":"Reptomancer","floor":45.0,"turns":6.0},{"damage":0.0,"enemies":"Transient","floor":47.0,"turns":5.0},{"damage":0.0,"enemies":"Maw","floor":49.0,"turns":3.0},{"damage":43.0,"enemies":"WA_ARCHETYPE_DIVINITY","floor":50.0,"turns":10.0},{"damage":43.0,"enemies":"downfall:CharBossMerchant","floor":52.0,"turns":7.0},{"damage":6,"enemies":"downfall:NeowBoss","floor":55,"turns":15},{"damage":103,"enemies":"downfall:NeowBossFinal","floor":56,"turns":14}],"seed_played":"-5542883057535618926","potions_obtained":[],"is_trial":false,"path_per_floor":["R","M","?","M","M","T","T","M","E","R","M","M","R","M","M","B",null,"R","M","M","M","M","M","T","R","M","R","M","$","?","M","M","B",null,"R","?","$","M","$","?","T","?","M","M","E","R","M","T","M","B",null,"E","$","R","B","B"],"character_chosen":"THE_SPIRIT","items_purchased":["Medical Kit","Master of Strategy","Toolbox","Matryoshka","Singing Bowl","hexamod:FastForward+1"],"campfire_rested":3,"item_purchase_floors":[29,29,37,37,39,53],"current_hp_per_floor":[70,64,64,64,58,58,58,57,57,67,74,63,63,65,68,59,80,80,80,80,56,45,50,50,50,49,73,76,73,68,74,77,67,80,80,72,79,80,80,80,80,68,69,79,72,92,96,96,100,57,100,68,68,99,100,0,0,0],"gold":80,"neow_bonus":"BOSS_RELIC","is_daily":false,"chose_seed":false,"campfire_upgraded":5,"win_rate":0.0,"timestamp":1613734065,"path_taken":["R","M","?","?","M","?","T","?","E","R","M","M","R","?","M","BOSS","R","M","M","?","M","M","T","R","?","R","M","$","?","M","M","BOSS","R","?","$","?","?","?","T","?","M","M","E","R","M","?","M","BOSS","E","$","R","BOSS","BOSS"],"items_purchased_type":["Relic","Card","Relic","Relic","Relic","Card"],"build_version":"2020-12-22","purchased_purges":1,"victory":false,"max_hp_per_floor":[70,70,70,70,70,70,70,70,70,80,80,80,80,80,80,80,80,80,80,80,80,80,80,80,80,80,80,80,80,80,80,80,80,80,80,80,80,80,80,80,80,84,86,90,92,92,96,96,100,100,100,104,104,104,104,104,104,104],"card_choices":[{"not_picked":["hexamod:EtherealExpedition","hexamod:ThermalTransfer"],"picked":"hexamod:SpectralSpark","floor":2.0},{"not_picked":["hexamod:FastForward","hexamod:ShieldOfDarkness"],"picked":"hexamod:ThirdSeal","floor":4.0},{"not_picked":["hexamod:GhostOfSpireFuture","hexamod:GhostLash"],"picked":"hexamod:Hexaguard","floor":5.0},{"not_picked":["hexamod:BurningTouch","hexamod:HeatMetal"],"picked":"hexamod:NightmareGuise","floor":5.0},{"not_picked":["hexamod:FlamesFromBeyond","hexamod:SpectersWail"],"picked":"hexamod:UnlimitedPower","floor":8.0},{"not_picked":["hexamod:InspiringFlames","hexamod:PowerFromBeyond"],"picked":"hexamod:FirstSeal","floor":9.0},{"not_picked":["hexamod:Again","hexamod:ThirdSeal","hexamod:NightmareStrike"],"picked":"SKIP","floor":9.0},{"not_picked":["hexamod:FastForward","hexamod:Hexaguard"],"picked":"hexamod:FourthSeal","floor":11.0},{"not_picked":["hexamod:HeatMetal","hexamod:ChargedBarrage","hexamod:GhostShield"],"picked":"SKIP","floor":11.0},{"not_picked":["hexamod:ThermalTransfer","hexamod:PowerFromBeyond"],"picked":"hexamod:PhantomCloak","floor":12.0},{"not_picked":["hexamod:GhostflameBarrier","hexamod:FastForward"],"picked":"hexamod:Haunt","floor":12.0},{"not_picked":["hexamod:Incineration","hexamod:Hexaguard"],"picked":"hexamod:SecondSeal","floor":14.0},{"not_picked":["hexamod:InspiringFlames","hexamod:NightmareGuise","hexamod:HeatShield"],"picked":"SKIP","floor":14.0},{"not_picked":["hexamod:DynamicBlow","hexamod:NightmareGuise","hexamod:ShieldOfDarkness"],"picked":"SKIP","floor":15.0},{"not_picked":["hexamod:VolcanoVisage","hexamod:CatchUp","hexamod:NightmareGuise"],"picked":"SKIP","floor":15.0},{"not_picked":["hexamod:UnlimitedPower","hexamod:GiftsFromTheDead"],"picked":"hexamod:SixthSeal","floor":16.0},{"not_picked":["hexamod:TimeWarp","hexamod:TimeOfNeed"],"picked":"hexamod:UnlimitedPower","floor":16.0},{"not_picked":["hexamod:SpectersWail","hexamod:SuperheatedStrike"],"picked":"hexamod:AdvancingGuard","floor":19.0},{"not_picked":["hexamod:GhostShield","hexamod:SwordOfDarkness","hexamod:BacktrackSmack+1"],"picked":"SKIP","floor":19.0},{"not_picked":["hexamod:GhostflameBarrier","hexamod:SuperheatedStrike"],"picked":"hexamod:SearingWound","floor":20.0},{"not_picked":["hexamod:SkipABeat+1","hexamod:BacktrackSmack","hexamod:RainOfEmbers"],"picked":"SKIP","floor":20.0},{"not_picked":["hexamod:BurningTouch+1","hexamod:GhostOfSpireFuture","hexamod:EtherealExpedition"],"picked":"SKIP","floor":21.0},{"not_picked":["hexamod:BacktrackSmack+1","hexamod:SuperheatedStrike","hexamod:SpectralSpark+1"],"picked":"SKIP","floor":21.0},{"not_picked":["hexamod:FastForward","hexamod:RadiantFlame+1"],"picked":"hexamod:ExtraCrispy+1","floor":22.0},{"not_picked":["hexamod:Firestarter","hexamod:Again","hexamod:SwordOfDarkness+1"],"picked":"SKIP","floor":22.0},{"not_picked":["hexamod:Firestarter","hexamod:Again","hexamod:SwordOfDarkness+1"],"picked":"SKIP","floor":22.0},{"not_picked":["hexamod:RadiantFlame","hexamod:FastForward"],"picked":"hexamod:StepThrough+1","floor":23.0},{"not_picked":["hexamod:Again","hexamod:SwordOfDarkness+1","hexamod:FlamesFromBeyond+1"],"picked":"SKIP","floor":23.0},{"not_picked":["hexamod:BurningTouch","hexamod:Firestarter","hexamod:ThermalTransfer+1"],"picked":"SKIP","floor":26.0},{"not_picked":["hexamod:HeatShield","hexamod:PhantomCloak","hexamod:NecessarySacrifice"],"picked":"SKIP","floor":26.0},{"not_picked":["hexamod:ThermalTransfer+1","hexamod:SpectersWail+1"],"picked":"hexamod:ApocalypseNow","floor":28.0},{"not_picked":["hexamod:FastForward","hexamod:HeatCrush","hexamod:FirstSeal"],"picked":"SKIP","floor":28.0},{"not_picked":["hexamod:RetreatToShadows","hexamod:FastForward","hexamod:SuperheatedStrike"],"picked":"SKIP","floor":29.0},{"not_picked":["hexamod:FirstSeal","hexamod:InspiringFlames","hexamod:Rewind+1"],"picked":"SKIP","floor":29.0},{"not_picked":["hexamod:BacktrackSmack","hexamod:SpectersWail","hexamod:InspiringFlames"],"picked":"SKIP","floor":31.0},{"not_picked":["hexamod:Hexaguard","hexamod:SpectersWail"],"picked":"hexamod:HeatShield+1","floor":32.0},{"not_picked":["hexamod:HeatShield","hexamod:Hexaguard","hexamod:SpectersWail"],"picked":"SKIP","floor":32.0},{"not_picked":["hexamod:HeatCrush+1","hexamod:SpectersWail","hexamod:FastForward"],"picked":"SKIP","floor":37.0},{"not_picked":["hexamod:ThermalTransfer","hexamod:GhostShield+1","hexamod:BacktrackSmack"],"picked":"SKIP","floor":37.0},{"not_picked":["hexamod:FourthSeal","hexamod:Firestarter+1","hexamod:BurningTouch+1"],"picked":"SKIP","floor":38.0},{"not_picked":["hexamod:Again+1","hexamod:Firestarter+1","hexamod:GhostShield"],"picked":"SKIP","floor":38.0},{"not_picked":["hexamod:FlamesFromBeyond+1","hexamod:ShieldOfDarkness+1","hexamod:ThermalTransfer+1"],"picked":"Singing Bowl","floor":42.0},{"not_picked":["hexamod:FourthSeal","hexamod:Firestarter","hexamod:SkipABeat+1"],"picked":"Singing Bowl","floor":42.0},{"not_picked":["hexamod:Haunt+1","hexamod:NightmareGuise+1","hexamod:BacktrackSmack+1"],"picked":"Singing Bowl","floor":43.0},{"not_picked":["hexamod:SecondSeal","hexamod:SpectralSpark+1","hexamod:SoulSteal+1"],"picked":"Singing Bowl","floor":44.0},{"not_picked":["hexamod:RetreatToShadows+1","hexamod:ShieldOfDarkness+1","hexamod:BacktrackSmack"],"picked":"Singing Bowl","floor":44.0},{"not_picked":["hexamod:BurningTouch+1","hexamod:TimeWarp","hexamod:SpectralAdrenaline+1"],"picked":"Singing Bowl","floor":45.0},{"not_picked":["hexamod:HeatMetal","hexamod:Firestarter+1"],"picked":"hexamod:TimeOfNeed+1","floor":45.0},{"not_picked":["hexamod:ShieldOfDarkness+1","hexamod:GhostShield+1","hexamod:GhostflameBarrier+1"],"picked":"Singing Bowl","floor":47.0},{"not_picked":["hexamod:ShieldOfDarkness+1","hexamod:HeatShield+1","hexamod:GhostLash+1"],"picked":"Singing Bowl","floor":47.0},{"not_picked":["hexamod:BacktrackSmack+1","hexamod:Incineration","hexamod:SpectralAdrenaline+1"],"picked":"Singing Bowl","floor":49.0},{"not_picked":["hexamod:CatchUp+1","hexamod:FlamesFromBeyond+1","hexamod:GhostOfSpirePast"],"picked":"Singing Bowl","floor":49.0},{"not_picked":["hexamod:EtherealExpedition+1","hexamod:CatchUp+1","hexamod:Firestarter+1"],"picked":"Singing Bowl","floor":52.0},{"not_picked":["hexamod:TurnItUp+1","hexamod:SoulSteal+1","hexamod:FastForward+1"],"picked":"Singing Bowl","floor":52.0}],"player_experience":280141,"relics_obtained":[{"floor":6.0,"key":"Mummified Hand"},{"floor":9.0,"key":"Art of War"},{"floor":24.0,"key":"Centennial Puzzle"},{"floor":30.0,"key":"MutagenicStrength"},{"floor":40.0,"key":"Orichalcum"},{"floor":40.0,"key":"Toxic Egg 2"},{"floor":41.0,"key":"Nunchaku"},{"floor":41.0,"key":"Ornamental Fan"},{"floor":42.0,"key":"Unceasing Top"},{"floor":48.0,"key":"Gremlin Horn"},{"floor":52.0,"key":"Happy Flower"}],"event_choices":[{"damage_healed":0.0,"max_hp_gain":0.0,"max_hp_loss":0.0,"gold_gain":0.0,"event_name":"Mysterious Sphere","player_choice":"Fight","floor":42.0,"gold_loss":0.0,"damage_taken":0.0}],"is_beta":false,"boss_relics":[{"not_picked":["Runic Dome","Busted Crown"],"picked":"Astrolabe"},{"not_picked":["bronze:MakeshiftBattery","Black Star"],"picked":"Runic Pyramid"}],"items_purged_floors":[29],"is_endless":false,"potions_floor_spawned":[2,8,9,15,20,21,23,28,31,32,42,43,44,45,52],"killed_by":"downfall:NeowBossFinal","ascension_level":0}}