{"host":"bwv3g1hezaeonepb","time":1613724379,"event":{"mods":["Aspiration","BaseMod","Colored Powertips","Conspire","KomeijiMod","Minty Spire (QoL Compilation)","Replay The Spire","Shop Mod","StSLib","The Construct","The Cursed","The Runesmith"],"gold_per_floor":[113,113,113,123,123,123,136,136,136,136,136,236,100000,100050,100050,100050,100050],"floor_reached":16,"language":"ZHS","playtime":2455,"items_purged":[],"score":88,"play_id":"b4b4a835-9098-457c-bbf2-071a20c1affd","local_time":"20210219164619","is_ascension_mode":false,"campfire_choices":[{"data":"CutThroughFate","floor":6,"key":"SMITH"},{"data":"Survivor","floor":8,"key":"SMITH"},{"data":"Neutralize","floor":10,"key":"SMITH"},{"floor":15,"key":"REST"}],"circlet_count":0,"master_deck":["Strike_G","Strike_G","Strike_G","Strike_G","Strike_G","Defend_G","Defend_G","Defend_G","Defend_G","Defend_G","Survivor+1","Neutralize+1","ReplayTheSpireMod:Tripwire","CutThroughFate+1","Outmaneuver","conspire:PoisonWeapons","Flying Knee"],"relics":["Ring of the Snake","aspiration:Nostalgia","Replay:M_StaffOfTheSnake","Quantum Egg","Paper Crane"],"acts_visited":["Exordium"],"potions_floor_usage":[16,16,16],"damage_taken":[{"damage":0,"enemies":"Cultist","floor":1,"turns":4},{"damage":4,"enemies":"Small Slimes","floor":4,"turns":6},{"damage":0,"enemies":"2 Louse","floor":7,"turns":2},{"damage":14,"enemies":"Lots of Slimes","floor":13,"turns":6},{"damage":70,"enemies":"Slime Boss","floor":16,"turns":12}],"seed_played":"-9059538692631980735","potions_obtained":[{"floor":2,"key":"Swift Potion"},{"floor":2,"key":"ExcitationPotion"},{"floor":13,"key":"Swift Potion"}],"is_trial":false,"path_per_floor":["M","?","$","M","?","R","M","R","T","R","$","?","M","?","R","B"],"character_chosen":"THE_SILENT","items_purchased":[],"campfire_rested":1,"item_purchase_floors":[],"current_hp_per_floor":[70,70,70,66,66,66,66,66,66,66,66,66,52,52,70,0,0],"gold":100050,"neow_bonus":"NOSTALGIA","is_daily":false,"chose_seed":false,"campfire_upgraded":3,"win_rate":0.0,"timestamp":1613724379,"path_taken":["M","?","?","M","?","R","M","R","T","R","$","?","?","?","R","BOSS"],"items_purchased_type":[],"build_version":"2020-12-22","purchased_purges":0,"victory":false,"max_hp_per_floor":[70,70,70,70,70,70,70,70,70,70,70,70,70,70,70,70,70],"card_choices":[{"not_picked":["Prepared","Dagger Throw"],"picked":"ReplayTheSpireMod:Tripwire","floor":1},{"not_picked":["Underhanded Strike","Backflip"],"picked":"CutThroughFate","floor":4},{"not_picked":["Choke","EmptyMind"],"picked":"Outmaneuver","floor":7},{"not_picked":["Sanctity","TalkToTheHand"],"picked":"conspire:PoisonWeapons","floor":13},{"not_picked":["Setup","conspire:PoisonWeapons"],"picked":"Flying Knee","floor":14}],"player_experience":14504,"relics_obtained":[{"floor":9,"key":"Quantum Egg"},{"floor":14,"key":"Paper Crane"}],"event_choices":[{"damage_healed":0,"gold_gain":0,"player_choice":"Got Potions","damage_taken":0,"max_hp_gain":0,"max_hp_loss":0,"event_name":"Lab","floor":2,"gold_loss":0},{"damage_healed":0,"gold_gain":100,"player_choice":"Gold","damage_taken":0,"max_hp_gain":0,"max_hp_loss":0,"event_name":"Wheel of Change","floor":12,"gold_loss":0}],"is_beta":false,"boss_relics":[],"items_purged_floors":[],"is_endless":false,"potions_floor_spawned":[13],"killed_by":"Slime Boss","ascension_level":0}}