{"host":"dlqyscxstsnu98l1","time":1613710554,"event":{"mods":["AchievementEnabler","BaseMod","Colored Map","Colored Powertips","GifTheSpireLib","Highlight Path","Minty Spire (QoL Compilation)","Random Character Button","SacredBarkPlus","StSLib","everything is the same but u backflip on backflip"],"gold_per_floor":[212,132,152,77,88,116,116,145,145,145,145],"floor_reached":10,"language":"ENG","playtime":537,"items_purged":["Strike_P"],"score":95,"play_id":"d07dada2-b847-4e99-b9c0-233614df5bed","local_time":"20210218225554","is_ascension_mode":true,"campfire_choices":[{"data":"PathToVictory","floor":7,"key":"SMITH"}],"circlet_count":0,"master_deck":["Strike_P","Strike_P","Strike_P","Defend_P","Defend_P","Defend_P","Defend_P","Eruption","Vigilance","PathToVictory+1","LikeWater","Protect","ThirdEye","ThirdEye","Alpha"],"relics":["PureWater","Eternal Feather","Meat on the Bone","Bottled Tornado"],"acts_visited":["Exordium"],"potions_floor_usage":[6,6],"damage_taken":[{"damage":0,"enemies":"Jaw Worm","floor":1,"turns":3},{"damage":0,"enemies":"2 Louse","floor":3,"turns":4},{"damage":0,"enemies":"Small Slimes","floor":5,"turns":4},{"damage":18,"enemies":"Gremlin Nob","floor":6,"turns":5},{"damage":35,"enemies":"3 Sentries","floor":8,"turns":25},{"damage":43,"enemies":"Gremlin Nob","floor":10,"turns":4}],"seed_played":"134402210791007664","potions_obtained":[{"floor":1,"key":"AttackPotion"},{"floor":5,"key":"Block Potion"}],"is_trial":false,"path_per_floor":["M","$","M","$","M","E","R","E","T","E"],"character_chosen":"WATCHER","items_purchased":["LikeWater"],"campfire_rested":0,"item_purchase_floors":[2],"current_hp_per_floor":[72,72,72,72,72,54,60,25,25,0,0],"gold":145,"neow_bonus":"HUNDRED_GOLD","is_daily":false,"chose_seed":false,"campfire_upgraded":1,"win_rate":0.0,"timestamp":1613710554,"path_taken":["M","$","M","$","M","E","R","E","T","E"],"items_purchased_type":["Card"],"build_version":"2020-12-22","purchased_purges":1,"victory":false,"max_hp_per_floor":[72,72,72,72,72,72,72,72,72,72,72],"card_choices":[{"not_picked":["Tantrum","FlurryOfBlows"],"picked":"PathToVictory","floor":1},{"not_picked":["ForeignInfluence","CutThroughFate"],"picked":"Protect","floor":3},{"not_picked":["WheelKick","Prostrate"],"picked":"ThirdEye","floor":5},{"not_picked":["ClearTheMind","ForeignInfluence"],"picked":"ThirdEye","floor":6},{"not_picked":["SandsOfTime","Fasting2"],"picked":"Alpha","floor":8}],"player_experience":230626,"relics_obtained":[{"floor":6,"key":"Eternal Feather"},{"floor":8,"key":"Meat on the Bone"},{"floor":9,"key":"Bottled Tornado"}],"event_choices":[],"is_beta":false,"boss_relics":[],"items_purged_floors":[4],"is_endless":false,"potions_floor_spawned":[1,5],"killed_by":"Gremlin Nob","ascension_level":5}}