{"host":"7wi4qgm5yw4j7oz0","time":1613742651,"event":{"mods":["AchievementEnabler","BaseMod","Block Reminder","Colored Map","Colored Powertips","Highlight Path","Minty Spire (QoL Compilation)","Permanent Neow","Random Character Button","StSLib","SuperFastMode","everything is the same but u backflip on backflip"],"gold_per_floor":[19,32,32,52,69,102,102,115,115,135,135,162,177,7,7,82,82,93,93,111,32,32,32,58,68,123,123,123,135,66,66,66,66,66],"floor_reached":33,"language":"KOR","playtime":1310,"items_purged":["Strike_R","Strike_R"],"score":485,"play_id":"861b02ec-b3bc-4796-b910-26d7262bfbc4","local_time":"20210219225051","is_ascension_mode":true,"campfire_choices":[{"data":"Immolate","floor":7.0,"key":"SMITH"},{"data":"Flex","floor":11.0,"key":"SMITH"},{"data":"Armaments","floor":15.0,"key":"SMITH"},{"data":"Warcry","floor":23.0,"key":"SMITH"},{"data":"Bludgeon","floor":27,"key":"SMITH"},{"data":"Power Through","floor":32,"key":"SMITH"}],"circlet_count":0,"master_deck":["AscendersBane","Strike_R","Strike_R","Strike_R","Defend_R","Defend_R","Defend_R","Defend_R","Bash","Immolate+1","Iron Wave","Flame Barrier","Perfected Strike","Flex+1","Warcry+1","Thunderclap","Shrug It Off","Pommel Strike","Battle Trance","Armaments+1","Bludgeon+1","Second Wind","Impervious","RitualDagger","Clumsy","Power Through+1","Ghostly","Ghostly","Ghostly"],"relics":["Burning Blood","Boot","Anchor","Frozen Egg 2","Blue Candle","Membership Card","Cursed Key","Juzu Bracelet","Art of War"],"acts_visited":["Exordium","TheCity"],"potions_floor_usage":[24,25,33],"damage_taken":[{"damage":7.0,"enemies":"Jaw Worm","floor":1.0,"turns":3.0},{"damage":1.0,"enemies":"Cultist","floor":2.0,"turns":3.0},{"damage":0.0,"enemies":"Small Slimes","floor":4.0,"turns":3.0},{"damage":11.0,"enemies":"Blue Slaver","floor":5.0,"turns":4.0},{"damage":18.0,"enemies":"3 Sentries","floor":6.0,"turns":7.0},{"damage":0.0,"enemies":"Looter","floor":8.0,"turns":2.0},{"damage":1.0,"enemies":"Exordium Thugs","floor":10.0,"turns":2.0},{"damage":27.0,"enemies":"Gremlin Nob","floor":12.0,"turns":4.0},{"damage":0.0,"enemies":"Red Slaver","floor":13.0,"turns":2.0},{"damage":16.0,"enemies":"The Guardian","floor":16.0,"turns":14.0},{"damage":9.0,"enemies":"Shell Parasite","floor":18.0,"turns":4.0},{"damage":0.0,"enemies":"Chosen","floor":20.0,"turns":4.0},{"damage":30,"enemies":"Gremlin Leader","floor":24,"turns":4},{"damage":9,"enemies":"Centurion and Healer","floor":25,"turns":6},{"damage":7,"enemies":"Colosseum Slavers","floor":28,"turns":4},{"damage":5,"enemies":"Snecko","floor":29,"turns":4},{"damage":38,"enemies":"Collector","floor":33,"turns":6}],"seed_played":"7495474480017444283","potions_obtained":[{"floor":2.0,"key":"BlessingOfTheForge"},{"floor":5.0,"key":"Strength Potion"},{"floor":6.0,"key":"BloodPotion"},{"floor":10.0,"key":"LiquidBronze"},{"floor":25,"key":"Swift Potion"}],"is_trial":false,"path_per_floor":["M","M","?","M","M","E","R","M","T","M","R","E","M","$","R","B",null,"M","?","M","$","?","R","E","M","T","R","?","M","$","?","R","B"],"character_chosen":"IRONCLAD","items_purchased":["Membership Card","Armaments","Impervious","Power Through"],"campfire_rested":0,"item_purchase_floors":[14,14,21,30],"current_hp_per_floor":[67,72,72,75,70,73,73,75,75,75,75,54,60,60,60,50,69,66,66,72,72,66,66,42,39,39,39,38,39,39,37,37,0,0],"gold":66,"neow_bonus":"THREE_RARE_CARDS","is_daily":false,"chose_seed":false,"campfire_upgraded":6,"win_rate":0.0,"timestamp":1613742651,"path_taken":["M","M","?","M","M","E","R","M","T","M","R","E","M","$","R","BOSS","M","?","M","$","?","R","E","M","T","R","?","M","?","?","R","BOSS"],"items_purchased_type":["Relic","Card","Card","Card"],"build_version":"2020-12-22","purchased_purges":2,"victory":false,"max_hp_per_floor":[75,75,75,75,75,75,75,75,75,75,75,75,75,75,75,75,75,75,75,75,75,75,75,75,75,75,75,75,75,75,37,37,37,37],"card_choices":[{"not_picked":["Double Tap","Juggernaut"],"picked":"Immolate","floor":0.0},{"not_picked":["Ghostly Armor","Anger"],"picked":"Iron Wave","floor":1.0},{"not_picked":["Rupture","Sever Soul"],"picked":"Flame Barrier","floor":2.0},{"not_picked":["Havoc","Warcry"],"picked":"Perfected Strike","floor":4.0},{"not_picked":["Pummel","Havoc"],"picked":"Flex","floor":5.0},{"not_picked":["Combust","Entrench"],"picked":"Warcry","floor":6.0},{"not_picked":["Cleave","Heavy Blade"],"picked":"Thunderclap","floor":8.0},{"not_picked":["Anger","Body Slam"],"picked":"Shrug It Off","floor":10.0},{"not_picked":["Reaper","Uppercut"],"picked":"Pommel Strike","floor":12.0},{"not_picked":["Warcry","Flex"],"picked":"Battle Trance","floor":13.0},{"not_picked":["Demon Form+1","Fiend Fire"],"picked":"Bludgeon","floor":16.0},{"not_picked":["True Grit","Searing Blow","Anger"],"picked":"SKIP","floor":18.0},{"not_picked":["Flex","Twin Strike","Rupture+1"],"picked":"SKIP","floor":20.0},{"not_picked":["Entrench","Cleave","Blood for Blood"],"picked":"SKIP","floor":24},{"not_picked":["Iron Wave","Sword Boomerang","Immolate"],"picked":"SKIP","floor":25},{"not_picked":["Anger","Pommel Strike","Entrench"],"picked":"SKIP","floor":29}],"player_experience":335416,"relics_obtained":[{"floor":6.0,"key":"Anchor"},{"floor":9.0,"key":"Frozen Egg 2"},{"floor":12.0,"key":"Blue Candle"},{"floor":24,"key":"Juzu Bracelet"},{"floor":26,"key":"Art of War"}],"event_choices":[{"damage_healed":0.0,"max_hp_gain":0.0,"max_hp_loss":0.0,"gold_gain":0.0,"event_name":"WeMeetAgain","player_choice":"Gave Potion","floor":3.0,"gold_loss":0.0,"damage_taken":0.0,"relics_obtained":["Boot"]},{"damage_healed":0.0,"max_hp_gain":0.0,"max_hp_loss":0.0,"gold_gain":0.0,"event_name":"The Library","player_choice":"Read","floor":19.0,"gold_loss":0.0,"damage_taken":0.0,"cards_obtained":["Second Wind"]},{"damage_healed":0.0,"max_hp_gain":0.0,"max_hp_loss":0.0,"gold_gain":0.0,"event_name":"Nest","player_choice":"Joined the Cult","floor":22.0,"gold_loss":0.0,"damage_taken":6.0,"cards_obtained":["RitualDagger"]},{"damage_healed":0,"gold_gain":0,"player_choice":"Fight","damage_taken":0,"max_hp_gain":0,"max_hp_loss":0,"event_name":"Colosseum","floor":28,"gold_loss":0},{"damage_healed":0,"gold_gain":0,"player_choice":"Fled From Nobs","damage_taken":0,"max_hp_gain":0,"max_hp_loss":0,"event_name":"Colosseum","floor":28,"gold_loss":0},{"damage_healed":0,"gold_gain":0,"player_choice":"Became a Ghost","damage_taken":0,"max_hp_gain":0,"max_hp_loss":38,"event_name":"Ghosts","floor":31,"gold_loss":0,"cards_obtained":["Ghostly","Ghostly","Ghostly"]}],"is_beta":false,"boss_relics":[{"not_picked":["Ectoplasm","Philosopher\u0027s Stone"],"picked":"Cursed Key"}],"items_purged_floors":[21,30],"is_endless":false,"potions_floor_spawned":[2,5,6,10,20,25],"killed_by":"Collector","ascension_level":15}}