{"host":"d2gh6suihlstufn7","time":1613703001,"event":{"mods":["AchievementEnabler","BaseMod","Colored Map","Colored Powertips","Minty Spire (QoL Compilation)","Permanent Neow","Quick Restart"],"gold_per_floor":[112,123,123,140,152,152,164,176,176,176,191,247,247,247],"floor_reached":13,"language":"KOR","playtime":428,"items_purged":[],"score":79,"play_id":"87ea1607-2eaa-46c7-b5b6-91c26e3ef8e3","local_time":"20210219115001","is_ascension_mode":false,"campfire_choices":[{"floor":6.0,"key":"RECALL"},{"data":"Dualcast","floor":10.0,"key":"SMITH"}],"circlet_count":0,"master_deck":["Strike_B","Strike_B","Strike_B","Defend_B","Defend_B","Zap","Dualcast+1","Electrodynamics+1","Fusion+1","Hologram","Tempest","Loop","BootSequence","Electrodynamics+1"],"relics":["Astrolabe","Frozen Egg 2","Bottled Lightning"],"acts_visited":["Exordium"],"potions_floor_usage":[13],"damage_taken":[{"damage":6.0,"enemies":"Jaw Worm","floor":1.0,"turns":2.0},{"damage":0.0,"enemies":"Cultist","floor":2.0,"turns":3.0},{"damage":9.0,"enemies":"Small Slimes","floor":4.0,"turns":4.0},{"damage":0.0,"enemies":"2 Fungi Beasts","floor":5.0,"turns":2.0},{"damage":12.0,"enemies":"Blue Slaver","floor":7.0,"turns":4.0},{"damage":11.0,"enemies":"Exordium Thugs","floor":8.0,"turns":3.0},{"damage":12.0,"enemies":"Looter","floor":11.0,"turns":4.0},{"damage":15.0,"enemies":"Gremlin Nob","floor":12.0,"turns":4.0},{"damage":14,"enemies":"Gremlin Nob","floor":13,"turns":3}],"seed_played":"7509911263816063297","potions_obtained":[{"floor":5.0,"key":"EntropicBrew"},{"floor":12.0,"key":"Swift Potion"}],"is_trial":false,"path_per_floor":["M","M","?","M","M","R","M","M","T","R","M","?","E"],"character_chosen":"DEFECT","items_purchased":[],"campfire_rested":0,"item_purchase_floors":[],"current_hp_per_floor":[69,69,74,65,65,65,53,42,42,42,30,15,1,1],"gold":247,"neow_bonus":"BOSS_RELIC","is_daily":false,"chose_seed":false,"campfire_upgraded":1,"win_rate":0.0,"timestamp":1613703001,"path_taken":["M","M","?","?","M","R","?","M","T","R","M","?","E"],"items_purchased_type":[],"build_version":"2020-12-22","purchased_purges":0,"victory":false,"max_hp_per_floor":[75,75,75,75,75,75,75,75,75,75,75,75,75,75],"card_choices":[{"not_picked":["Beam Cell","Leap"],"picked":"Hologram","floor":1.0},{"not_picked":["Gash","Cold Snap","Steam Power"],"picked":"SKIP","floor":2.0},{"not_picked":["Conserve Battery","Sweeping Beam","Cold Snap"],"picked":"SKIP","floor":4.0},{"not_picked":["Sweeping Beam","Leap"],"picked":"Tempest","floor":5.0},{"not_picked":["Sweeping Beam","Conserve Battery"],"picked":"Loop","floor":7.0},{"not_picked":["Sweeping Beam","Lockon"],"picked":"BootSequence","floor":8.0},{"not_picked":["Go for the Eyes","Hologram","Rebound"],"picked":"SKIP","floor":11.0},{"not_picked":["Leap","Barrage"],"picked":"Electrodynamics+1","floor":12.0}],"player_experience":179172,"relics_obtained":[{"floor":9.0,"key":"Frozen Egg 2"},{"floor":12.0,"key":"Bottled Lightning"}],"event_choices":[{"cards_removed":["Stack"],"damage_healed":5.0,"max_hp_gain":0.0,"max_hp_loss":0.0,"gold_gain":0.0,"event_name":"Bonfire Elementals","player_choice":"Offered Common","floor":3.0,"gold_loss":0.0,"damage_taken":0.0},{"cards_removed":["Stack"],"damage_healed":5.0,"max_hp_gain":0.0,"max_hp_loss":0.0,"gold_gain":0.0,"event_name":"Bonfire Elementals","player_choice":"Offered Special","floor":3.0,"gold_loss":0.0,"damage_taken":0.0},{"damage_healed":0.0,"max_hp_gain":0.0,"max_hp_loss":0.0,"gold_gain":0.0,"event_name":"Dead Adventurer","player_choice":"Searched \u00271\u0027 times","floor":12.0,"gold_loss":0.0,"damage_taken":0.0}],"is_beta":false,"boss_relics":[],"items_purged_floors":[],"is_endless":false,"potions_floor_spawned":[5,12],"killed_by":"Gremlin Nob","ascension_level":0}}