{"host":"1ycuxm9gov0tl9zf","time":1613712281,"event":{"mods":["AchievementEnabler","Act Like it!","BaseMod","Colored Powertips","Downfall","Gensokyo","GifTheSpireLib","Hallownest","Marisa£®ÏF”Í°°ƒß¿Ì…≥£©","Minty Spire (QoL Compilation)","Quick Restart","Remilia£®¿Ÿ√◊¿Ú—«£©","Replay The Spire","Shop Mod","StSLib","The Administrix","The Animator","The Bug Knight"],"gold_per_floor":[112,112,59,75,55,96,96,119,119,137,51,70,70,47,135,35,35],"floor_reached":16,"language":"ZHS","playtime":1115,"items_purged":["Injury"],"score":102,"play_id":"7b4c402a-d953-4696-92b6-87394e79c535","local_time":"20210219132441","is_ascension_mode":false,"campfire_choices":[{"floor":7,"key":"REST"}],"circlet_count":0,"master_deck":["Strike_G","Strike_G","Strike_G","Strike_G","Strike_G","Defend_G","Defend_G","Defend_G","Defend_G","Defend_G","Survivor","Neutralize","Replay:Poison Smokescreen","Underhanded Strike","Backflip","Hidden Blade","Accuracy","Poisoned Stab","Pot Of Greed","Pot Of Greed","ReplayTheSpireMod:IOU","Infinite Blades"],"relics":["Fusion Hammer","Golden Idol","Replay:Wax Seal","Durian","Gambling Chip","Grinning Jar"],"acts_visited":["Exordium"],"potions_floor_usage":[6,10,16],"damage_taken":[{"damage":4,"enemies":"2 Louse","floor":1,"turns":3},{"damage":0,"enemies":"Jaw Worm","floor":4,"turns":4},{"damage":65,"enemies":"3 Sentries","floor":6,"turns":21},{"damage":0,"enemies":"Cultist","floor":8,"turns":3},{"damage":0,"enemies":"3 Louse","floor":10,"turns":2},{"damage":3,"enemies":"Exordium Thugs","floor":11,"turns":6},{"damage":4,"enemies":"2 Fungi Beasts","floor":12,"turns":5},{"damage":3,"enemies":"Hexaghost","floor":16,"turns":8}],"seed_played":"1049683891185643722","potions_obtained":[{"floor":5,"key":"Adrenaline Potion"},{"floor":6,"key":"Explosive Potion"},{"floor":8,"key":"Languid Potion"},{"floor":10,"key":"Flashbang"}],"is_trial":false,"path_per_floor":["M","?","$","M","?","E","R","M","T","M","M","M","?","$","R","B"],"character_chosen":"THE_SILENT","items_purchased":["Replay:Wax Seal","Grinning Jar","Infinite Blades"],"campfire_rested":1,"item_purchase_floors":[3,14,14],"current_hp_per_floor":[66,66,66,66,66,6,28,28,28,28,25,21,3,3,3,0,0],"gold":35,"neow_bonus":"BOSS_RELIC","is_daily":false,"chose_seed":false,"campfire_upgraded":0,"win_rate":0.0,"timestamp":1613712281,"path_taken":["M","?","$","M","?","E","R","M","T","M","M","?","?","?","R","BOSS"],"items_purchased_type":["Relic","Relic","Card"],"build_version":"2020-12-22","purchased_purges":1,"victory":false,"max_hp_per_floor":[70,70,70,70,70,75,75,75,75,75,75,75,75,75,75,75,75],"card_choices":[{"not_picked":["Dagger Spray","Slice"],"picked":"Replay:Poison Smokescreen","floor":1},{"not_picked":["Cloak And Dagger","Quick Slash"],"picked":"Underhanded Strike","floor":4},{"not_picked":["Draining Mist","Riddle With Holes","Blade Dance"],"picked":"SKIP","floor":6},{"not_picked":["Sucker Punch","Dagger Spray"],"picked":"Backflip","floor":8},{"not_picked":["Toxin Wave","Deadly Poison"],"picked":"Hidden Blade","floor":10},{"not_picked":["Eviscerate","Flying Knee"],"picked":"Accuracy","floor":11},{"not_picked":["Choke","Deflect"],"picked":"Poisoned Stab","floor":12}],"player_experience":61628,"relics_obtained":[{"floor":6,"key":"Durian"}],"event_choices":[{"damage_healed":0,"gold_gain":0,"player_choice":"Take Wound","damage_taken":0,"relics_obtained":["Golden Idol"],"max_hp_gain":0,"max_hp_loss":0,"event_name":"Golden Idol","floor":2,"gold_loss":0,"cards_obtained":["Injury"]},{"damage_healed":0,"gold_gain":0,"player_choice":"Bought 1 Potion","damage_taken":0,"max_hp_gain":0,"max_hp_loss":0,"event_name":"The Woman in Blue","floor":5,"gold_loss":0},{"damage_healed":0,"gold_gain":0,"player_choice":"Success","damage_taken":18,"relics_obtained":["Gambling Chip"],"max_hp_gain":0,"max_hp_loss":0,"event_name":"Scrap Ooze","floor":13,"gold_loss":0}],"is_beta":false,"boss_relics":[],"items_purged_floors":[3],"is_endless":false,"potions_floor_spawned":[6,8,10],"killed_by":"Hexaghost","ascension_level":0}}