{"host":"2sct7qpnpunnnd84","time":1613700915,"event":{"mods":["BaseMod","Googly Eyes","Minty Spire (QoL Compilation)","Quick Restart","Shop Mod","StSLib","The IronCluck"],"gold_per_floor":[117,117,128,74,249,249,276,276,276,289,309,309,334,20,20,144,144,169,94,107,107,107,107,128,151,204,241,253,23,38,59,59,59,59],"floor_reached":33,"language":"ENG","playtime":3151,"items_purged":["Doubt"],"score":249,"play_id":"452f9946-6c9c-4a73-bb71-fa63a2d203ca","local_time":"20210218181515","is_ascension_mode":false,"campfire_choices":[{"floor":6.0,"key":"REST"},{"floor":12.0,"key":"REST"},{"floor":15.0,"key":"REST"},{"data":"Backstab","floor":23,"key":"SMITH"},{"floor":28,"key":"REST"},{"floor":32,"key":"REST"}],"circlet_count":0,"master_deck":["Strike_G","Strike_G","Strike_G+1","Strike_G","Strike_G","Defend_G","Defend_G","Defend_G","Defend_G","Defend_G","Survivor","Neutralize+1","Flying Knee","Dagger Spray","Noxious Fumes","Injury","Accuracy","Deadly Poison","Backstab+1","Unload","Caltrops","Riddle With Holes+1","Blade Dance"],"relics":["Ring of the Snake","WingedGreaves","Bag of Preparation","Golden Idol","HornCleat","Shuriken","Busted Crown","FaceOfCleric","MawBank","Pantograph"],"acts_visited":["Exordium","TheCity"],"potions_floor_usage":[18,30,31],"damage_taken":[{"damage":0.0,"enemies":"Small Slimes","floor":1.0,"turns":5.0},{"damage":0.0,"enemies":"2 Louse","floor":3.0,"turns":3.0},{"damage":44.0,"enemies":"Lagavulin","floor":7.0,"turns":9.0},{"damage":8.0,"enemies":"Jaw Worm","floor":10.0,"turns":6.0},{"damage":7.0,"enemies":"Looter","floor":11.0,"turns":4.0},{"damage":2.0,"enemies":"Blue Slaver","floor":13.0,"turns":4.0},{"damage":36.0,"enemies":"The Guardian","floor":16.0,"turns":11.0},{"damage":1,"enemies":"2 Thieves","floor":18,"turns":3},{"damage":5,"enemies":"Chosen","floor":20,"turns":4},{"damage":23,"enemies":"Centurion and Healer","floor":24,"turns":5},{"damage":5,"enemies":"Snake Plant","floor":25,"turns":4},{"damage":22,"enemies":"Shelled Parasite and Fungi","floor":27,"turns":6},{"damage":17,"enemies":"Cultist and Chosen","floor":30,"turns":5},{"damage":16,"enemies":"Centurion and Healer","floor":31,"turns":4},{"damage":64,"enemies":"Champ","floor":33,"turns":8}],"seed_played":"6435822887887848132","potions_obtained":[{"floor":3.0,"key":"SkillPotion"},{"floor":7.0,"key":"Energy Potion"},{"floor":11.0,"key":"DistilledChaos"},{"floor":16.0,"key":"Block Potion"},{"floor":24,"key":"EssenceOfSteel"},{"floor":27,"key":"Energy Potion"},{"floor":30,"key":"DuplicationPotion"},{"floor":31,"key":"Fire Potion"}],"is_trial":false,"path_per_floor":["M","?","M","$","?","R","E","?","T","M","M","R","M","$","R","B",null,"M","?","M","$","?","R","M","M","T","M","R","$","M","M","R","B"],"character_chosen":"THE_SILENT","items_purchased":["Dagger Spray","Shuriken","Pantograph"],"campfire_rested":5,"item_purchase_floors":[4,14,29],"current_hp_per_floor":[70,56,56,56,56,70,26,26,26,18,11,32,30,30,51,15,70,69,69,64,64,64,64,42,38,38,17,38,38,22,7,29,0,0],"gold":59,"neow_bonus":"ONE_RARE_RELIC","is_daily":false,"chose_seed":false,"campfire_upgraded":1,"win_rate":0.0,"timestamp":1613700915,"path_taken":["M","?","M","$","?","R","E","?","T","M","M","R","M","?","R","BOSS","M","?","M","$","?","R","M","?","T","?","R","$","M","M","R","BOSS"],"items_purchased_type":["Card","Relic","Relic"],"build_version":"2020-12-22","purchased_purges":1,"victory":false,"max_hp_per_floor":[70,70,70,70,70,70,70,70,70,70,70,70,70,70,70,70,70,70,70,70,70,70,70,71,72,72,73,73,73,74,75,75,75,75],"card_choices":[{"not_picked":["Backflip","Well Laid Plans","Heel Hook"],"picked":"SKIP","floor":1.0},{"not_picked":["Slice","Riddle With Holes"],"picked":"Flying Knee","floor":3.0},{"not_picked":["Bane","Expertise"],"picked":"Noxious Fumes","floor":7.0},{"not_picked":["Calculated Gamble","Dodge and Roll"],"picked":"Accuracy","floor":10.0},{"not_picked":["Dash","Calculated Gamble"],"picked":"Deadly Poison","floor":11.0},{"not_picked":["Blade Dance","PiercingWail"],"picked":"Backstab","floor":13.0},{"not_picked":["Phantasmal Killer","Wraith Form v2"],"picked":"Unload","floor":16.0},{"not_picked":["Sucker Punch"],"picked":"SKIP","floor":18},{"not_picked":["Prepared"],"picked":"SKIP","floor":20},{"not_picked":["Calculated Gamble+1"],"picked":"SKIP","floor":24},{"not_picked":["Prepared"],"picked":"SKIP","floor":25},{"not_picked":[],"picked":"Caltrops","floor":27},{"not_picked":[],"picked":"Riddle With Holes+1","floor":30},{"not_picked":[],"picked":"Blade Dance","floor":31}],"player_experience":3446132,"relics_obtained":[{"floor":7.0,"key":"Bag of Preparation"},{"floor":9.0,"key":"HornCleat"},{"floor":26,"key":"MawBank"}],"event_choices":[{"damage_healed":0.0,"max_hp_gain":0.0,"max_hp_loss":0.0,"gold_gain":0.0,"event_name":"Shining Light","player_choice":"Entered Light","floor":2.0,"gold_loss":0.0,"damage_taken":14.0,"cards_upgraded":["Strike_G","Neutralize"]},{"damage_healed":0.0,"max_hp_gain":0.0,"max_hp_loss":0.0,"gold_gain":175.0,"event_name":"Liars Game","player_choice":"AGREE","floor":5.0,"gold_loss":0.0,"damage_taken":0.0,"cards_obtained":["Doubt"]},{"damage_healed":0.0,"max_hp_gain":0.0,"max_hp_loss":0.0,"gold_gain":0.0,"event_name":"Golden Idol","player_choice":"Take Wound","floor":8.0,"gold_loss":0.0,"damage_taken":0.0,"relics_obtained":["Golden Idol"],"cards_obtained":["Injury"]},{"cards_removed":["Shame"],"damage_healed":0,"gold_gain":0,"player_choice":"Gave Gold","damage_taken":0,"max_hp_gain":0,"max_hp_loss":0,"event_name":"Beggar","floor":19,"gold_loss":75},{"damage_healed":0,"gold_gain":0,"player_choice":"Trade","damage_taken":0,"relics_obtained":["FaceOfCleric"],"max_hp_gain":0,"max_hp_loss":0,"event_name":"FaceTrader","floor":22,"gold_loss":0}],"is_beta":false,"boss_relics":[{"not_picked":["HoveringKite","SlaversCollar"],"picked":"Busted Crown"}],"items_purged_floors":[14],"is_endless":false,"potions_floor_spawned":[3,7,11,16,24,27,30,31],"killed_by":"Champ","ascension_level":0}}