{"host":"baiuyraednrljtmn","time":1613711546,"event":{"mods":["BaseMod","Colored Map","Colored Powertips","Current Relic Mod","DeckTracker","Keyboard Shortcuts","Minty Spire (QoL Compilation)","Relic Stats","StSLib","SuperFastMode","everything is the same but u backflip on backflip"],"gold_per_floor":[114,114,127,277,277,277,311,322,322,336,336,353,364,190,190,190,190],"floor_reached":16,"language":"KOR","playtime":545,"items_purged":["Defend_G"],"score":254,"play_id":"d80f083d-1377-499a-871b-24ad40e081b4","local_time":"20210219141226","is_ascension_mode":true,"campfire_choices":[{"data":"Finisher","floor":6.0,"key":"SMITH"},{"floor":11.0,"key":"REST"},{"data":"Underhanded Strike","floor":15,"key":"SMITH"}],"circlet_count":0,"master_deck":["AscendersBane","Strike_G","Strike_G","Strike_G","Strike_G","Defend_G","Defend_G","Defend_G","Defend_G","Survivor","Neutralize","Finisher+1","Reflex","Acrobatics","Underhanded Strike+1","Well Laid Plans","Acrobatics"],"relics":["Ring of the Snake","NeowsBlessing","Sundial","TungstenRod"],"acts_visited":["Exordium"],"potions_floor_usage":[],"damage_taken":[{"damage":0.0,"enemies":"2 Louse","floor":1.0,"turns":1.0},{"damage":0.0,"enemies":"Small Slimes","floor":3.0,"turns":1.0},{"damage":0.0,"enemies":"Lagavulin","floor":7.0,"turns":1.0},{"damage":0.0,"enemies":"Cultist","floor":8.0,"turns":4.0},{"damage":38.0,"enemies":"Exordium Wildlife","floor":10.0,"turns":11.0},{"damage":0.0,"enemies":"2 Fungi Beasts","floor":12.0,"turns":3.0},{"damage":17.0,"enemies":"Gremlin Gang","floor":13.0,"turns":5.0},{"damage":18,"enemies":"Hexaghost","floor":16,"turns":9}],"seed_played":"8452138994340910858","potions_obtained":[{"floor":1.0,"key":"LiquidMemories"},{"floor":3.0,"key":"EssenceOfSteel"}],"is_trial":false,"path_per_floor":["M","?","M","?","?","R","E","M","T","M","R","M","M","$","R","B"],"character_chosen":"THE_SILENT","items_purchased":["Well Laid Plans","Acrobatics"],"campfire_rested":1,"item_purchase_floors":[14,14],"current_hp_per_floor":[59,52,52,52,52,52,52,52,52,14,33,33,16,16,16,0,0],"gold":190,"neow_bonus":"THREE_ENEMY_KILL","is_daily":false,"chose_seed":false,"campfire_upgraded":2,"win_rate":0.0,"timestamp":1613711546,"path_taken":["M","?","M","?","?","R","E","M","T","M","R","M","?","$","R","BOSS"],"items_purchased_type":["Card","Card"],"build_version":"2020-12-22","purchased_purges":1,"victory":false,"max_hp_per_floor":[66,66,66,66,66,66,66,66,66,66,66,66,66,66,66,66,66],"relic_stats":{"counters":[8,35],"Sundial":[8],"obtain_stats":[{"NeowsBlessing":0,"Sundial":7,"TungstenRod":9,"Ring of the Snake":0},{"NeowsBlessing":0,"Sundial":3,"TungstenRod":4,"Ring of the Snake":0},{"NeowsBlessing":0,"Sundial":3,"TungstenRod":7,"Ring of the Snake":0}],"TungstenRod":16,"Ring of the Snake":[16]},"card_choices":[{"not_picked":["Dagger Spray","Backflip"],"picked":"Finisher","floor":1.0},{"not_picked":["Bane","Quick Slash","Heel Hook"],"picked":"SKIP","floor":3.0},{"not_picked":["Bane","Heel Hook"],"picked":"Reflex","floor":7.0},{"not_picked":["Deadly Poison","Dagger Throw"],"picked":"Acrobatics","floor":8.0},{"not_picked":["Deadly Poison","Catalyst"],"picked":"Underhanded Strike","floor":10.0},{"not_picked":["Dash","Acrobatics","Quick Slash"],"picked":"SKIP","floor":12.0},{"not_picked":["Expertise","Distraction","Concentrate"],"picked":"SKIP","floor":13.0}],"player_experience":1455897,"relics_obtained":[{"floor":7.0,"key":"Sundial"},{"floor":9.0,"key":"TungstenRod"}],"event_choices":[{"cards_removed":["Strike_G"],"damage_healed":0.0,"max_hp_gain":0.0,"max_hp_loss":0.0,"gold_gain":0.0,"event_name":"Golden Wing","player_choice":"Card Removal","floor":2.0,"gold_loss":0.0,"damage_taken":7.0},{"damage_healed":0.0,"max_hp_gain":0.0,"max_hp_loss":0.0,"gold_gain":150.0,"event_name":"Liars Game","player_choice":"AGREE","floor":4.0,"gold_loss":0.0,"damage_taken":0.0,"cards_obtained":["Doubt"]},{"cards_removed":["Doubt"],"damage_healed":0.0,"max_hp_gain":0.0,"max_hp_loss":0.0,"gold_gain":0.0,"event_name":"Purifier","player_choice":"Purged","floor":5.0,"gold_loss":0.0,"damage_taken":0.0}],"is_beta":false,"boss_relics":[],"items_purged_floors":[14],"is_endless":false,"potions_floor_spawned":[1,3],"killed_by":"Hexaghost","ascension_level":20}}