{"host":"gm50ke85n5jz306u","time":1613757345,"event":{"mods":["AchievementEnabler","AlwaysNeverKeys","Aspiration","BaseMod","Bestiary","Better Altar","Better Match","Better Note","Better Sensory Stone","Better Skull","Better Third Choice","Better Vampires","Better-Laid Plans","BetterRewards","Colored Powertips","Curses Come First","DNKmod","Decade(???)","Defuse TimeMaze Blight","Disable Question Mark Monsters","Displayed Cursed Tome","Downfall","Emptier Cage","Extra Virgin Snecko Oil","Filter the Spire","Friendly Minions","Gremlin Skip","Hermit","Hubris","Hyrulean Relics","Ironclad Rager","Jorbs\u0027s Wanderer Trilogy","KinomotoSakuraMod(????)","Koishi","Lobotomy","Marisa????????","Marked Mod","Minty Spire (QoL Compilation)","Permanent Neow","Poor People Problems","Quick Restart","Reimu??????","Relic Filter Mod","Relic Sorter","Remilia??????","Remove Card Discount Mod","Reorder Act Four","Replay The Spire","Shop Mod","StSLib","Synergy Search","Td1madao Mod","The Administrix","The Animator","The Blue Laboratory","The Bug Knight","The Construct","The Cursed","The Disciple","The Hierophant","The Necromancer","The Poker Player","The Runesmith","The Senshi","The Servant 0.9.4","Thieving Mod","Transform Curses","WarShipGirlsR/????R mod","Youmu??????"],"gold_per_floor":[700,719,719,738,738,309,309,334,334,334,354,202,220,240,257,357,357,357,368,388,388,408,437,437,162,196,196,211,221,672,691,709,807,807,807,819,819,833,955,980,980,827,827,929,949,949,968,983,993,993,993,1021,1021,924,924,924,924,924],"floor_reached":56,"language":"ENG","playtime":4636,"items_purged":["Slimebound:Split","Slimebound:CorrosiveSpit","Slimebound:Defend_Slimebound","Slimebound:Defend_Slimebound","Slimebound:Defend_Slimebound","Slimebound:Strike_Slimebound","Slimebound:Strike_Slimebound","Slimebound:Defend_Slimebound","hubris:Lust","Slimebound:LevelUp","Slimebound:Tackle","Slimebound:Strike_Slimebound+1","Slimebound:GoopSpray","Slimebound:LeechingTouch"],"score":1018,"play_id":"78ed34bd-aec3-4435-9c47-7faea1f5e9ec","local_time":"20210219185545","is_ascension_mode":true,"campfire_choices":[{"data":"Slimebound:Strike_Slimebound","floor":1.0,"key":"SMITH"},{"data":"Slimebound:MegaLick","floor":10.0,"key":"SMITH"},{"data":"Slimebound:SelfFormingGoo","floor":18.0,"key":"PURGE"},{"data":"Slimebound:Overexert","floor":27.0,"key":"PURGE"},{"data":"Slimebound:MinionMaster","floor":35.0,"key":"PURGE"},{"data":"Slimebound:RainOfGoop","floor":43,"key":"PURGE"},{"data":"Slimebound:SpikyOuterGoop","floor":46,"key":"PURGE"},{"data":"Slimebound:MegaLick","floor":53,"key":"SMITH"}],"circlet_count":0,"master_deck":["Slimebound:HauntingLick+1","Slimebound:Schlurp","Slimebound:Schlurp","Slimebound:MegaLick+1","Slimebound:LeechingTouch","Slimebound:MegaLick+1","Slimebound:GoopSpray","Slimebound:Recycling","Slimebound:SamplingLick+1","Slimebound:SamplingLick+1","Slimebound:HauntingLick+1","Slimebound:MegaLick+1","Slimebound:MegaLick+1","Wraith","Slimebound:GoopSpray+1","Slimebound:SamplingLick","Slimebound:LeadByExample","Slimebound:LeechingTouch"],"relics":["Slimebound:AbsorbEndCombat","Slimebound:ScrapOozeRelic","MerchantsRug","Membership Card","downfall:HeartBlessingRed","downfall:HeartBlessingGreen","downfall:HeartBlessingBlue","Replay:Bottled Eggs","hubris:SlimyHat","PreservedInsect","Calipers","Dream Catcher","Pear","Quantum Egg","Eternal Feather","Replay:Grab Bag","Philosopher\u0027s Stone","hubris:ScarierMask","ReplayFunnel","hubris:ToyBattleship","Happy Flower","Pen Nib","TheAbacus"],"acts_visited":["Exordium","TheCity","TheBeyond","TheEnding"],"potions_floor_usage":[54,55],"damage_taken":[{"damage":1.0,"enemies":"Small Slimes","floor":2.0,"turns":3.0},{"damage":0.0,"enemies":"Jaw Worm","floor":4.0,"turns":3.0},{"damage":9.0,"enemies":"downfall:FleeingMerchant","floor":6.0,"turns":4.0},{"damage":0.0,"enemies":"3 Sentries","floor":8.0,"turns":5.0},{"damage":0.0,"enemies":"2 Louse","floor":11.0,"turns":1.0},{"damage":3.0,"enemies":"downfall:FleeingMerchant","floor":12.0,"turns":4.0},{"damage":0.0,"enemies":"Red Slaver","floor":13.0,"turns":2.0},{"damage":0.0,"enemies":"2 Fungi Beasts","floor":14.0,"turns":2.0},{"damage":3.0,"enemies":"3 Louse","floor":15.0,"turns":3.0},{"damage":11.0,"enemies":"WA_ARCHETYPE_RETAIN","floor":16.0,"turns":7.0},{"damage":0.0,"enemies":"3 Byrds","floor":19.0,"turns":5.0},{"damage":0.0,"enemies":"Spheric Guardian","floor":20.0,"turns":4.0},{"damage":0.0,"enemies":"Chosen and Byrds","floor":22.0,"turns":5.0},{"damage":4.0,"enemies":"Slavers","floor":23.0,"turns":5.0},{"damage":12.0,"enemies":"downfall:FleeingMerchant","floor":25.0,"turns":4.0},{"damage":0.0,"enemies":"HollowMod:Nosk","floor":26.0,"turns":5.0},{"damage":0.0,"enemies":"Shelled Parasite and Fungi","floor":28.0,"turns":3.0},{"damage":0.0,"enemies":"Centurion and Healer","floor":29.0,"turns":4.0},{"damage":0.0,"enemies":"downfall:FleeingMerchant","floor":30.0,"turns":2.0},{"damage":0.0,"enemies":"Cultist and Chosen","floor":31.0,"turns":4.0},{"damage":0.0,"enemies":"Shelled Parasite and Fungi","floor":32.0,"turns":3.0},{"damage":0.0,"enemies":"IC_MUSHROOM_ARCHETYPE","floor":33.0,"turns":10.0},{"damage":0.0,"enemies":"3 Shapes","floor":36.0,"turns":5.0},{"damage":0,"enemies":"Orb Walker","floor":38,"turns":4},{"damage":0,"enemies":"R_Hoarder","floor":40,"turns":5},{"damage":0,"enemies":"Spire Growth","floor":45,"turns":4},{"damage":0,"enemies":"Sphere and 2 Shapes","floor":47,"turns":4},{"damage":0,"enemies":"4 Shapes","floor":48,"turns":3},{"damage":5,"enemies":"3 Darklings","floor":49,"turns":3},{"damage":72,"enemies":"SI_POISON_ARCHETYPE","floor":50,"turns":16},{"damage":12,"enemies":"downfall:CharBossMerchant","floor":52,"turns":8},{"damage":7,"enemies":"downfall:NeowBoss","floor":55,"turns":22},{"damage":92,"enemies":"downfall:NeowBossFinal","floor":56,"turns":8}],"seed_played":"-7634597941139344971","potions_obtained":[{"floor":4.0,"key":"sneckomod:MuddlingPotion"},{"floor":11.0,"key":"blueLaboratory:BottleOfRum"},{"floor":13.0,"key":"FearPotion"},{"floor":14.0,"key":"blueLaboratory:RememoryPotion"},{"floor":15.0,"key":"hexamod:SoulburnPotion"},{"floor":16.0,"key":"Toxic Potion"},{"floor":31.0,"key":"blueLaboratory:BottleOfRum"},{"floor":33.0,"key":"blueLaboratory:ImpenetrablePotion"},{"floor":40,"key":"EntropicBrew"}],"is_trial":false,"path_per_floor":["R","M","?","M","?","$","T","E","?","R","M","$","M","M","M","B",null,"R","M","M","?","M","E","T","$","E","R","M","M","$","M","M","B",null,"R","M","?","M","$","E","T","$","R","?","M","R","M","M","M","B",null,"E","R","$","B","B"],"character_chosen":"SLIMEBOUND","items_purchased":["Slimebound:LeechingTouch","Slimebound:MegaLick","Orrery","MerchantsRug","PreservedInsect","Quantum Egg","Slimebound:MegaLick","Membership Card","Pen Nib","TheAbacus","blueLaboratory:FruitPunch"],"campfire_rested":0,"item_purchase_floors":[6,6,6,6,12,25,30,42,54,54,54],"current_hp_per_floor":[75,74,74,74,74,69,69,75,75,75,75,74,75,75,75,67,75,75,75,75,75,75,75,85,81,85,85,85,85,85,85,85,85,85,85,85,85,85,85,85,85,85,85,64,70,79,83,85,84,19,85,73,85,85,78,0,0,0],"gold":924,"neow_bonus":"RANDOM_COMMON_RELIC","is_daily":false,"chose_seed":false,"campfire_upgraded":3,"win_rate":0.0,"timestamp":1613757345,"path_taken":["R","M","?","M","?","$","T","E","?","R","M","$","M","M","M","BOSS","R","M","M","?","M","E","T","$","E","R","M","M","$","?","M","BOSS","R","M","?","M","$","E","T","$","R","?","M","R","M","M","M","BOSS","E","R","$","BOSS","BOSS"],"items_purchased_type":["Card","Card","Relic","Relic","Relic","Relic","Card","Relic","Relic","Relic","Potion"],"build_version":"2020-12-22","purchased_purges":14,"victory":false,"max_hp_per_floor":[75,75,75,75,75,75,75,75,75,75,75,75,75,75,75,75,75,75,75,75,75,75,75,85,85,85,85,85,85,85,85,85,85,85,85,85,85,85,85,85,85,85,85,85,85,85,85,85,85,85,85,85,85,85,85,85,85,85],"card_choices":[{"not_picked":["Slimebound:Replication","Slimebound:PressTheAttack"],"picked":"Slimebound:HauntingLick","floor":2.0},{"not_picked":["Slimebound:SplitLeeching","Slimebound:SamplingLick"],"picked":"Slimebound:Schlurp","floor":4.0},{"not_picked":["Slimebound:FinishingTackle","Slimebound:LeechingTouch"],"picked":"Slimebound:Schlurp","floor":6.0},{"not_picked":["Slimebound:Replication","Slimebound:HauntingLick"],"picked":"Slimebound:GoopSpray","floor":6.0},{"not_picked":["Slimebound:SplitLeeching","Slimebound:SlimeTap"],"picked":"Slimebound:LeechingTouch","floor":8.0},{"not_picked":["Slimebound:LivingWall","Slimebound:Recollect"],"picked":"Slimebound:GoopSpray","floor":11.0},{"not_picked":["Slimebound:SpikyOuterGoop","Slimebound:Darklings"],"picked":"Slimebound:Recycling","floor":12.0},{"not_picked":["Slimebound:FinishingTackle","Slimebound:SplitBruiser","Slimebound:Equalize"],"picked":"SKIP","floor":13.0},{"not_picked":["Slimebound:FinishingTackle","Slimebound:SplitBruiser","Slimebound:Equalize"],"picked":"SKIP","floor":13.0},{"not_picked":["Slimebound:RollThrough","Slimebound:SplitBruiser"],"picked":"Slimebound:LevelUp","floor":14.0},{"not_picked":["Slimebound:SplitAcid","Slimebound:Schlurp","Slimebound:FinishingTackle"],"picked":"SKIP","floor":15.0},{"not_picked":["Slimebound:PrepareCrush","Slimebound:CheckThePlaybook"],"picked":"Slimebound:SelfFormingGoo","floor":16.0},{"not_picked":["Slimebound:RollThrough","Slimebound:DisruptingSlam"],"picked":"Slimebound:SamplingLick+1","floor":19.0},{"not_picked":["Slimebound:GrowthPunch+1","Slimebound:PressTheAttack"],"picked":"Slimebound:SamplingLick","floor":20.0},{"not_picked":["Slimebound:SplitLeeching","Slimebound:PressTheAttack","Slimebound:LeechingTouch"],"picked":"SKIP","floor":22.0},{"not_picked":["Slimebound:GrowthPunch","Slimebound:LeechEnergy"],"picked":"Slimebound:Overexert","floor":23.0},{"not_picked":["Slimebound:AcidTongue","Slimebound:Equalize+1"],"picked":"Slimebound:HauntingLick","floor":25.0},{"not_picked":["Slimebound:LeechEnergy","Slimebound:DivideAndConquer","Slimebound:Repurpose"],"picked":"SKIP","floor":26.0},{"not_picked":["Slimebound:RollThrough+1","Slimebound:SplitBruiser","Slimebound:SplitAcid+1"],"picked":"SKIP","floor":28.0},{"not_picked":["Slimebound:FinishingTackle","Slimebound:ItLooksTasty","Slimebound:DisruptingSlam"],"picked":"SKIP","floor":29.0},{"not_picked":["Slimebound:RollThrough","Slimebound:FlameTackle"],"picked":"Slimebound:RainOfGoop","floor":30.0},{"not_picked":["Slimebound:PrepareCrush","Slimebound:LivingWall"],"picked":"Slimebound:MegaLick+1","floor":31.0},{"not_picked":["Slimebound:LeechingTouch","Slimebound:FinishingTackle","Slimebound:Schlurp"],"picked":"SKIP","floor":32.0},{"not_picked":["Slimebound:WasteNot","Slimebound:DouseInSlime"],"picked":"Slimebound:MinionMaster","floor":33.0},{"not_picked":["Slimebound:FinishingTackle","Slimebound:ProtectTheBoss","Slimebound:AcidTongue+1"],"picked":"SKIP","floor":36.0},{"not_picked":["Slimebound:SplitSpecialist+1","Slimebound:LeechEnergy","Slimebound:SplitAcid"],"picked":"SKIP","floor":38},{"not_picked":["Slimebound:FormOfPuddle+1","Slimebound:LeechEnergy"],"picked":"Slimebound:GoopSpray+1","floor":40},{"not_picked":["Slimebound:LeechEnergy+1","Slimebound:SplitLeeching"],"picked":"Slimebound:SpikyOuterGoop","floor":44},{"not_picked":["Slimebound:GrowthPunch+1","Slimebound:Chomp","Slimebound:GoopTackle+1"],"picked":"SKIP","floor":45},{"not_picked":["Slimebound:Dissolve","Slimebound:RollThrough"],"picked":"Slimebound:SamplingLick","floor":47},{"not_picked":["Slimebound:ComboTackle","Slimebound:PressTheAttack+1"],"picked":"Slimebound:LeadByExample","floor":48},{"not_picked":["Slimebound:SplitLeeching","Slimebound:SplitBruiser"],"picked":"Slimebound:LeechingTouch","floor":49},{"not_picked":["Slimebound:SpikyOuterGoop+1","Slimebound:LeechEnergy+1","Slimebound:Equalize"],"picked":"SKIP","floor":52}],"player_experience":306734,"relics_obtained":[{"floor":7.0,"key":"Replay:Bottled Eggs"},{"floor":8.0,"key":"hubris:SlimyHat"},{"floor":23.0,"key":"Dream Catcher"},{"floor":24.0,"key":"Pear"},{"floor":26.0,"key":"Eternal Feather"},{"floor":40,"key":"ReplayFunnel"},{"floor":41,"key":"hubris:ToyBattleship"},{"floor":52,"key":"Happy Flower"}],"event_choices":[{"damage_healed":0.0,"max_hp_gain":0.0,"max_hp_loss":0.0,"gold_gain":1.0,"event_name":"betterStone:BetterStone","player_choice":"1","floor":5.0,"gold_loss":0.0,"damage_taken":0.0},{"damage_healed":0,"gold_gain":0,"player_choice":"Ignored","damage_taken":0,"max_hp_gain":0,"max_hp_loss":0,"event_name":"OrinTheCat","floor":37,"gold_loss":0}],"is_beta":false,"boss_relics":[{"not_picked":["Coffee Dripper","Black Star"],"picked":"hubris:Backtick"},{"not_picked":["Slimebound:AbsorbEndCombatUpgraded","aspiration:SecretTechniqueScroll"],"picked":"Replay:Grab Bag"},{"not_picked":["ChewingGum","aspiration:RandomNobGenerator"],"picked":"Replay:Bronze Core"},{"not_picked":["Painkiller Herb","Abe\u0027s Treasure"],"picked":"Philosopher\u0027s Stone"},{"not_picked":["aspiration:ServantSkillbook","Ring of Chaos"],"picked":"hubris:ScarierMask"}],"items_purged_floors":[6,6,6,6,6,6,6,6,25,25,25,25,54,54],"is_endless":false,"potions_floor_spawned":[4,11,13,14,15,16,19,23,26,29,31,33,40,49,52],"killed_by":"downfall:NeowBossFinal","ascension_level":1}}