{"host":"sav7uxregyirlf69","time":1613737096,"event":{"mods":["AchievementEnabler","BaseMod","Colored Map","DeckTracker","Keyboard Shortcuts","Minty Spire (QoL Compilation)","READ ME - Guardian Mod","StSLib","SuperFastMode"],"gold_per_floor":[112,127,145,115,129,129,54,86,86,86,102,126,126,19,19,90,90,100,135,135,135,145,145,195,195,195,195,215,225,225,242,242,318,318,318],"floor_reached":34,"language":"KOR","playtime":575,"items_purged":["Strike_G"],"score":800,"play_id":"d0d534eb-fd18-4ace-84e4-999d022ebe2a","local_time":"20210219211816","is_ascension_mode":true,"campfire_choices":[{"data":"1","floor":6.0,"key":"LIFT"},{"floor":10.0,"key":"REST"},{"data":"2","floor":13.0,"key":"LIFT"},{"data":"Cloak And Dagger","floor":15.0,"key":"SMITH"},{"data":"3","floor":23.0,"key":"LIFT"},{"data":"Accuracy","floor":25.0,"key":"SMITH"},{"data":"Blade Dance","floor":27.0,"key":"SMITH"},{"data":"Neutralize","floor":32.0,"key":"SMITH"}],"circlet_count":0,"master_deck":["AscendersBane","Strike_G","Strike_G","Strike_G","Strike_G","Defend_G","Defend_G","Defend_G","Defend_G","Defend_G","Survivor","Neutralize+1","Dagger Spray","Masterful Stab","Infinite Blades","Blade Dance+1","Cloak And Dagger+1","Accuracy+1","PiercingWail","Backflip"],"relics":["Ring of the Snake","Girya","Kunai","InkBottle","Blood Vial","Coffee Dripper","Red Mask","MutagenicStrength","Anchor"],"acts_visited":["Exordium","TheCity"],"potions_floor_usage":[],"damage_taken":[{"damage":6.0,"enemies":"Jaw Worm","floor":1.0,"turns":7.0},{"damage":0.0,"enemies":"Cultist","floor":2.0,"turns":4.0},{"damage":0.0,"enemies":"2 Louse","floor":3.0,"turns":2.0},{"damage":2.0,"enemies":"2 Fungi Beasts","floor":5.0,"turns":3.0},{"damage":35.0,"enemies":"Gremlin Nob","floor":8.0,"turns":5.0},{"damage":7.0,"enemies":"3 Louse","floor":11.0,"turns":3.0},{"damage":4.0,"enemies":"The Guardian","floor":16.0,"turns":9.0},{"damage":0.0,"enemies":"3 Byrds","floor":18.0,"turns":4.0},{"damage":12.0,"enemies":"Masked Bandits","floor":19.0,"turns":3.0},{"damage":1.0,"enemies":"Chosen","floor":22.0,"turns":3.0},{"damage":28.0,"enemies":"Snake Plant","floor":28.0,"turns":4.0},{"damage":0.0,"enemies":"Sentry and Sphere","floor":29.0,"turns":3.0},{"damage":0.0,"enemies":"Centurion and Healer","floor":31.0,"turns":3.0},{"damage":0.0,"enemies":"Automaton","floor":33.0,"turns":6.0}],"seed_played":"-6098967409837090035","potions_obtained":[{"floor":2.0,"key":"GamblersBrew"},{"floor":4.0,"key":"Weak Potion"},{"floor":4.0,"key":"SpeedPotion"},{"floor":8.0,"key":"DuplicationPotion"},{"floor":11.0,"key":"SpeedPotion"},{"floor":19.0,"key":"LiquidBronze"},{"floor":29.0,"key":"Swift Potion"}],"is_trial":false,"path_per_floor":["M","M","M","?","M","R","$","E","T","R","M","T","R","$","R","B",null,"M","?","?","?","M","R","?","R","T","R","M","M","T","M","R","B",null],"character_chosen":"THE_SILENT","items_purchased":["Cloak And Dagger","Accuracy"],"campfire_rested":1,"item_purchase_floors":[14,14],"current_hp_per_floor":[38,38,38,38,36,36,36,1,1,20,13,13,13,13,13,11,52,54,44,44,44,45,45,45,45,45,45,19,21,21,23,23,25,25,25],"gold":318,"neow_bonus":"ONE_RARE_RELIC","is_daily":false,"chose_seed":false,"campfire_upgraded":4,"win_rate":0.0,"timestamp":1613737096,"path_taken":["M","M","M","?","M","R","?","E","T","R","M","?","R","?","R","BOSS","M","?","?","?","M","R","?","R","T","R","M","?","?","M","R","BOSS"],"items_purchased_type":["Card","Card"],"build_version":"2020-12-22","purchased_purges":1,"victory":false,"max_hp_per_floor":[66,66,66,66,66,66,66,66,66,66,66,66,66,66,66,66,66,66,66,66,66,66,66,66,66,66,66,66,66,66,66,66,66,66,66],"card_choices":[{"not_picked":["PiercingWail","Dash"],"picked":"Dagger Spray","floor":1.0},{"not_picked":["Catalyst","Dash"],"picked":"Masterful Stab","floor":2.0},{"not_picked":["Backflip","Deadly Poison","Skewer"],"picked":"SKIP","floor":3.0},{"not_picked":["Bullet Time","Flying Knee"],"picked":"Infinite Blades","floor":5.0},{"not_picked":["Dagger Throw","Outmaneuver"],"picked":"Blade Dance","floor":8.0},{"not_picked":["Bane","Deflect","Sucker Punch"],"picked":"SKIP","floor":11.0},{"not_picked":["Poisoned Stab","Deflect","Flying Knee"],"picked":"SKIP","floor":18.0},{"not_picked":["Poisoned Stab","Deflect","Flying Knee"],"picked":"SKIP","floor":18.0},{"not_picked":["Deflect","Acrobatics","Distraction"],"picked":"SKIP","floor":22.0},{"not_picked":["Dodge and Roll","Underhanded Strike","Choke"],"picked":"SKIP","floor":28.0},{"not_picked":["Storm of Steel","Riddle With Holes+1"],"picked":"PiercingWail","floor":29.0},{"not_picked":["Dash","PiercingWail"],"picked":"Backflip","floor":31.0}],"player_experience":1622146,"relics_obtained":[{"floor":8.0,"key":"Kunai"},{"floor":9.0,"key":"InkBottle"},{"floor":12.0,"key":"Blood Vial"},{"floor":19.0,"key":"Red Mask"},{"floor":26.0,"key":"Anchor"}],"event_choices":[{"damage_healed":0.0,"max_hp_gain":0.0,"max_hp_loss":0.0,"gold_gain":0.0,"event_name":"The Woman in Blue","player_choice":"Bought 2 Potions","floor":4.0,"gold_loss":0.0,"damage_taken":0.0},{"damage_healed":0.0,"max_hp_gain":0.0,"max_hp_loss":0.0,"gold_gain":0.0,"event_name":"Masked Bandits","player_choice":"Fought Bandits","floor":19.0,"gold_loss":0.0,"damage_taken":0.0},{"damage_healed":0.0,"max_hp_gain":0.0,"max_hp_loss":0.0,"gold_gain":0.0,"event_name":"Ghosts","player_choice":"Ignored","floor":20.0,"gold_loss":0.0,"damage_taken":0.0},{"damage_healed":0.0,"max_hp_gain":0.0,"max_hp_loss":0.0,"gold_gain":0.0,"event_name":"Drug Dealer","player_choice":"Inject Mutagens","floor":21.0,"gold_loss":0.0,"damage_taken":0.0,"relics_obtained":["MutagenicStrength"]},{"damage_healed":0.0,"max_hp_gain":0.0,"max_hp_loss":0.0,"gold_gain":100.0,"event_name":"The Joust","player_choice":"Bet on Murderer","floor":24.0,"gold_loss":50.0,"damage_taken":0.0}],"is_beta":false,"boss_relics":[{"not_picked":["Sozu","SlaversCollar"],"picked":"Coffee Dripper"}],"items_purged_floors":[7],"is_endless":false,"potions_floor_spawned":[2,5,8,11,16,19,29],"ascension_level":20}}