{"host":"i9h64q9gphvrup4n","time":1613715930,"event":{"mods":["2.2 Compatiblity","AchievementEnabler","Aspiration","Astrologer","Bard","BaseMod","Beaked The Cultist","BetterRewards","Colored Powertips","Conspire","Downfall","Gremlin Mod","Hermit","Hubris","Infinite Spire","Jorbs\u0027s Wanderer Trilogy","Minty Spire (QoL Compilation)","Replay The Spire","Shop Mod","StSLib","SuperFastMode","The Blackbeard","The Bladedancer","The Bug Knight","The Construct","The Cursed","The Disciple","The Hierophant","The Jungle","The Necromancer","The Runesmith","The Wild Card","slay the spire mod where everything is the same but ironclad has a cowboy hat"],"gold_per_floor":[118,118,118,131,131,161,161,193,193,203,203,203,222,252,252,326,326,349,372,376,376],"floor_reached":20,"language":"ENG","playtime":659,"items_purged":[],"score":473,"play_id":"74280a39-369d-4c3d-a5cd-59ca91288793","local_time":"20210219002530","is_ascension_mode":true,"campfire_choices":[{"floor":7,"key":"REST"},{"floor":11,"key":"REST"},{"data":"Strike_from_Beyond","floor":15,"key":"SMITH"}],"circlet_count":0,"master_deck":["AscendersBane","conspire:GhostlyStrike","conspire:GhostlyStrike","conspire:GhostlyStrike","conspire:GhostlyStrike+1","conspire:GhostlyDefend","conspire:GhostlyDefend","conspire:GhostlyDefend","conspire:GhostlyDefend","Negative_Energy_Arrows","Bone_Wall","Panacea","Strike_from_Beyond+1","Plague_Bolt","Negative_Energy_Shield","Pandemic","Hellfire","Skeleton_Dragon","Summon_Death_Knight","Bone_Armor","Plague_Bolt"],"relics":["Vampire_Amulet","NlothsMask","hubris:ToyBattleship","InkBottle","infinitespire:Midas Blood","conspire:RunicOctahedron"],"acts_visited":["Exordium","TheCity"],"potions_floor_usage":[13],"damage_taken":[{"damage":7,"enemies":"Small Slimes","floor":1,"turns":3},{"damage":14,"enemies":"infinitespire:Voidling","floor":4,"turns":4},{"damage":11,"enemies":"Lagavulin","floor":6,"turns":5},{"damage":13,"enemies":"HollowMod:MossKnight","floor":8,"turns":8},{"damage":0,"enemies":"Jaw Worm","floor":10,"turns":4},{"damage":0,"enemies":"2 Fungi Beasts","floor":13,"turns":2},{"damage":11,"enemies":"Replay:BlueRogue","floor":14,"turns":6},{"damage":8,"enemies":"The Guardian","floor":16,"turns":6},{"damage":17,"enemies":"Shell Parasite","floor":18,"turns":5},{"damage":51,"enemies":"2 Thieves","floor":19,"turns":5},{"damage":23,"enemies":"Cultist and Chosen","floor":20,"turns":3}],"seed_played":"-8327708445211509463","potions_obtained":[{"floor":4,"key":"Adrenaline Potion"},{"floor":6,"key":"CultistPotion"},{"floor":14,"key":"Milkshake"}],"is_trial":false,"path_per_floor":["M","?","?","M","?","E","R","E","T","M","R","?","M","E","R","B",null,"M","M","M"],"character_chosen":"NECROMANCER","items_purchased":[],"campfire_rested":2,"item_purchase_floors":[],"current_hp_per_floor":[61,61,61,49,49,40,61,54,54,56,71,71,71,62,62,56,67,52,5,0,0],"gold":376,"neow_bonus":"RANDOM_COLORLESS","is_daily":false,"chose_seed":false,"campfire_upgraded":1,"win_rate":0.0,"timestamp":1613715930,"path_taken":["M","?","?","?","?","E","R","E","T","M","R","?","?","E","R","BOSS","M","M","M"],"items_purchased_type":[],"build_version":"2020-12-22","purchased_purges":0,"victory":false,"max_hp_per_floor":[71,71,71,71,71,71,71,71,71,71,71,71,71,71,71,71,71,71,71,71,71],"card_choices":[{"not_picked":["Trip","Replay:Bootleg Shield Generator"],"picked":"Panacea","floor":0},{"not_picked":["Bones_to_Steel","Blood_Is_Power"],"picked":"Strike_from_Beyond","floor":1},{"not_picked":["Uncharnel","Vampiric_Strike"],"picked":"Plague_Bolt","floor":4},{"not_picked":["Vampiric_Strike","Bones_to_Steel"],"picked":"Violent_Necrosis","floor":6},{"not_picked":["Thousand_Bone_Knives","Bone_Armor"],"picked":"Negative_Energy_Shield","floor":8},{"not_picked":["Blood_Whip","Chill_Blood"],"picked":"Pandemic","floor":10},{"not_picked":["Death_Coil","Negative_Energy_Javelin"],"picked":"Hellfire","floor":13},{"not_picked":["Blood_Whip","Uncharnel"],"picked":"Skeleton_Dragon","floor":14},{"not_picked":["Cloudkill","Blood_Magic"],"picked":"Summon_Death_Knight","floor":16},{"not_picked":["Negative_Energy_Javelin","Blood_Shield+1"],"picked":"Bone_Armor","floor":18},{"not_picked":["Uncharnel","Death_Coil"],"picked":"Plague_Bolt","floor":19}],"player_experience":755980,"relics_obtained":[{"floor":6,"key":"hubris:ToyBattleship"},{"floor":8,"key":"InkBottle"},{"floor":14,"key":"infinitespire:Midas Blood"}],"event_choices":[{"damage_healed":0,"gold_gain":0,"player_choice":"Trade","damage_taken":0,"relics_obtained":["NlothsMask"],"max_hp_gain":0,"max_hp_loss":0,"event_name":"FaceTrader","floor":3,"gold_loss":0},{"damage_healed":0,"gold_gain":0,"player_choice":"Agree","damage_taken":0,"max_hp_gain":0,"max_hp_loss":0,"event_name":"conspire:LoneGhost","floor":5,"gold_loss":0},{"cards_removed":["Violent_Necrosis"],"damage_healed":0,"gold_gain":0,"player_choice":"Purged","damage_taken":0,"max_hp_gain":0,"max_hp_loss":0,"event_name":"Purifier","floor":12,"gold_loss":0}],"is_beta":false,"boss_relics":[{"not_picked":["Sozu","aspiration:BardSkillbook"],"picked":"conspire:RunicOctahedron"}],"items_purged_floors":[],"is_endless":false,"potions_floor_spawned":[4,6,8,14,19],"killed_by":"Cultist and Chosen","ascension_level":19}}