{"host":"vhifjdba66khcqwn","time":1613714792,"event":{"mods":["AchievementEnabler","BaseMod","Bestiary","Energized Spire","Minty Spire (QoL Compilation)","Practice Mode","Relic Stats","Spicy Shops","StSLib","slay the spire mod where everything is the same but ironclad has a cowboy hat"],"gold_per_floor":[109,109,109,129,129,129,13,52,71,98,98,137,137,137,151,151,190,214,214,214,307,307,332,332,332,347,347,347,347],"floor_reached":28,"language":"ENG","playtime":725,"items_purged":["Pain"],"score":505,"play_id":"8dfecdc1-fb24-44c4-8b67-7bd2dd8113b0","local_time":"20210218220632","is_ascension_mode":true,"campfire_choices":[{"data":"Hemokinesis","floor":6.0,"key":"SMITH"},{"data":"Bash","floor":13.0,"key":"SMITH"},{"data":"Metallicize","floor":16,"key":"SMITH"},{"floor":19,"key":"DIG"},{"floor":20,"key":"DIG"}],"circlet_count":0,"master_deck":["AscendersBane","Strike_R","Strike_R","Strike_R","Strike_R","Defend_R","Defend_R","Defend_R","Defend_R","Bash+1","Hemokinesis+1","Feel No Pain","Metallicize","Wild Strike","Metallicize+1","Intimidate","Power Through","Spot Weakness","Offering","Intimidate","Havoc"],"relics":["Burning Blood","NeowsBlessing","Golden Idol","WarpedTongs","Regal Pillow","Vajra","Calipers","Orichalcum","Shovel","Charon\u0027s Ashes","Bottled Tornado","Black Star"],"acts_visited":["TheCity"],"potions_floor_usage":[17,21,28],"damage_taken":[{"damage":0.0,"enemies":"2 Louse","floor":1.0,"turns":1.0},{"damage":0.0,"enemies":"Small Slimes","floor":4.0,"turns":1.0},{"damage":0.0,"enemies":"Gremlin Nob","floor":8.0,"turns":1.0},{"damage":10.0,"enemies":"Cultist","floor":9.0,"turns":4.0},{"damage":18.0,"enemies":"3 Sentries","floor":12.0,"turns":7.0},{"damage":6,"enemies":"Blue Slaver","floor":15,"turns":3},{"damage":20,"enemies":"Lagavulin","floor":17,"turns":5},{"damage":10,"enemies":"Exordium Thugs","floor":18,"turns":5},{"damage":14,"enemies":"The Guardian","floor":21,"turns":12},{"damage":18,"enemies":"2 Thieves","floor":23,"turns":4},{"damage":12,"enemies":"Spheric Guardian","floor":26,"turns":5},{"damage":43,"enemies":"Book of Stabbing","floor":28,"turns":7}],"seed_played":"-126399341480281315","potions_obtained":[{"floor":15,"key":"EntropicBrew"},{"floor":17,"key":"ColorlessPotion"},{"floor":23,"key":"SneckoOil"}],"is_trial":false,"path_per_floor":["M","$","?","M","?","R","$","E","M","T","T","E","R","$","M","R","E","M","R","R","B",null,"M","?","$","M","?","E"],"character_chosen":"IRONCLAD","items_purchased":["Metallicize"],"campfire_rested":0,"item_purchase_floors":[7],"current_hp_per_floor":[74,74,68,68,68,68,68,68,64,64,64,52,52,52,52,52,38,34,34,34,26,58,46,46,46,40,40,0,0],"gold":347,"neow_bonus":"THREE_ENEMY_KILL","is_daily":false,"chose_seed":false,"campfire_upgraded":3,"win_rate":0.0,"timestamp":1613714792,"path_taken":["M","$","?","M","?","R","$","E","M","T","T","E","R","$","M","R","E","?","R","R","BOSS","M","?","?","?","?","E"],"items_purchased_type":["Card"],"build_version":"2020-12-22","purchased_purges":1,"victory":false,"max_hp_per_floor":[75,75,68,68,68,68,68,68,68,68,68,68,68,68,68,68,68,68,68,68,68,68,68,68,68,68,68,68,68],"relic_stats":{"Regal Pillow":0,"Shovel":2,"counters":[12,55],"Golden Idol":67,"Charon\u0027s Ashes":[45],"Black Star":0,"Orichalcum":[60],"obtain_stats":[{"Regal Pillow":8,"Calipers":11,"Shovel":17,"NeowsBlessing":0,"Golden Idol":3,"Vajra":10,"Charon\u0027s Ashes":19,"Black Star":22,"Orichalcum":12,"Bottled Tornado":20,"Burning Blood":0,"WarpedTongs":5},{"Regal Pillow":3,"Calipers":4,"Shovel":7,"NeowsBlessing":0,"Golden Idol":1,"Vajra":4,"Charon\u0027s Ashes":8,"Black Star":9,"Orichalcum":5,"Bottled Tornado":8,"Burning Blood":0,"WarpedTongs":2},{"Regal Pillow":3,"Calipers":7,"Shovel":22,"NeowsBlessing":0,"Golden Idol":1,"Vajra":7,"Charon\u0027s Ashes":27,"Black Star":39,"Orichalcum":14,"Bottled Tornado":27,"Burning Blood":0,"WarpedTongs":2}],"Burning Blood":54,"WarpedTongs":[40]},"card_choices":[{"not_picked":["Thunderclap","Sentinel"],"picked":"Hemokinesis","floor":1.0},{"not_picked":["Dark Embrace","Sentinel"],"picked":"Feel No Pain","floor":4.0},{"not_picked":["Ghostly Armor","Perfected Strike"],"picked":"Wild Strike","floor":8.0},{"not_picked":["Armaments","Iron Wave","Entrench"],"picked":"SKIP","floor":9.0},{"not_picked":["Dual Wield","Heavy Blade"],"picked":"Metallicize","floor":12.0},{"not_picked":["Sentinel","Body Slam"],"picked":"Intimidate","floor":15},{"not_picked":["Feel No Pain","Armaments"],"picked":"Power Through","floor":17},{"not_picked":["Havoc","Shrug It Off"],"picked":"Spot Weakness","floor":18},{"not_picked":["Immolate","Impervious"],"picked":"Offering","floor":21},{"not_picked":["Flex+1","Wild Strike+1"],"picked":"Intimidate","floor":23},{"not_picked":["Intimidate","Dropkick+1"],"picked":"Havoc","floor":26}],"player_experience":1217514,"relics_obtained":[{"floor":8.0,"key":"Regal Pillow"},{"floor":10.0,"key":"Vajra"},{"floor":11.0,"key":"Calipers"},{"floor":12.0,"key":"Orichalcum"},{"floor":17,"key":"Shovel"},{"floor":19,"key":"Charon\u0027s Ashes"},{"floor":20,"key":"Bottled Tornado"}],"event_choices":[{"damage_healed":0.0,"max_hp_gain":0.0,"max_hp_loss":7.0,"gold_gain":0.0,"event_name":"Golden Idol","player_choice":"Lose Max HP","floor":3.0,"gold_loss":0.0,"damage_taken":0.0,"relics_obtained":["Golden Idol"]},{"damage_healed":0.0,"max_hp_gain":0.0,"max_hp_loss":0.0,"gold_gain":0.0,"event_name":"Accursed Blacksmith","player_choice":"Rummage","floor":5.0,"gold_loss":0.0,"damage_taken":0.0,"relics_obtained":["WarpedTongs"],"cards_obtained":["Pain"]},{"cards_removed":["Strike_R"],"damage_healed":0,"gold_gain":0,"player_choice":"Purged","damage_taken":0,"max_hp_gain":0,"max_hp_loss":0,"event_name":"Purifier","floor":24,"gold_loss":0},{"damage_healed":0,"gold_gain":0,"player_choice":"Ignored","damage_taken":0,"max_hp_gain":0,"max_hp_loss":0,"event_name":"Vampires","floor":27,"gold_loss":0}],"is_beta":false,"boss_relics":[{"not_picked":["Runic Dome","Fusion Hammer"],"picked":"Black Star"}],"items_purged_floors":[7],"is_endless":false,"potions_floor_spawned":[15,17,18,23,26],"killed_by":"Book of Stabbing","ascension_level":19}}