{"host":"8is2j71l4wmybkoi","time":1613747851,"event":{"mods":["AchievementEnabler","BaseMod","Colored Map","DeckTracker","Minty Spire (QoL Compilation)","Rare Cards Sparkle","Relic Stats","StSLib","SuperFastMode"],"gold_per_floor":[110,110,126,142,142,169,169,180,180,211,211,240,51,82,82,161,161,172,187,187,102,114,114,140,140,140,171,171,196,214,0,0,78,78,112,112,112,130,0,38,52,79,106,106,106],"floor_reached":44,"language":"KOR","playtime":1966,"items_purged":["Strike_R"],"score":1030,"play_id":"cdafc4cc-c867-4532-90a2-3ac836ebeb5d","local_time":"20210220001731","is_ascension_mode":true,"campfire_choices":[{"data":"Carnage","floor":7.0,"key":"SMITH"},{"floor":11.0,"key":"REST"},{"data":"Entrench","floor":15.0,"key":"SMITH"},{"data":"Body Slam","floor":23.0,"key":"SMITH"},{"data":"Dark Embrace","floor":25.0,"key":"SMITH"},{"data":"Flame Barrier","floor":28.0,"key":"SMITH"},{"data":"Entrench","floor":32,"key":"SMITH"}],"circlet_count":0,"master_deck":["AscendersBane","Strike_R","Defend_R","Defend_R","Defend_R","Defend_R","Bash","Panacea+1","Headbutt","Metallicize","Carnage+1","Fiend Fire","Pommel Strike","Entrench+1","Flame Barrier+1","Dark Embrace+1","Immolate","Body Slam+1","Power Through+1","Entrench+1","Madness","Madness","Battle Trance","Burning Pact+1"],"relics":["Burning Blood","White Beast Statue","Calipers","FossilizedHelix","Bronze Scales","Lizard Tail","SacredBark","Boot","Mango","Pantograph","Blood Vial","StoneCalendar","Fusion Hammer","Red Mask","CeramicFish"],"acts_visited":["Exordium","TheCity","TheBeyond"],"potions_floor_usage":[33,35,40,42,42],"damage_taken":[{"damage":6.0,"enemies":"Cultist","floor":1.0,"turns":3.0},{"damage":9.0,"enemies":"2 Louse","floor":3.0,"turns":3.0},{"damage":0.0,"enemies":"Small Slimes","floor":4.0,"turns":3.0},{"damage":27.0,"enemies":"3 Sentries","floor":6.0,"turns":10.0},{"damage":13.0,"enemies":"Looter","floor":8.0,"turns":4.0},{"damage":28.0,"enemies":"Gremlin Nob","floor":10.0,"turns":4.0},{"damage":12.0,"enemies":"Lagavulin","floor":12.0,"turns":4.0},{"damage":5.0,"enemies":"Gremlin Nob","floor":14.0,"turns":4.0},{"damage":22.0,"enemies":"The Guardian","floor":16.0,"turns":16.0},{"damage":0.0,"enemies":"Spheric Guardian","floor":18.0,"turns":3.0},{"damage":10.0,"enemies":"Shell Parasite","floor":19.0,"turns":6.0},{"damage":15.0,"enemies":"Snecko","floor":22.0,"turns":5.0},{"damage":33.0,"enemies":"Slavers","floor":24.0,"turns":5.0},{"damage":0.0,"enemies":"Book of Stabbing","floor":27.0,"turns":4.0},{"damage":46.0,"enemies":"Slavers","floor":29.0,"turns":5.0},{"damage":9.0,"enemies":"Centurion and Healer","floor":30.0,"turns":7.0},{"damage":60,"enemies":"Collector","floor":33,"turns":15},{"damage":0,"enemies":"3 Shapes","floor":35,"turns":7},{"damage":0,"enemies":"Orb Walker","floor":38,"turns":3},{"damage":83,"enemies":"Reptomancer","floor":40,"turns":7},{"damage":0,"enemies":"Sphere and 2 Shapes","floor":41,"turns":6},{"damage":9,"enemies":"3 Darklings","floor":42,"turns":4},{"damage":77,"enemies":"Giant Head","floor":44,"turns":9}],"seed_played":"1856913414100819546","potions_obtained":[{"floor":3.0,"key":"AttackPotion"},{"floor":8.0,"key":"Fruit Juice"},{"floor":10.0,"key":"AttackPotion"},{"floor":12.0,"key":"Fruit Juice"},{"floor":14.0,"key":"DistilledChaos"},{"floor":16.0,"key":"SteroidPotion"},{"floor":18.0,"key":"BlessingOfTheForge"},{"floor":19.0,"key":"PowerPotion"},{"floor":22.0,"key":"ElixirPotion"},{"floor":24.0,"key":"Block Potion"},{"floor":27.0,"key":"PowerPotion"},{"floor":29.0,"key":"Weak Potion"},{"floor":30.0,"key":"ColorlessPotion"},{"floor":33,"key":"FearPotion"},{"floor":35,"key":"Fire Potion"},{"floor":38,"key":"Strength Potion"},{"floor":40,"key":"Swift Potion"},{"floor":41,"key":"BloodPotion"},{"floor":42,"key":"FearPotion"}],"is_trial":false,"path_per_floor":["M","?","M","M","?","E","R","M","T","E","R","E","$","E","R","B",null,"M","M","?","?","M","R","E","R","T","E","R","E","M","?","R","B",null,"M","?","?","M","?","E","M","M","T","E"],"character_chosen":"IRONCLAD","items_purchased":["Flame Barrier","Dark Embrace"],"campfire_rested":1,"item_purchase_floors":[13,13],"current_hp_per_floor":[68,68,65,71,71,50,50,43,43,21,50,44,44,45,45,29,67,73,79,79,79,70,70,57,57,57,63,63,25,24,24,24,53,91,99,80,80,88,88,13,21,61,61,0,0],"gold":106,"neow_bonus":"RANDOM_COLORLESS","is_daily":false,"chose_seed":false,"campfire_upgraded":6,"win_rate":0.0,"timestamp":1613747851,"path_taken":["M","?","M","?","?","E","R","M","T","E","R","E","$","E","R","BOSS","M","M","?","?","M","R","E","R","T","E","R","E","M","?","R","BOSS","M","?","?","M","?","E","M","M","T","E"],"items_purchased_type":["Card","Card"],"build_version":"2020-12-22","purchased_purges":1,"victory":false,"max_hp_per_floor":[75,75,75,75,75,75,75,75,75,75,80,80,80,80,80,80,80,80,90,90,90,90,90,104,104,104,104,104,104,104,104,104,104,104,104,104,104,104,104,104,104,104,104,104,104],"relic_stats":{"Blood Vial":18,"Lizard Tail":52,"counters":[23,137],"Bronze Scales":[300],"Pantograph":25,"CeramicFish":18,"StoneCalendar":[126],"Boot":[3],"obtain_stats":[{"Calipers":9,"SacredBark":17,"CeramicFish":40,"Mango":24,"StoneCalendar":29,"Boot":21,"Burning Blood":0,"White Beast Statue":6,"Blood Vial":27,"Lizard Tail":14,"Bronze Scales":12,"Pantograph":26,"Fusion Hammer":34,"Red Mask":39,"FossilizedHelix":10},{"Calipers":5,"SacredBark":9,"CeramicFish":20,"Mango":13,"StoneCalendar":15,"Boot":11,"Burning Blood":0,"White Beast Statue":4,"Blood Vial":14,"Lizard Tail":8,"Bronze Scales":7,"Pantograph":13,"Fusion Hammer":17,"Red Mask":19,"FossilizedHelix":6},{"Calipers":23,"SacredBark":51,"CeramicFish":118,"Mango":70,"StoneCalendar":79,"Boot":60,"Burning Blood":0,"White Beast Statue":19,"Blood Vial":74,"Lizard Tail":35,"Bronze Scales":31,"Pantograph":70,"Fusion Hammer":101,"Red Mask":111,"FossilizedHelix":27}],"Burning Blood":132},"card_choices":[{"not_picked":["Good Instincts","Dark Shackles"],"picked":"Panacea","floor":0.0},{"not_picked":["Wild Strike","Armaments"],"picked":"Headbutt","floor":1.0},{"not_picked":["Clash","Dark Embrace"],"picked":"Metallicize","floor":3.0},{"not_picked":["Battle Trance","Combust"],"picked":"Carnage","floor":4.0},{"not_picked":["Body Slam","Dual Wield"],"picked":"Fiend Fire","floor":6.0},{"not_picked":["Perfected Strike","True Grit","Flex"],"picked":"SKIP","floor":8.0},{"not_picked":["Limit Break","Iron Wave"],"picked":"Pommel Strike","floor":10.0},{"not_picked":["Rampage","Disarm"],"picked":"Entrench","floor":12.0},{"not_picked":["Rage","Pommel Strike","Dropkick"],"picked":"SKIP","floor":14.0},{"not_picked":["Bludgeon","Limit Break"],"picked":"Immolate","floor":16.0},{"not_picked":["Clothesline","Metallicize"],"picked":"Body Slam","floor":18.0},{"not_picked":["Armaments","Pommel Strike","Havoc"],"picked":"SKIP","floor":19.0},{"not_picked":["Cleave","Body Slam","Clothesline+1"],"picked":"SKIP","floor":22.0},{"not_picked":["Fire Breathing","Intimidate"],"picked":"Power Through+1","floor":24.0},{"not_picked":["Heavy Blade","Iron Wave","Cleave"],"picked":"SKIP","floor":27.0},{"not_picked":["Heavy Blade","Iron Wave","Cleave"],"picked":"SKIP","floor":27.0},{"not_picked":["Heavy Blade","Iron Wave","Cleave"],"picked":"SKIP","floor":27.0},{"not_picked":["Thunderclap","Armaments","Exhume"],"picked":"SKIP","floor":29.0},{"not_picked":["Sword Boomerang+1","Twin Strike+1"],"picked":"Entrench","floor":30.0},{"not_picked":["Anger","Disarm","Armaments"],"picked":"SKIP","floor":35},{"not_picked":["Clothesline","Cleave","Fire Breathing"],"picked":"SKIP","floor":38},{"not_picked":["Clothesline","Cleave","Fire Breathing"],"picked":"SKIP","floor":38},{"not_picked":["Clothesline","Cleave","Fire Breathing"],"picked":"SKIP","floor":38},{"not_picked":["Seeing Red","Flex"],"picked":"Battle Trance","floor":40},{"not_picked":["Fire Breathing","Armaments","Perfected Strike"],"picked":"SKIP","floor":41},{"not_picked":["Armaments","Shockwave"],"picked":"Burning Pact+1","floor":42}],"player_experience":1259801,"relics_obtained":[{"floor":6.0,"key":"White Beast Statue"},{"floor":9.0,"key":"Calipers"},{"floor":10.0,"key":"FossilizedHelix"},{"floor":12.0,"key":"Bronze Scales"},{"floor":14.0,"key":"Lizard Tail"},{"floor":24.0,"key":"Mango"},{"floor":26.0,"key":"Pantograph"},{"floor":27.0,"key":"Blood Vial"},{"floor":29.0,"key":"StoneCalendar"},{"floor":40,"key":"CeramicFish"}],"event_choices":[{"damage_healed":0.0,"max_hp_gain":0.0,"max_hp_loss":0.0,"gold_gain":0.0,"event_name":"Accursed Blacksmith","player_choice":"Forge","floor":2.0,"gold_loss":0.0,"damage_taken":0.0,"cards_upgraded":["Panacea"]},{"cards_removed":["Strike_R"],"damage_healed":0.0,"max_hp_gain":0.0,"max_hp_loss":0.0,"gold_gain":0.0,"event_name":"Living Wall","player_choice":"Forget","floor":5.0,"gold_loss":0.0,"damage_taken":0.0},{"cards_removed":["Strike_R"],"damage_healed":0.0,"max_hp_gain":0.0,"max_hp_loss":0.0,"gold_gain":0.0,"event_name":"Back to Basics","player_choice":"Elegance","floor":20.0,"gold_loss":0.0,"damage_taken":0.0},{"damage_healed":0.0,"max_hp_gain":0.0,"max_hp_loss":0.0,"gold_gain":0.0,"event_name":"Addict","player_choice":"Obtained Relic","floor":21.0,"gold_loss":85.0,"damage_taken":0.0,"relics_obtained":["Boot"]},{"damage_healed":0,"gold_gain":0,"player_choice":"Paid Fearfully","damage_taken":0,"max_hp_gain":0,"max_hp_loss":0,"event_name":"Masked Bandits","floor":31,"gold_loss":214},{"damage_healed":0,"gold_gain":0,"player_choice":"Embrace Madness","damage_taken":19,"max_hp_gain":0,"max_hp_loss":0,"event_name":"Winding Halls","floor":36,"gold_loss":0,"cards_obtained":["Madness","Madness"]},{"cards_removed":["Strike_R"],"damage_healed":0,"gold_gain":0,"player_choice":"Removed Attack","damage_taken":0,"max_hp_gain":0,"max_hp_loss":0,"event_name":"Falling","floor":37,"gold_loss":0},{"damage_healed":0,"gold_gain":0,"player_choice":"Paid","damage_taken":0,"relics_obtained":["Red Mask"],"max_hp_gain":0,"max_hp_loss":0,"event_name":"Tomb of Lord Red Mask","floor":39,"gold_loss":130}],"is_beta":false,"boss_relics":[{"not_picked":["Coffee Dripper","Black Blood"],"picked":"SacredBark"},{"not_picked":["Velvet Choker","Snecko Eye"],"picked":"Fusion Hammer"}],"items_purged_floors":[13],"is_endless":false,"potions_floor_spawned":[3,8,10,12,14,16,18,19,22,24,27,29,30,33,35,38,40,41,42],"killed_by":"Giant Head","ascension_level":15}}