{"host":"1focbxb2e8qu7ccd","time":1613769330,"event":{"mods":["AchievementEnabler","BaseMod","Bestiary","Highlight Path","Minty Spire (QoL Compilation)","Relic Stats"],"gold_per_floor":[18,38,38,50,50,50,76,76,99,99,128,30,50,15,15,93,93,111,111,121,140,151,151,161,172,226,243,243,261,287,287,287],"floor_reached":31,"language":"ENG","playtime":1783,"items_purged":[],"score":538,"play_id":"35f97f57-ccbf-44f5-adb9-346b2d752828","local_time":"20210219161530","is_ascension_mode":true,"campfire_choices":[{"data":"Crippling Poison","floor":6.0,"key":"SMITH"},{"data":"Catalyst","floor":10.0,"key":"SMITH"},{"data":"Bouncing Flask","floor":15,"key":"SMITH"},{"floor":23,"key":"REST"},{"floor":28,"key":"REST"}],"circlet_count":0,"master_deck":["AscendersBane","Strike_G","Strike_G","Strike_G","Defend_G","Defend_G","Defend_G","Defend_G","Survivor","Neutralize","Quick Slash","Crippling Poison+1","Bane","Infinite Blades","Catalyst+1","Leg Sweep","Footwork","Dodge and Roll","Bouncing Flask+1","Corpse Explosion","Noxious Fumes","PiercingWail","Well Laid Plans","Catalyst"],"relics":["Ring of the Snake","PreservedInsect","Oddly Smooth Stone","Omamori","Sozu","MealTicket"],"acts_visited":["Exordium","TheCity"],"potions_floor_usage":[21],"damage_taken":[{"damage":0.0,"enemies":"2 Louse","floor":1.0,"turns":4.0},{"damage":2.0,"enemies":"Jaw Worm","floor":2.0,"turns":6.0},{"damage":1.0,"enemies":"Small Slimes","floor":4.0,"turns":4.0},{"damage":12.0,"enemies":"Lagavulin","floor":7.0,"turns":5.0},{"damage":18,"enemies":"3 Sentries","floor":11,"turns":8},{"damage":9,"enemies":"3 Louse","floor":13,"turns":2},{"damage":13,"enemies":"The Guardian","floor":16,"turns":10},{"damage":7,"enemies":"Chosen","floor":18,"turns":4},{"damage":10,"enemies":"Spheric Guardian","floor":20,"turns":4},{"damage":8,"enemies":"Chosen and Byrds","floor":21,"turns":5},{"damage":4,"enemies":"Shelled Parasite and Fungi","floor":22,"turns":4},{"damage":13,"enemies":"Snake Plant","floor":24,"turns":3},{"damage":8,"enemies":"Centurion and Healer","floor":25,"turns":5},{"damage":20,"enemies":"Snecko","floor":27,"turns":6},{"damage":12,"enemies":"Snake Plant","floor":29,"turns":3},{"damage":15,"enemies":"Gremlin Leader","floor":30,"turns":3},{"damage":9,"enemies":"Chosen and Byrds","floor":31,"turns":2}],"seed_played":"4813663606231695866","potions_obtained":[{"floor":1.0,"key":"Poison Potion"},{"floor":2.0,"key":"Ancient Potion"},{"floor":7.0,"key":"SmokeBomb"},{"floor":16,"key":"Explosive Potion"}],"is_trial":false,"path_per_floor":["M","M","?","M","?","R","E","?","T","R","E","$","M","?","R","B",null,"M","?","M","M","M","R","M","M","T","M","R","M","E","M"],"character_chosen":"THE_SILENT","items_purchased":["Footwork","Dodge and Roll"],"campfire_rested":2,"item_purchase_floors":[12,12],"current_hp_per_floor":[59,57,57,56,56,56,44,49,49,49,31,31,22,39,39,26,60,53,49,39,31,27,48,35,27,27,7,28,16,1,0,0],"gold":287,"neow_bonus":"REMOVE_TWO","is_daily":false,"chose_seed":false,"campfire_upgraded":3,"win_rate":0.0,"timestamp":1613769330,"path_taken":["M","M","?","M","?","R","E","?","T","R","E","$","M","?","R","BOSS","M","?","M","M","M","R","?","?","T","M","R","?","E","M"],"items_purchased_type":["Card","Card"],"build_version":"2020-12-22","purchased_purges":0,"victory":false,"max_hp_per_floor":[66,66,66,66,66,66,66,71,71,71,71,71,71,71,71,71,71,71,71,71,71,71,71,71,71,71,71,71,71,71,71,71],"relic_stats":{"Sozu":4,"counters":[17,78],"MealTicket":0,"PreservedInsect":80,"obtain_stats":[{"Sozu":17,"Oddly Smooth Stone":9,"MealTicket":30,"PreservedInsect":7,"Omamori":11,"Ring of the Snake":0},{"Sozu":7,"Oddly Smooth Stone":4,"MealTicket":16,"PreservedInsect":4,"Omamori":5,"Ring of the Snake":0},{"Sozu":39,"Oddly Smooth Stone":19,"MealTicket":76,"PreservedInsect":19,"Omamori":27,"Ring of the Snake":0}],"Ring of the Snake":[34]},"card_choices":[{"not_picked":["Riddle With Holes","Concentrate"],"picked":"Quick Slash","floor":1.0},{"not_picked":["Quick Slash","Calculated Gamble"],"picked":"Crippling Poison","floor":2.0},{"not_picked":["Setup","Dagger Throw"],"picked":"Bane","floor":4.0},{"not_picked":["Escape Plan","Acrobatics"],"picked":"Catalyst","floor":7.0},{"not_picked":["Flying Knee","Bane"],"picked":"Leg Sweep","floor":11},{"not_picked":["Expertise","Dodge and Roll"],"picked":"Bouncing Flask","floor":13},{"not_picked":["Burst","A Thousand Cuts"],"picked":"Corpse Explosion","floor":16},{"not_picked":["Quick Slash","Prepared"],"picked":"Noxious Fumes","floor":18},{"not_picked":["Dagger Spray","Choke","Bane"],"picked":"SKIP","floor":20},{"not_picked":["Accuracy","Choke","Flechettes"],"picked":"SKIP","floor":21},{"not_picked":["Flying Knee","Backstab","Sucker Punch"],"picked":"SKIP","floor":22},{"not_picked":["Bane","Finisher"],"picked":"PiercingWail","floor":24},{"not_picked":["Flechettes","Bullet Time"],"picked":"Well Laid Plans","floor":25},{"not_picked":["Eviscerate","Outmaneuver"],"picked":"Catalyst","floor":27},{"not_picked":["Accuracy","All Out Attack","Poisoned Stab"],"picked":"SKIP","floor":29},{"not_picked":["Slice","Bane+1","Expertise"],"picked":"SKIP","floor":30}],"player_experience":1026875,"relics_obtained":[{"floor":7.0,"key":"PreservedInsect"},{"floor":9.0,"key":"Oddly Smooth Stone"},{"floor":11,"key":"Omamori"},{"floor":30,"key":"MealTicket"}],"event_choices":[{"damage_healed":0.0,"max_hp_gain":0.0,"max_hp_loss":0.0,"gold_gain":0.0,"event_name":"Liars Game","player_choice":"Ignored","floor":3.0,"gold_loss":0.0,"damage_taken":0.0},{"damage_healed":0.0,"max_hp_gain":0.0,"max_hp_loss":0.0,"gold_gain":0.0,"cards_transformed":["Strike_G"],"event_name":"Living Wall","player_choice":"Change","floor":5.0,"gold_loss":0.0,"damage_taken":0.0,"cards_obtained":["Infinite Blades"]},{"damage_healed":0.0,"max_hp_gain":5.0,"max_hp_loss":0.0,"gold_gain":0.0,"event_name":"Big Fish","player_choice":"Donut","floor":8.0,"gold_loss":0.0,"damage_taken":0.0},{"damage_healed":17,"gold_gain":0,"player_choice":"Healed","damage_taken":0,"max_hp_gain":0,"max_hp_loss":0,"event_name":"The Cleric","floor":14,"gold_loss":35},{"damage_healed":0,"gold_gain":0,"player_choice":"Bought 0 Potions","damage_taken":0,"max_hp_gain":0,"max_hp_loss":0,"event_name":"The Woman in Blue","floor":19,"gold_loss":0}],"is_beta":false,"boss_relics":[{"not_picked":["Calling Bell","Philosopher\u0027s Stone"],"picked":"Sozu"}],"items_purged_floors":[],"is_endless":false,"potions_floor_spawned":[1,2,7,11,16,20,21,25,27,29],"killed_by":"Chosen and Byrds","ascension_level":20}}