{"host":"dd8lqbxt1rnwhzth","time":1613701718,"event":{"mods":["BaseMod","Beaked The Cultist","BetterRewards","Colored Map","Conspire","DeckTracker","Hermit","Highlight Path","Hubris","Infinite Spire","Jorbs\u0027s Wanderer Trilogy","Marisa????????","Minty Spire (QoL Compilation)","Rare Cards Sparkle","Replay The Spire","Shop Mod","StSLib","SuperFastMode","Synergy Search","The Bladedancer","The Construct","The Cursed","The Disciple","The Elementalist","The Forsaken","The Hierophant","The IronCluck","The Judge","The Jungle","The Mystic","The Necromancer","The Runesmith","The Servant 0.9.4","The Valiant","The Wild Card","TheBandit","egg","slay the spire mod where everything is the same but ironclad has a cowboy hat"],"gold_per_floor":[113,132,132,132,62,89,89,124,124,124,154,172,22,55,55,154,154,172,172,172,172,97,97,97,97,97,97,97,97,97,97,97,97,97,97,97,97,97,97,97,97,97,97,97,97,97,97,97,97,97,97,97,97,90,81,64,64,45,30,15,15,15,2,2,0,0,0,0,0,0,0,0,0,0,0,0,0,0,0,0,0,0,0,0,0,0,0,0,0,0,0,0,0,0,0,0],"floor_reached":103,"language":"ENG","playtime":9598,"items_purged":["conspire:GhostlyStrike","conspire:GhostlyDefend","conspire:GhostlyDefend"],"score":2619,"play_id":"e20fdea2-f4cb-4471-8f02-b546ae150e95","local_time":"20210218225838","is_ascension_mode":true,"campfire_choices":[{"data":"theWildCard:ArchaicAssault","floor":7.0,"key":"SMITH"},{"floor":10.0,"key":"REST"},{"data":"theWildCard:PowerOfTheArcana","floor":15.0,"key":"SMITH"},{"data":"infinitespire:Collect","floor":23.0,"key":"SMITH"},{"data":"infinitespire:Fortify","floor":34.0,"key":"SMITH"},{"data":"theWildCard:Arsene","floor":42.0,"key":"SMITH"},{"data":"theWildCard:Unburden","floor":46.0,"key":"SMITH"},{"data":"theWildCard:ArcaneArts","floor":51.0,"key":"SMITH"},{"data":"theWildCard:TheArcanaUnleashed","floor":61.0,"key":"SMITH"},{"data":"theWildCard:SeveringSlash","floor":64.0,"key":"SMITH"},{"data":"theWildCard:CallToAdventure","floor":66.0,"key":"SMITH"},{"data":"theWildCard:BladeOfGenerations","floor":68.0,"key":"SMITH"},{"data":"theWildCard:Lucifer","floor":80,"key":"SMITH"},{"floor":85,"key":"DIG"},{"floor":98,"key":"RECALL"},{"data":"conspire:GhostlyDefend","floor":102,"key":"SMITH"}],"circlet_count":0,"master_deck":["conspire:GhostlyStrike+1","conspire:GhostlyDefend+1","theWildCard:CallToAdventure+1","theWildCard:Arsene+1","theWildCard:Metatron","theWildCard:ArchaicAssault+1","theWildCard:PowerOfTheArcana+1","theWildCard:BladeOfGenerations+1","theWildCard:SeveringSlash+1","theWildCard:ArcaneArts+1","theWildCard:Unburden+1","theWildCard:Caesar","theWildCard:Patience+1","infinitespire:Collect+1","infinitespire:Fortify+1","theWildCard:StingingStrike+1","infinitespire:SealOfDarkness+","theWildCard:TheArcanaUnleashed+1","theWildCard:Lucifer+1","theWildCard:FinalHour+1"],"relics":["infinitespire:BottledMercury","Incense Burner","ReplayTheSpireMod:EnergyBall","hubris:BottledHeart","Ectoplasm","Regal Pillow","OrangePellets","Pocketwatch","hermit:RyeStalk","infinitespire:Satchel","theForsaken:HumbleEgg","Toolbox","infinitespire:Chaos","Mirror","Ice Cream","beaked:MawFillet","Question Card","construct:FoamFinger","hubris:SphereOfDissonance","Happy Flower","CaptainsWheel","Replay:Rubber Ducky","Dream Catcher","conspire:DeflatedDodgeball","Smiling Mask","infinitespire:CheckeredPen","hubris:Teleporter","Whetstone","elementalistmod:BlueRibbon","hubris:MedicalManual","Toxic Egg 2","Quantum Egg","Pen Nib","infinitespire:FocusingShard","infinitespire:PuzzleCube","Lantern","infinitespire:EvilPickle","Coffee Dripper","hubris:ToyBattleship","Meat on the Bone","Singing Bowl","MealTicket"],"acts_visited":["Exordium","TheCity","TheBeyond","Exordium","TheCity","TheBeyond"],"potions_floor_usage":[83],"damage_taken":[{"damage":0.0,"enemies":"Small Slimes","floor":1.0,"turns":2.0},{"damage":0.0,"enemies":"Jaw Worm","floor":2.0,"turns":4.0},{"damage":27.0,"enemies":"Lagavulin","floor":6.0,"turns":6.0},{"damage":9.0,"enemies":"Gremlin Nob","floor":8.0,"turns":3.0},{"damage":9.0,"enemies":"3 Sentries","floor":11.0,"turns":3.0},{"damage":1.0,"enemies":"Cultist","floor":12.0,"turns":3.0},{"damage":6.0,"enemies":"Gremlin Nob","floor":14.0,"turns":3.0},{"damage":13.0,"enemies":"Hexaghost","floor":16.0,"turns":5.0},{"damage":3.0,"enemies":"2 Thieves","floor":18.0,"turns":3.0},{"damage":0.0,"enemies":"Shell Parasite","floor":21.0,"turns":3.0},{"damage":0.0,"enemies":"Book of Stabbing","floor":25.0,"turns":7.0},{"damage":0.0,"enemies":"Sentry and Sphere","floor":27.0,"turns":6.0},{"damage":0.0,"enemies":"Snake Plant","floor":28.0,"turns":6.0},{"damage":0.0,"enemies":"Centurion and Healer","floor":29.0,"turns":2.0},{"damage":0.0,"enemies":"Nightmare","floor":32.0,"turns":5.0},{"damage":0.0,"enemies":"Shelled Parasite and Fungi","floor":33.0,"turns":5.0},{"damage":0.0,"enemies":"Automaton","floor":35.0,"turns":2.0},{"damage":0.0,"enemies":"3 Shapes","floor":37.0,"turns":2.0},{"damage":0.0,"enemies":"3 Darklings","floor":40.0,"turns":3.0},{"damage":0.0,"enemies":"Giant Head","floor":43.0,"turns":3.0},{"damage":0.0,"enemies":"Nemesis","floor":44.0,"turns":5.0},{"damage":0.0,"enemies":"Nightmare","floor":47.0,"turns":6.0},{"damage":0.0,"enemies":"4 Shapes","floor":48.0,"turns":2.0},{"damage":0.0,"enemies":"Sphere and 2 Shapes","floor":49.0,"turns":7.0},{"damage":0.0,"enemies":"Reptomancer","floor":50.0,"turns":2.0},{"damage":0.0,"enemies":"Replay:Hell Engine","floor":52.0,"turns":3.0},{"damage":0.0,"enemies":"Cultist","floor":54.0,"turns":2.0},{"damage":0.0,"enemies":"2 Louse","floor":55.0,"turns":1.0},{"damage":0.0,"enemies":"Small Slimes","floor":56.0,"turns":2.0},{"damage":0.0,"enemies":"Gremlin Nob","floor":58.0,"turns":2.0},{"damage":0.0,"enemies":"Lagavulin","floor":59.0,"turns":3.0},{"damage":0.0,"enemies":"3 Louse","floor":60.0,"turns":2.0},{"damage":0.0,"enemies":"3 Sentries","floor":63.0,"turns":2.0},{"damage":0.0,"enemies":"Gremlin Nob","floor":65.0,"turns":2.0},{"damage":0.0,"enemies":"Slime Boss","floor":69.0,"turns":2.0},{"damage":0,"enemies":"Chosen","floor":71,"turns":2},{"damage":0,"enemies":"conspire:MimicChest","floor":72,"turns":3},{"damage":0,"enemies":"Slavers","floor":75,"turns":1},{"damage":0,"enemies":"Book of Stabbing","floor":76,"turns":2},{"damage":0,"enemies":"Gremlin Leader","floor":78,"turns":2},{"damage":0,"enemies":"Slavers","floor":83,"turns":1},{"damage":0,"enemies":"Pondfish","floor":86,"turns":3},{"damage":0,"enemies":"3 Darklings","floor":88,"turns":1},{"damage":0,"enemies":"3 Shapes","floor":90,"turns":2},{"damage":0,"enemies":"Jaw Worm Horde","floor":92,"turns":1},{"damage":0,"enemies":"Nemesis","floor":94,"turns":3},{"damage":0,"enemies":"Reptomancer","floor":97,"turns":1},{"damage":0,"enemies":"Nemesis","floor":99,"turns":1},{"damage":0,"enemies":"Reptomancer","floor":101,"turns":2},{"damage":97,"enemies":"conspire:OrnateMirror","floor":103,"turns":1}],"seed_played":"8631865469641975594","potions_obtained":[{"floor":0.0,"key":"SkillPotion"},{"floor":0.0,"key":"Reflective Coating"},{"floor":0.0,"key":"Flashbang"},{"floor":1.0,"key":"Strength Potion"},{"floor":8.0,"key":"LiquidBronze"},{"floor":16.0,"key":"FearPotion"},{"floor":32.0,"key":"EntropicBrew"},{"floor":33.0,"key":"PowerPotion"},{"floor":37.0,"key":"Dexterity Potion"},{"floor":75,"key":"DuplicationPotion"},{"floor":83,"key":"ColorlessPotion"},{"floor":101,"key":"Adrenaline Potion"}],"is_trial":false,"path_per_floor":["M","M","?","?","$","E","R","E","T","R","E","M","$","E","R","B",null,"M","?","AVR","M","?","R","?","E","T","M","M","M","PTL","PTL","NM","M","R","B",null,"M","AVR","?","M","$","R","E","E","T","R","NM","M","M","E","R","B",null,"M","M","M","?","E","E","M","R","T","E","R","E","R","R","B",null,"M","?","?","$","E","E","E","T","R","AVR","E","R_BF","B",null,"M","M","M","E","T","E","R","E","?","E","R","B"],"character_chosen":"THE_WILD_CARD","items_purchased":["theWildCard:PowerOfTheArcana","Membership Card"],"campfire_rested":1,"item_purchase_floors":[5,13],"current_hp_per_floor":[60,60,60,60,60,33,33,38,38,60,51,50,50,44,44,31,63,60,42,1,1,1,1,1,1,1,1,1,1,1,1,1,1,1,1,1,1,1,1,1,1,1,1,1,1,1,1,1,1,1,1,1,1,1,1,1,1,1,1,1,1,1,1,1,1,1,1,1,1,1,1,1,1,1,1,1,1,1,1,1,1,1,1,1,1,1,1,1,1,1,1,1,1,1,0,0],"gold":0,"neow_bonus":"THREE_SMALL_POTIONS","is_daily":false,"chose_seed":false,"campfire_upgraded":13,"win_rate":0.0,"timestamp":1613701718,"path_taken":["M","M","?","?","$","E","R","E","T","R","E","M","$","E","R","BOSS","M","?","AVR","M","?","R","?","E","T","M","M","M","PTL","PTL","NM","M","R","BOSS","M","AVR","?","?","?","R","E","E","T","R","NM","M","M","E","R","BOSS","M","M","M","?","E","E","M","R","T","E","R","E","R","R","BOSS","BOSS","M","?","?","?","E","E","E","T","R","AVR","E","R_BF","BOSS","M","M","M","E","T","E","R","E","?","E","R","BOSS"],"items_purchased_type":["Card","Relic"],"build_version":"2020-12-22","purchased_purges":3,"victory":false,"max_hp_per_floor":[60,60,60,60,60,60,60,74,74,74,74,74,74,74,74,74,74,74,74,1,1,1,1,1,1,1,1,1,1,1,1,1,1,1,1,1,1,1,1,1,1,1,1,1,1,1,1,1,1,1,1,1,1,1,1,1,1,1,1,1,1,1,1,1,1,1,1,1,1,1,1,1,1,1,1,1,1,1,1,1,1,1,1,1,1,1,1,1,1,1,1,1,1,1,1,1],"card_choices":[{"not_picked":["theWildCard:PowerOfTheArcana","theWildCard:ArchaicAssault"],"picked":"theWildCard:Metatron","floor":1.0},{"not_picked":["theWildCard:Loki","theWildCard:Michael"],"picked":"theWildCard:ArchaicAssault","floor":2.0},{"not_picked":["theWildCard:ArchaicAssault","theWildCard:Attunement","theWildCard:ArcaneArts"],"picked":"SKIP","floor":6.0},{"not_picked":["theWildCard:Providence","theWildCard:Polydeuces"],"picked":"theWildCard:BladeOfGenerations","floor":8.0},{"not_picked":["theWildCard:BladeOfGenerations","theWildCard:Satanael"],"picked":"theWildCard:SeveringSlash","floor":11.0},{"not_picked":["theWildCard:MagicalMight","theWildCard:StalwartBlade"],"picked":"theWildCard:ArcaneArts","floor":12.0},{"not_picked":["theWildCard:Sakuya","theWildCard:EnergizedStroke"],"picked":"theWildCard:Unburden","floor":14.0},{"not_picked":["theWildCard:Deicide","theWildCard:Overwhelm"],"picked":"theWildCard:Caesar","floor":16.0},{"not_picked":["theWildCard:SeveringSlash","theWildCard:Sakuya"],"picked":"theWildCard:Patience+1","floor":18.0},{"not_picked":["hubris:Fate","infinitespire:FinalStrike"],"picked":"infinitespire:Collect","floor":19.0},{"not_picked":["theWildCard:Proficiency+1","theWildCard:CryOfAgony","theWildCard:Salvation"],"picked":"SKIP","floor":21.0},{"not_picked":["theWildCard:Unburden+1","theWildCard:ArcaneArts+1","theWildCard:PaleRider+1"],"picked":"SKIP","floor":25.0},{"not_picked":["theWildCard:Unburden+1","theWildCard:ArcaneArts+1","theWildCard:PaleRider+1"],"picked":"SKIP","floor":25.0},{"not_picked":["theWildCard:Unburden+1","theWildCard:ArcaneArts+1","theWildCard:PaleRider+1"],"picked":"SKIP","floor":25.0},{"not_picked":["theWildCard:PowerOfTheArcana","theWildCard:Michael+1","theWildCard:ManOfManyFaces"],"picked":"SKIP","floor":27.0},{"not_picked":["theWildCard:Safeguard+1","theWildCard:Impatience","theWildCard:PaleRider+1"],"picked":"SKIP","floor":28.0},{"not_picked":["theWildCard:SeveringSlash+1","theWildCard:Proficiency+1"],"picked":"theWildCard:StingingStrike+1","floor":29.0},{"not_picked":["theWildCard:Metatron","theWildCard:CryOfAgony","theWildCard:ArcaneArts+1"],"picked":"SKIP","floor":32.0},{"not_picked":["theWildCard:SacrificialStroke+1","theWildCard:Sakuya+1","theWildCard:Loki"],"picked":"SKIP","floor":33.0},{"not_picked":["theWildCard:EnergizedStroke+1","theWildCard:StingingStrike+1","theWildCard:MagicalMight+1"],"picked":"SKIP","floor":37.0},{"not_picked":["theWildCard:EnergizedStroke+1","theWildCard:StingingStrike+1","theWildCard:MagicalMight+1"],"picked":"SKIP","floor":37.0},{"not_picked":["theWildCard:Michael+1","theWildCard:ArcaneArts+1","theWildCard:ManOfManyFaces","theWildCard:Unburden+1"],"picked":"SKIP","floor":40.0},{"not_picked":["theWildCard:MagicMettle","theWildCard:EnergizedStroke+1","theWildCard:Michael+1","theWildCard:Odin+1"],"picked":"SKIP","floor":43.0},{"not_picked":["theWildCard:Thanatos","theWildCard:Loki","theWildCard:StalwartBlade+1","theWildCard:CryOfAgony+1"],"picked":"SKIP","floor":44.0},{"not_picked":["theWildCard:ArchaicAssault+1","theWildCard:Loki+1","theWildCard:CryOfAgony","theWildCard:Caesar"],"picked":"SKIP","floor":47.0},{"not_picked":["theWildCard:SeveringSlash+1","theWildCard:IdentityTheft","theWildCard:Polydeuces+1","theWildCard:PaleRider+1"],"picked":"SKIP","floor":48.0},{"not_picked":["theWildCard:PaleRider+1","theWildCard:MaskChange+1","theWildCard:Polydeuces+1","theWildCard:SacrificialStroke+1"],"picked":"SKIP","floor":49.0},{"not_picked":["theWildCard:EnergizedStroke+1","theWildCard:Salvation+1","theWildCard:ArchaicAssault","theWildCard:PaleRider+1"],"picked":"SKIP","floor":50.0},{"not_picked":["theWildCard:Ruination","theWildCard:Deicide","theWildCard:TheUniverse"],"picked":"theWildCard:TheArcanaUnleashed","floor":52.0},{"not_picked":["theWildCard:Proficiency+1","theWildCard:MaskChange+1","theWildCard:Sakuya+1","theWildCard:Attunement"],"picked":"SKIP","floor":54.0},{"not_picked":["theWildCard:Patience+1","theWildCard:EnergyTheft","theWildCard:StingingStrike+1","theWildCard:SeveringSlash+1"],"picked":"SKIP","floor":55.0},{"not_picked":["theWildCard:Patience+1","theWildCard:EnergyTheft","theWildCard:StingingStrike+1","theWildCard:SeveringSlash+1"],"picked":"SKIP","floor":55.0},{"not_picked":["theWildCard:Unburden+1","theWildCard:Metatron","theWildCard:SacrificialStroke+1","theWildCard:MagicMettle"],"picked":"SKIP","floor":56.0},{"not_picked":["theWildCard:Unburden+1","theWildCard:Metatron","theWildCard:SacrificialStroke+1","theWildCard:MagicMettle"],"picked":"SKIP","floor":56.0},{"not_picked":["theWildCard:Caesar","theWildCard:Providence","theWildCard:ArcaneArts+1","theWildCard:Loki"],"picked":"SKIP","floor":58.0},{"not_picked":["theWildCard:MagicalMight","theWildCard:Providence","theWildCard:ShieldOfMany","theWildCard:Safeguard"],"picked":"SKIP","floor":59.0},{"not_picked":["theWildCard:Michael+1","theWildCard:Unburden+1","theWildCard:StingingStrike+1","theWildCard:Sakuya+1"],"picked":"SKIP","floor":60.0},{"not_picked":["theWildCard:ArcaneArts+1","theWildCard:StingingStrike+1","theWildCard:Proficiency+1","theWildCard:SacrificialStroke+1"],"picked":"SKIP","floor":63.0},{"not_picked":["theWildCard:Proficiency+1","theWildCard:MagicMettle","theWildCard:MaskChange+1","theWildCard:Metatron"],"picked":"SKIP","floor":65.0},{"not_picked":["theWildCard:Caesar","theWildCard:Deicide","theWildCard:TheUniverse"],"picked":"theWildCard:Lucifer","floor":69},{"not_picked":["theWildCard:Polydeuces+1","theWildCard:ShieldOfMany","theWildCard:ArcanaArtistry","theWildCard:Sakuya+1"],"picked":"SKIP","floor":71},{"not_picked":["theWildCard:StingingStrike+1","theWildCard:Alice+1","theWildCard:SeveringSlash+1","theWildCard:Desolation"],"picked":"SKIP","floor":75},{"not_picked":["theWildCard:SacrificialStroke+1","theWildCard:ArchaicAssault+1","theWildCard:EnergizedStroke+1","theWildCard:Providence"],"picked":"SKIP","floor":76},{"not_picked":["theWildCard:ArchaicAssault","theWildCard:EnergizedStroke+1","theWildCard:Unburden+1","theWildCard:UnderLockAndKey+1"],"picked":"SKIP","floor":78},{"not_picked":["theWildCard:ArcaneArts+1","theWildCard:MaskChange+1","theWildCard:Proficiency+1","theWildCard:PaleRider+1"],"picked":"SKIP","floor":83},{"not_picked":["theWildCard:ChangingDestiny+1","theWildCard:Thanatos+1","theWildCard:TheUniverse"],"picked":"theWildCard:FinalHour+1","floor":86},{"not_picked":["theWildCard:Impatience+1","theWildCard:Unburden+1","theWildCard:SeveringSlash+1","theWildCard:BladeOfGenerations+1"],"picked":"SKIP","floor":88},{"not_picked":["theWildCard:Proficiency+1","theWildCard:Abstinence","theWildCard:Sakuya+1","theWildCard:ArcaneArts+1"],"picked":"SKIP","floor":90},{"not_picked":["theWildCard:ArcanaArtistry+1","theWildCard:Michael+1","theWildCard:Sakuya+1","theWildCard:Safeguard+1"],"picked":"SKIP","floor":92},{"not_picked":["theWildCard:ArcanaArtistry+1","theWildCard:Michael+1","theWildCard:Sakuya+1","theWildCard:Safeguard+1"],"picked":"SKIP","floor":92},{"not_picked":["theWildCard:SeveringSlash+1","theWildCard:Sakuya+1","theWildCard:Unburden+1","theWildCard:ShieldOfMany+1"],"picked":"SKIP","floor":94},{"not_picked":["theWildCard:StingingStrike+1","theWildCard:MaskChange+1","theWildCard:Safeguard+1","theWildCard:CryOfAgony+1"],"picked":"SKIP","floor":97},{"not_picked":["theWildCard:StingingStrike+1","theWildCard:Loki+1","theWildCard:Metatron+1","theWildCard:Scathach+1"],"picked":"Singing Bowl","floor":99},{"not_picked":["ReplayTheSpireMod:Trickstab","Flash of Steel","Replay:Bootleg Shield Generator+1","ReplayUltimateDefense"],"picked":"Singing Bowl","floor":100},{"not_picked":["theWildCard:TheArcanaUnleashed","theWildCard:BladeOfGenerations+1","theWildCard:SeveringSlash+1","theWildCard:MasterPlan+1"],"picked":"Singing Bowl","floor":101}],"player_experience":446406,"relics_obtained":[{"floor":6.0,"key":"hubris:SlimyHat"},{"floor":8.0,"key":"Mango"},{"floor":9.0,"key":"infinitespire:FocusingShard"},{"floor":11.0,"key":"hubris:GlazedTorus"},{"floor":14.0,"key":"Akabeko"},{"floor":25.0,"key":"Mirror"},{"floor":32.0,"key":"Ice Cream"},{"floor":43.0,"key":"construct:FoamFinger"},{"floor":44.0,"key":"hubris:SphereOfDissonance"},{"floor":45.0,"key":"Happy Flower"},{"floor":47.0,"key":"CaptainsWheel"},{"floor":50.0,"key":"Replay:Rubber Ducky"},{"floor":58.0,"key":"Dream Catcher"},{"floor":59.0,"key":"conspire:DeflatedDodgeball"},{"floor":62.0,"key":"Smiling Mask"},{"floor":63.0,"key":"infinitespire:CheckeredPen"},{"floor":65.0,"key":"hubris:Teleporter"},{"floor":72,"key":"Whetstone"},{"floor":75,"key":"hubris:MedicalManual"},{"floor":76,"key":"Toxic Egg 2"},{"floor":78,"key":"Quantum Egg"},{"floor":79,"key":"Pen Nib"},{"floor":83,"key":"infinitespire:PuzzleCube"},{"floor":85,"key":"Lantern"},{"floor":96,"key":"hubris:ToyBattleship"},{"floor":97,"key":"Meat on the Bone"},{"floor":99,"key":"Singing Bowl"},{"floor":101,"key":"MealTicket"}],"event_choices":[{"damage_healed":0.0,"max_hp_gain":0.0,"max_hp_loss":0.0,"gold_gain":0.0,"event_name":"conspire:LoneGhost","player_choice":"Agree","floor":3.0,"gold_loss":0.0,"damage_taken":0.0},{"cards_removed":["conspire:GhostlyDefend"],"damage_healed":0.0,"max_hp_gain":0.0,"max_hp_loss":0.0,"gold_gain":0.0,"event_name":"WeMeetAgain","player_choice":"Gave Card","floor":4.0,"gold_loss":0.0,"damage_taken":0.0,"relics_obtained":["Darkstone Periapt"]},{"cards_removed":["conspire:GhostlyStrike"],"damage_healed":0.0,"max_hp_gain":0.0,"max_hp_loss":0.0,"gold_gain":0.0,"event_name":"Beggar","player_choice":"Gave Gold","floor":22.0,"gold_loss":75.0,"damage_taken":0.0},{"damage_healed":0.0,"max_hp_gain":0.0,"max_hp_loss":0.0,"gold_gain":0.0,"event_name":"Vampires","player_choice":"Ignored","floor":24.0,"gold_loss":0.0,"damage_taken":0.0},{"cards_removed":["conspire:GhostlyStrike"],"damage_healed":5.0,"max_hp_gain":0.0,"max_hp_loss":0.0,"gold_gain":0.0,"event_name":"Bonfire Elementals","player_choice":"Offered Special","floor":39.0,"gold_loss":0.0,"damage_taken":0.0},{"damage_healed":0,"gold_gain":0,"player_choice":"Memory 1","damage_taken":0,"max_hp_gain":0,"max_hp_loss":0,"event_name":"SensoryStone","floor":100,"gold_loss":0}],"is_beta":false,"boss_relics":[{"not_picked":["hubris:Backtick","Black Star"],"picked":"Replay:Grab Bag"},{"not_picked":["Replay:Fungal Core","Coffee Dripper"],"picked":"Philosopher\u0027s Stone"},{"not_picked":["conspire:SlowCooker","Replay:Bronze Core"],"picked":"hubris:TerracottaHorce"},{"not_picked":["Replay:Drink Me","hubris:HollowSoul"],"picked":"conspire:SpecialSausage"},{"not_picked":["Pandora\u0027s Box","Honey Jar"],"picked":"beaked:MawFillet"},{"not_picked":["Fusion Hammer","hubris:BlackHole","Runic Pyramid"]},{"not_picked":["Replay:Grab Bag","hubris:BlackHole","infinitespire:Cupcake"]},{"not_picked":["Painkiller Herb","construct:WeddingRing"],"picked":"Coffee Dripper"}],"items_purged_floors":[20,38,82],"is_endless":true,"potions_floor_spawned":[1,2,8,16,18,32,33,35,37,40,47,49,56,58,63,71,75,83,90,94,101],"killed_by":"conspire:OrnateMirror","ascension_level":1}}