{"host":"x8s7139x96bc3le0","time":1613768226,"event":{"mods":["AchievementEnabler","BaseMod","Bestiary","Minty Spire (QoL Compilation)","Relic Stats","ojb\u0027s Better Paths Mod","ojb\u0027s Info Mod"],"gold_per_floor":[367,367,42,62,74,101,119,119,419,452,452,35,35,47,47,150,150,161,176,3,3,3,3,32,49,49,76,8,8,35,46,46,148,148,168,186,241,261,261,288,288,63,63,63,113,113,140,159,159,159],"floor_reached":51,"language":"ENG","playtime":3560,"items_purged":["Strike_G","Strike_G","Strike_G","Strike_G"],"score":1464,"play_id":"2d8eef8e-1c75-49c4-84cc-95d5b363b3c1","local_time":"20210219215706","is_ascension_mode":true,"campfire_choices":[{"data":"Neutralize","floor":8.0,"key":"SMITH"},{"data":"Dagger Spray","floor":11.0,"key":"SMITH"},{"floor":13.0,"key":"REST"},{"data":"Quick Slash","floor":15.0,"key":"SMITH"},{"data":"After Image","floor":23,"key":"SMITH"},{"data":"Eviscerate","floor":29,"key":"SMITH"},{"floor":32,"key":"REST"},{"floor":41,"key":"RECALL"},{"data":"Caltrops","floor":44,"key":"SMITH"},{"data":"Flying Knee","floor":46,"key":"SMITH"},{"data":"Survivor","floor":49,"key":"SMITH"}],"circlet_count":0,"master_deck":["AscendersBane","Strike_G+1","Defend_G","Defend_G+1","Defend_G","Defend_G","Defend_G","Survivor+1","Neutralize+1","Eviscerate+1","Dagger Spray+1","Flying Knee+1","Quick Slash+1","Prepared+1","Blur+1","Blade Dance+1","Backflip+1","After Image+1","Backflip+1","Prepared+1","Blade Dance+1","Leg Sweep+1","Reflex+1","Underhanded Strike+1","Outmaneuver+1","Phantasmal Killer+1","Accuracy+1","Backstab+1","Dagger Throw+1","Finisher+1","Caltrops+1","Clumsy","Bullet Time+1","Tactician+1","Leg Sweep+1"],"relics":["Ring of the Snake","Toxic Egg 2","Paper Crane","Old Coin","Torii","Potion Belt","Lantern","WristBlade","Enchiridion","Art of War","Juzu Bracelet","Regal Pillow","Tough Bandages","Cursed Key","FossilizedHelix","Pen Nib","Incense Burner","TungstenRod","Ice Cream","Mummified Hand"],"acts_visited":["Exordium","TheCity","TheBeyond"],"potions_floor_usage":[18,24,27,38,50],"damage_taken":[{"damage":3.0,"enemies":"2 Louse","floor":1.0,"turns":5.0},{"damage":0.0,"enemies":"Small Slimes","floor":4.0,"turns":4.0},{"damage":0.0,"enemies":"Jaw Worm","floor":5.0,"turns":5.0},{"damage":7.0,"enemies":"Lagavulin","floor":6.0,"turns":8.0},{"damage":4.0,"enemies":"Exordium Wildlife","floor":7.0,"turns":6.0},{"damage":9.0,"enemies":"Gremlin Nob","floor":10.0,"turns":3.0},{"damage":0.0,"enemies":"Gremlin Gang","floor":14.0,"turns":4.0},{"damage":9.0,"enemies":"Hexaghost","floor":16.0,"turns":11.0},{"damage":7,"enemies":"2 Thieves","floor":18,"turns":3},{"damage":0,"enemies":"3 Byrds","floor":19,"turns":5},{"damage":2,"enemies":"Book of Stabbing","floor":24,"turns":7},{"damage":0,"enemies":"Snake Plant","floor":25,"turns":4},{"damage":1,"enemies":"Slavers","floor":27,"turns":4},{"damage":0,"enemies":"Book of Stabbing","floor":30,"turns":4},{"damage":0,"enemies":"Snecko","floor":31,"turns":4},{"damage":0,"enemies":"Automaton","floor":33,"turns":10},{"damage":0,"enemies":"Orb Walker","floor":35,"turns":3},{"damage":0,"enemies":"3 Darklings","floor":36,"turns":2},{"damage":7,"enemies":"2 Orb Walkers","floor":37,"turns":3},{"damage":0,"enemies":"Spire Growth","floor":38,"turns":3},{"damage":0,"enemies":"Reptomancer","floor":40,"turns":5},{"damage":0,"enemies":"Mind Bloom Boss Battle","floor":45,"turns":5},{"damage":0,"enemies":"Nemesis","floor":47,"turns":5},{"damage":0,"enemies":"Maw","floor":48,"turns":5},{"damage":0,"enemies":"Time Eater","floor":50,"turns":9}],"seed_played":"7298962106111354663","potions_obtained":[{"floor":1.0,"key":"SkillPotion"},{"floor":5.0,"key":"Weak Potion"},{"floor":14.0,"key":"SkillPotion"},{"floor":16.0,"key":"FearPotion"},{"floor":18,"key":"FairyPotion"},{"floor":30,"key":"CunningPotion"},{"floor":35,"key":"Energy Potion"},{"floor":38,"key":"PowerPotion"},{"floor":40,"key":"FearPotion"},{"floor":45,"key":"Energy Potion"},{"floor":48,"key":"SteroidPotion"}],"is_trial":false,"path_per_floor":["M","?","$","M","M","E","M","R","T","E","R","$","R","M","R","B",null,"M","M","$","?","?","R","E","M","T","E","$","R","E","M","R","B",null,"M","M","?","M","?","E","R","$","T","R","?","R","E","M","R","B",null],"character_chosen":"THE_SILENT","items_purchased":["Toxic Egg 2","Potion Belt","Blade Dance+1","Lantern","Fire Potion","Reflex+1","Caltrops"],"campfire_rested":2,"item_purchase_floors":[3,12,12,12,20,28,42],"current_hp_per_floor":[60,47,47,47,47,40,36,36,36,27,27,27,45,45,45,36,56,49,49,49,33,33,33,31,31,31,30,30,30,30,30,63,63,63,63,63,56,56,56,56,56,56,56,56,56,56,56,56,56,56],"gold":159,"neow_bonus":"TWO_FIFTY_GOLD","is_daily":false,"chose_seed":false,"campfire_upgraded":8,"win_rate":0.0,"timestamp":1613768226,"path_taken":["M","?","$","M","M","E","M","R","T","E","R","$","R","M","R","BOSS","M","M","$","?","?","R","E","M","T","E","$","R","E","M","R","BOSS","M","M","?","M","?","E","R","$","T","R","?","R","E","M","R","BOSS"],"items_purchased_type":["Relic","Relic","Card","Relic","Potion","Card","Card"],"build_version":"2020-12-22","purchased_purges":4,"victory":true,"max_hp_per_floor":[63,63,63,63,63,63,63,63,63,63,63,63,63,63,63,63,63,63,63,63,63,63,63,63,63,63,63,63,63,63,63,63,63,63,63,63,63,63,63,63,63,63,63,63,63,63,63,63,63,63],"relic_stats":{"Regal Pillow":15,"Tough Bandages":[186],"Torii":28,"counters":[25,127],"Mummified Hand":[11],"Pen Nib":[8],"Art of War":[3],"Juzu Bracelet":1,"Cursed Key":1,"obtain_stats":[{"Potion Belt":12,"Ice Cream":45,"Lantern":12,"Regal Pillow":27,"Torii":10,"Enchiridion":21,"Pen Nib":39,"Juzu Bracelet":26,"Incense Burner":40,"Paper Crane":6,"Cursed Key":34,"Old Coin":9,"Tough Bandages":30,"WristBlade":17,"Mummified Hand":47,"Art of War":24,"Toxic Egg 2":3,"FossilizedHelix":37,"TungstenRod":43,"Ring of the Snake":0},{"Potion Belt":6,"Ice Cream":22,"Lantern":6,"Regal Pillow":13,"Torii":6,"Enchiridion":10,"Pen Nib":20,"Juzu Bracelet":12,"Incense Burner":21,"Paper Crane":4,"Cursed Key":16,"Old Coin":5,"Tough Bandages":14,"WristBlade":8,"Mummified Hand":23,"Art of War":11,"Toxic Egg 2":1,"FossilizedHelix":19,"TungstenRod":21,"Ring of the Snake":0},{"Potion Belt":31,"Ice Cream":108,"Lantern":31,"Regal Pillow":69,"Torii":31,"Enchiridion":54,"Pen Nib":98,"Juzu Bracelet":65,"Incense Burner":103,"Paper Crane":22,"Cursed Key":87,"Old Coin":28,"Tough Bandages":73,"WristBlade":46,"Mummified Hand":113,"Art of War":61,"Toxic Egg 2":5,"FossilizedHelix":95,"TungstenRod":103,"Ring of the Snake":0}],"TungstenRod":2,"Ring of the Snake":[50]},"card_choices":[{"not_picked":["Escape Plan","Poisoned Stab"],"picked":"Eviscerate","floor":1.0},{"not_picked":["Cloak And Dagger+1","Dodge and Roll+1"],"picked":"Dagger Spray","floor":4.0},{"not_picked":["A Thousand Cuts","Eviscerate"],"picked":"Flying Knee","floor":5.0},{"not_picked":["Acrobatics+1","Dodge and Roll+1"],"picked":"Quick Slash","floor":6.0},{"not_picked":["Sucker Punch","Doppelganger+1"],"picked":"Prepared+1","floor":7.0},{"not_picked":["Flying Knee","Acrobatics+1"],"picked":"Blur+1","floor":10.0},{"not_picked":["Cloak And Dagger+1","Choke"],"picked":"Backflip+1","floor":14.0},{"not_picked":["Adrenaline+1","Die Die Die"],"picked":"After Image","floor":16.0},{"not_picked":["PiercingWail+1","Poisoned Stab+1"],"picked":"Backflip+1","floor":18},{"not_picked":["Flying Knee+1","Backflip+1"],"picked":"Prepared+1","floor":19},{"not_picked":["Well Laid Plans","Cloak And Dagger+1"],"picked":"Blade Dance+1","floor":24},{"not_picked":["Dash","Caltrops","Flying Knee"],"picked":"SKIP","floor":25},{"not_picked":["Setup+1","Blade Dance+1"],"picked":"Leg Sweep+1","floor":27},{"not_picked":["Caltrops","Concentrate+1"],"picked":"Underhanded Strike+1","floor":30},{"not_picked":["Bane","Dodge and Roll+1"],"picked":"Outmaneuver+1","floor":31},{"not_picked":["Envenom","Storm of Steel+1"],"picked":"Phantasmal Killer+1","floor":33},{"not_picked":["Quick Slash+1","Bane"],"picked":"Accuracy+1","floor":35},{"not_picked":["Eviscerate","Sucker Punch"],"picked":"Backstab+1","floor":36},{"not_picked":["Deadly Poison+1","Dagger Spray"],"picked":"Dagger Throw+1","floor":38},{"not_picked":["Dodge and Roll+1","Cloak And Dagger+1"],"picked":"Finisher+1","floor":40},{"not_picked":["Noxious Fumes","Cloak And Dagger+1"],"picked":"Bullet Time+1","floor":45},{"not_picked":["Outmaneuver+1","Cloak And Dagger+1"],"picked":"Tactician+1","floor":47},{"not_picked":["Bouncing Flask+1","Endless Agony"],"picked":"Leg Sweep+1","floor":48}],"player_experience":864385,"relics_obtained":[{"floor":6.0,"key":"Paper Crane"},{"floor":9.0,"key":"Old Coin"},{"floor":10.0,"key":"Torii"},{"floor":21,"key":"Enchiridion"},{"floor":24,"key":"Art of War"},{"floor":26,"key":"Juzu Bracelet"},{"floor":27,"key":"Regal Pillow"},{"floor":30,"key":"Tough Bandages"},{"floor":37,"key":"FossilizedHelix"},{"floor":39,"key":"Pen Nib"},{"floor":40,"key":"Incense Burner"},{"floor":43,"key":"TungstenRod"},{"floor":45,"key":"Ice Cream"},{"floor":47,"key":"Mummified Hand"}],"event_choices":[{"damage_healed":0.0,"max_hp_gain":0.0,"max_hp_loss":0.0,"gold_gain":0.0,"event_name":"Shining Light","player_choice":"Entered Light","floor":2.0,"gold_loss":0.0,"damage_taken":13.0,"cards_upgraded":["Defend_G","Strike_G"]},{"damage_healed":0,"gold_gain":0,"player_choice":"Obtained Book","damage_taken":16,"max_hp_gain":0,"max_hp_loss":0,"event_name":"Cursed Tome","floor":21,"gold_loss":0},{"damage_healed":0,"gold_gain":0,"player_choice":"Ignored","damage_taken":0,"max_hp_gain":0,"max_hp_loss":0,"event_name":"Vampires","floor":22,"gold_loss":0},{"damage_healed":0,"gold_gain":0,"player_choice":"Fight","damage_taken":0,"max_hp_gain":0,"max_hp_loss":0,"event_name":"Mysterious Sphere","floor":37,"gold_loss":0},{"damage_healed":0,"gold_gain":0,"player_choice":"Relic","damage_taken":0,"max_hp_gain":0,"max_hp_loss":0,"event_name":"Wheel of Change","floor":39,"gold_loss":0},{"damage_healed":0,"gold_gain":0,"player_choice":"Fight","damage_taken":0,"max_hp_gain":0,"max_hp_loss":0,"event_name":"MindBloom","floor":45,"gold_loss":0}],"is_beta":false,"boss_relics":[{"not_picked":["Sozu","HoveringKite"],"picked":"WristBlade"},{"not_picked":["Snecko Eye","SlaversCollar"],"picked":"Cursed Key"}],"items_purged_floors":[3,12,20,42],"is_endless":false,"potions_floor_spawned":[1,5,14,16,18,30,35,38,40,45,48],"ascension_level":11}}