{"host":"agl6880ykeaxaurv","time":1613770809,"event":{"mods":["AchievementEnabler","BaseMod","Colored Map","Colored Powertips","Downfall","Hermit","Highlight Path","Infinite Spire","Minty Spire (QoL Compilation)","Robot Space Explorer","StSLib","The Cursed","The Disciple","The Runesmith","The Servant 0.9.4"],"gold_per_floor":[110,129,23,23,23,23,43,43,67,87,118,118,29,45,45,142,142,142,142],"floor_reached":18,"language":"ENG","playtime":668,"items_purged":[],"score":160,"play_id":"45750731-68f6-44e3-a7c4-0cbdc0938f98","local_time":"20210219214009","is_ascension_mode":false,"campfire_choices":[{"floor":6,"key":"RECALL"},{"data":"LikeWater","floor":15,"key":"SMITH"}],"circlet_count":0,"master_deck":["Strike_P","Strike_P","Strike_P","Strike_P","Defend_P","Defend_P","Defend_P","Defend_P","Eruption","Vigilance","Prostrate","Prostrate","Perseverance+1","ReachHeaven","Prostrate","Decay","Indignation","LikeWater+1","infinitespire:UltimateForm","Swivel","CutThroughFate","PathToVictory","Alpha"],"relics":["Sozu","Mercury Hourglass","Tiny Chest","VioletLotus"],"acts_visited":["Exordium","TheCity"],"potions_floor_usage":[],"damage_taken":[{"damage":0,"enemies":"Small Slimes","floor":1,"turns":2},{"damage":0,"enemies":"Cultist","floor":2,"turns":3},{"damage":0,"enemies":"2 Louse","floor":7,"turns":2},{"damage":8,"enemies":"Exordium Wildlife","floor":10,"turns":5},{"damage":11,"enemies":"Lagavulin","floor":11,"turns":4},{"damage":11,"enemies":"3 Louse","floor":14,"turns":3},{"damage":10,"enemies":"Hexaghost","floor":16,"turns":8},{"damage":77,"enemies":"3 Byrds","floor":18,"turns":3}],"seed_played":"6191145650517012758","potions_obtained":[],"is_trial":false,"path_per_floor":["M","M","$","?","?","R","M","?","T","M","E","?","$","M","R","B",null,"M"],"character_chosen":"WATCHER","items_purchased":["Perseverance","ReachHeaven","Swivel","CutThroughFate"],"campfire_rested":0,"item_purchase_floors":[3,3,13,13],"current_hp_per_floor":[72,72,72,72,72,72,72,72,72,64,53,34,34,23,23,13,72,0,0],"gold":142,"neow_bonus":"BOSS_RELIC","is_daily":false,"chose_seed":false,"campfire_upgraded":1,"win_rate":0.0,"timestamp":1613770809,"path_taken":["M","M","$","?","?","R","M","?","T","?","E","?","?","M","R","BOSS","M"],"items_purchased_type":["Card","Card","Card","Card"],"build_version":"2020-12-22","purchased_purges":0,"victory":false,"max_hp_per_floor":[72,72,72,72,72,72,72,72,72,72,72,72,72,72,72,72,72,72,72],"card_choices":[{"not_picked":["Evaluate","ThirdEye"],"picked":"Prostrate","floor":1},{"not_picked":["JustLucky","Adaptation"],"picked":"Prostrate","floor":2},{"not_picked":["ClearTheMind","Crescendo"],"picked":"Prostrate","floor":7},{"not_picked":["Blasphemy","Crescendo"],"picked":"Indignation","floor":10},{"not_picked":["Pray","FollowUp"],"picked":"LikeWater","floor":11},{"not_picked":["infinitespire:Menacing","infinitespire:TheBestDefense"],"picked":"infinitespire:UltimateForm","floor":12},{"not_picked":["CutThroughFate","ClearTheMind"],"picked":"PathToVictory","floor":14},{"not_picked":["Omniscience","Scrawl"],"picked":"Alpha","floor":16}],"player_experience":302939,"relics_obtained":[{"floor":5,"key":"Mercury Hourglass"},{"floor":11,"key":"Tiny Chest"}],"event_choices":[{"damage_healed":0,"gold_gain":0,"player_choice":"Grow","damage_taken":0,"max_hp_gain":0,"max_hp_loss":0,"event_name":"Living Wall","floor":4,"gold_loss":0,"cards_upgraded":["Perseverance"]},{"damage_healed":0,"gold_gain":0,"player_choice":"Cursed","damage_taken":0,"max_hp_gain":0,"max_hp_loss":0,"event_name":"Wheel of Change","floor":8,"gold_loss":0,"cards_obtained":["Decay"]}],"is_beta":false,"boss_relics":[{"not_picked":["Black Star","Tiny House"],"picked":"VioletLotus"}],"items_purged_floors":[],"is_endless":false,"potions_floor_spawned":[2,10],"killed_by":"3 Byrds","ascension_level":0}}