{"host":"ig9h5mtrygw4gu9r","time":1613708202,"event":{"mods":["2.2 Compatiblity","AchievementEnabler","BaseMod","Bestiary","Infinite Spire","Minty Spire (QoL Compilation)","Relic Stats","Replay The Spire","StSLib","The Servant 0.9.4"],"gold_per_floor":[111,111,34,45,65,95,106,106,178,195,195,195,227,242,242,346,346,359,359,369,383,403,403,403],"floor_reached":23,"language":"ENG","playtime":1284,"items_purged":[],"score":292,"play_id":"05f81487-2ee8-494f-a90c-e0820bfffdb9","local_time":"20210218201642","is_ascension_mode":true,"campfire_choices":[{"data":"Venomology","floor":12,"key":"SMITH"}],"circlet_count":0,"master_deck":["Strike_G","Strike_G","Defend_G","Defend_G","Defend_G","Defend_G","Defend_G","Survivor","Neutralize","Bane","Venomology+1","Crippling Poison","Prepared","Toxin Wave","Bane","Bouncing Flask","Prepared","Bane","Acrobatics","Replay:Bag of Tricks","Deadly Poison","Sucker Punch","Bane+1","Prepared","Toxin Wave"],"relics":["Burning Blood","NeowsBlessing","Omamori","infinitespire:Cubic Diamond","infinitespire:Broken Mirror","Chameleon Ring","Philosopher\u0027s Stone"],"acts_visited":["Exordium","TheCity"],"potions_floor_usage":[6,6,6,10,13,13,16,16,16,18,20,23,23,23,23],"damage_taken":[{"damage":0,"enemies":"Jaw Worm","floor":1,"turns":1},{"damage":0,"enemies":"infinitespire:Voidling","floor":4,"turns":1},{"damage":0,"enemies":"2 Louse","floor":5,"turns":1},{"damage":29,"enemies":"3 Sentries","floor":6,"turns":9},{"damage":22,"enemies":"Large Slime","floor":7,"turns":9},{"damage":5,"enemies":"3 Louse","floor":10,"turns":3},{"damage":3,"enemies":"Gremlin Nob","floor":13,"turns":3},{"damage":5,"enemies":"2 Fungi Beasts","floor":14,"turns":4},{"damage":1,"enemies":"Slime Boss","floor":16,"turns":7},{"damage":25,"enemies":"2 Thieves","floor":18,"turns":4},{"damage":2,"enemies":"Spheric Guardian","floor":20,"turns":5},{"damage":16,"enemies":"Snecko","floor":21,"turns":5},{"damage":14,"enemies":"Cultist and Chosen","floor":22,"turns":4},{"damage":35,"enemies":"Book of Stabbing","floor":23,"turns":3}],"seed_played":"-4342581737563237970","potions_obtained":[{"floor":4,"key":"Elixir"},{"floor":6,"key":"Strength Potion"},{"floor":7,"key":"DistilledChaos"},{"floor":15,"key":"GhostInAJar"},{"floor":15,"key":"CultistPotion"},{"floor":16,"key":"GhostInAJar"},{"floor":20,"key":"Energy Potion"}],"is_trial":false,"path_per_floor":["M","?","$","M","M","E","M","?","T","M","?","R","E","M","R","B",null,"M","?","M","M","M","E"],"character_chosen":"THE_SILENT","items_purchased":["Crippling Poison"],"campfire_rested":0,"item_purchase_floors":[3],"current_hp_per_floor":[63,63,63,63,63,34,12,12,12,13,36,36,39,40,40,45,64,45,45,49,39,31,0,0],"gold":403,"neow_bonus":"THREE_ENEMY_KILL","is_daily":false,"chose_seed":false,"campfire_upgraded":1,"win_rate":0.0,"timestamp":1613708202,"path_taken":["M","?","$","?","?","E","M","?","T","M","?","R","E","M","R","BOSS","M","?","M","M","M","E"],"items_purchased_type":["Card"],"build_version":"2020-12-22","purchased_purges":0,"victory":false,"max_hp_per_floor":[70,70,70,70,70,70,70,70,70,70,70,70,70,70,70,70,70,70,70,70,70,70,70,70],"relic_stats":{"counters":[14,59],"obtain_stats":[{"Chameleon Ring":13,"NeowsBlessing":0,"infinitespire:Broken Mirror":9,"Philosopher\u0027s Stone":17,"infinitespire:Cubic Diamond":8,"Omamori":6,"Burning Blood":8,"Ring of the Snake":0},{"Chameleon Ring":7,"NeowsBlessing":0,"infinitespire:Broken Mirror":5,"Philosopher\u0027s Stone":9,"infinitespire:Cubic Diamond":5,"Omamori":4,"Burning Blood":5,"Ring of the Snake":0},{"Chameleon Ring":27,"NeowsBlessing":0,"infinitespire:Broken Mirror":21,"Philosopher\u0027s Stone":38,"infinitespire:Cubic Diamond":21,"Omamori":12,"Burning Blood":21,"Ring of the Snake":0}],"Burning Blood":48},"card_choices":[{"not_picked":["PiercingWail","Blur"],"picked":"Bane","floor":1},{"not_picked":["Flying Knee","Quick Slash"],"picked":"Prepared","floor":4},{"not_picked":["Prepared","Bane"],"picked":"Toxin Wave","floor":5},{"not_picked":["Cloak And Dagger","Backstab"],"picked":"Bane","floor":6},{"not_picked":["Acrobatics","Escape Plan"],"picked":"Bouncing Flask","floor":7},{"not_picked":["PiercingWail","Storm of Steel"],"picked":"Prepared","floor":10},{"not_picked":["Endless Agony","Deflect"],"picked":"Bane","floor":13},{"not_picked":["Riddle With Holes","After Image"],"picked":"Acrobatics","floor":14},{"not_picked":["Bullet Time","Wraith Form v2"],"picked":"Replay:Bag of Tricks","floor":16},{"not_picked":["Flying Knee","Deflect","All Out Attack"],"picked":"SKIP","floor":18},{"not_picked":["Cloak And Dagger","PiercingWail+1"],"picked":"Bane+1","floor":20},{"not_picked":["Quick Slash","Dagger Throw"],"picked":"Prepared","floor":21},{"not_picked":["Slice+1","Backflip"],"picked":"Toxin Wave","floor":22}],"player_experience":428178,"relics_obtained":[{"floor":6,"key":"Omamori"},{"floor":9,"key":"infinitespire:Broken Mirror"},{"floor":13,"key":"Chameleon Ring"}],"event_choices":[{"damage_healed":0,"gold_gain":0,"cards_transformed":["Strike_G"],"player_choice":"Transformed","damage_taken":0,"max_hp_gain":0,"max_hp_loss":0,"event_name":"Transmorgrifier","floor":2,"gold_loss":0,"cards_obtained":["Venomology"]},{"damage_healed":23,"gold_gain":0,"player_choice":"Banana","damage_taken":0,"max_hp_gain":0,"max_hp_loss":0,"event_name":"Big Fish","floor":11,"gold_loss":0},{"damage_healed":0,"gold_gain":0,"cards_transformed":["Strike_G","Strike_G"],"player_choice":"Became Test Subject","damage_taken":0,"max_hp_gain":0,"max_hp_loss":0,"event_name":"Drug Dealer","floor":19,"gold_loss":0,"cards_obtained":["Deadly Poison","Sucker Punch"]}],"is_beta":false,"boss_relics":[{"not_picked":["Runic Dome","HoveringKite"],"picked":"Philosopher\u0027s Stone"}],"items_purged_floors":[],"is_endless":false,"potions_floor_spawned":[4,6,7,16,20,22],"killed_by":"Book of Stabbing","ascension_level":6}}