{"host":"3fd6e6c5cltq175f","time":1613737561,"event":{"mods":["AchievementEnabler","BaseMod","Colored Map","Colored Powertips","DeckTracker","Minty Spire (QoL Compilation)"],"gold_per_floor":[112,112,122,138,16,42,42,72,72,72,72],"floor_reached":10,"language":"ENG","playtime":300,"items_purged":[],"score":87,"play_id":"17e44ff7-9253-4eaf-b05e-88237827c9b7","local_time":"20210219132601","is_ascension_mode":true,"campfire_choices":[{"data":"Noxious Fumes","floor":7,"key":"SMITH"}],"circlet_count":0,"master_deck":["Strike_G","Strike_G","Strike_G","Strike_G","Strike_G","Defend_G","Defend_G","Defend_G","Defend_G","Defend_G","Survivor","Neutralize","Flying Knee","Cloak And Dagger","Noxious Fumes+1","Backflip","Dash"],"relics":["Ring of the Snake","NeowsBlessing","NlothsMask","Nunchaku","Sundial"],"acts_visited":["Exordium"],"potions_floor_usage":[6,10],"damage_taken":[{"damage":0,"enemies":"Jaw Worm","floor":1,"turns":1},{"damage":0,"enemies":"Cultist","floor":3,"turns":1},{"damage":0,"enemies":"Small Slimes","floor":4,"turns":1},{"damage":29,"enemies":"Gremlin Nob","floor":6,"turns":4},{"damage":24,"enemies":"Lagavulin","floor":8,"turns":9},{"damage":37,"enemies":"Gremlin Nob","floor":10,"turns":4}],"seed_played":"574202855199112808","potions_obtained":[{"floor":3,"key":"CunningPotion"},{"floor":8,"key":"AttackPotion"}],"is_trial":false,"path_per_floor":["M","?","M","M","$","E","R","E","T","E"],"character_chosen":"THE_SILENT","items_purchased":["Noxious Fumes","Backflip"],"campfire_rested":0,"item_purchase_floors":[5,5],"current_hp_per_floor":[70,70,70,70,70,41,41,17,17,0,0],"gold":72,"neow_bonus":"THREE_ENEMY_KILL","is_daily":false,"chose_seed":false,"campfire_upgraded":1,"win_rate":0.0,"timestamp":1613737561,"path_taken":["M","?","M","?","?","E","R","E","T","E"],"items_purchased_type":["Card","Card"],"build_version":"2020-12-22","purchased_purges":0,"victory":false,"max_hp_per_floor":[70,70,70,70,70,70,70,70,70,70,70],"card_choices":[{"not_picked":["Acrobatics","Blade Dance"],"picked":"Flying Knee","floor":1},{"not_picked":["Dodge and Roll","Caltrops"],"picked":"Cloak And Dagger","floor":3},{"not_picked":["Reflex","Blur","Tactician"],"picked":"SKIP","floor":4},{"not_picked":["Dodge and Roll","Dagger Throw","Underhanded Strike"],"picked":"SKIP","floor":6},{"not_picked":["Accuracy","Dagger Spray"],"picked":"Dash","floor":8}],"player_experience":191884,"relics_obtained":[{"floor":6,"key":"Nunchaku"},{"floor":8,"key":"Sundial"}],"event_choices":[{"damage_healed":0,"gold_gain":0,"player_choice":"Trade","damage_taken":0,"relics_obtained":["NlothsMask"],"max_hp_gain":0,"max_hp_loss":0,"event_name":"FaceTrader","floor":2,"gold_loss":0}],"is_beta":false,"boss_relics":[],"items_purged_floors":[],"is_endless":false,"potions_floor_spawned":[3,8],"killed_by":"Gremlin Nob","ascension_level":3}}