{"host":"lxu17chzujqn8whl","time":1613756367,"event":{"mods":["BaseMod","Minty Spire (QoL Compilation)","Relic Stats","StSLib"],"gold_per_floor":[369,104,104,15,30,30,49,124,124,164,176,206,233,277,289,406,418,445,457,457],"floor_reached":19,"language":"ENG","playtime":675,"items_purged":[],"score":182,"play_id":"6e7b0498-c2e6-45a1-9684-95be4290cd9a","local_time":"20210219093927","is_ascension_mode":false,"campfire_choices":[{"data":"Conserve Battery","floor":6.0,"key":"SMITH"},{"data":"Self Repair","floor":11.0,"key":"SMITH"},{"data":"Aggregate","floor":15.0,"key":"SMITH"}],"circlet_count":0,"master_deck":["Strike_B","Strike_B","Strike_B+1","Strike_B+1","Defend_B","Defend_B","Defend_B","Defend_B","Zap","Dualcast","Hologram","Conserve Battery+1","Conserve Battery","Self Repair+1","Aggregate+1","Cold Snap","Turbo","Creative AI","Sunder+1"],"relics":["Cracked Core","Matryoshka","Akabeko","Tiny Chest","MawBank","Cables","Lizard Tail","Whetstone","Philosopher\u0027s Stone"],"acts_visited":["Exordium","TheCity"],"potions_floor_usage":[18,19,19],"damage_taken":[{"damage":0.0,"enemies":"Cultist","floor":1.0,"turns":4.0},{"damage":0.0,"enemies":"Small Slimes","floor":5.0,"turns":2.0},{"damage":0.0,"enemies":"Jaw Worm","floor":7.0,"turns":4.0},{"damage":9.0,"enemies":"Gremlin Nob","floor":10.0,"turns":4.0},{"damage":2.0,"enemies":"2 Fungi Beasts","floor":12.0,"turns":4.0},{"damage":0.0,"enemies":"Large Slime","floor":13.0,"turns":6.0},{"damage":0.0,"enemies":"Lagavulin","floor":14.0,"turns":9.0},{"damage":19.0,"enemies":"The Guardian","floor":16.0,"turns":14.0},{"damage":17,"enemies":"2 Thieves","floor":18,"turns":4},{"damage":18,"enemies":"3 Byrds","floor":19,"turns":2}],"seed_played":"4752732347210491119","potions_obtained":[{"floor":5.0,"key":"Fire Potion"},{"floor":7.0,"key":"EssenceOfDarkness"},{"floor":12.0,"key":"SkillPotion"},{"floor":14.0,"key":"FairyPotion"},{"floor":16.0,"key":"SteroidPotion"},{"floor":18,"key":"Energy Potion"}],"is_trial":false,"path_per_floor":["M","$","?","?","M","R","M","?","T","E","R","M","M","E","R","B",null,"M","M"],"character_chosen":"DEFECT","items_purchased":["Matryoshka","Hologram"],"campfire_rested":0,"item_purchase_floors":[2,2],"current_hp_per_floor":[68,68,61,61,61,61,61,50,50,41,41,49,59,68,68,59,68,61,43,43],"gold":457,"neow_bonus":"TWO_FIFTY_GOLD","is_daily":false,"chose_seed":false,"campfire_upgraded":3,"win_rate":0.0,"timestamp":1613756367,"path_taken":["M","?","?","?","?","R","M","?","T","E","R","M","M","E","R","BOSS","M","M"],"items_purchased_type":["Relic","Card"],"build_version":"2020-12-22","purchased_purges":0,"victory":false,"max_hp_per_floor":[68,68,68,68,68,68,68,68,68,68,68,68,68,68,68,68,68,68,68,68],"relic_stats":{"Lizard Tail":0,"counters":[10,53],"Tiny Chest":0,"Whetstone":["Strike_B","Strike_B"],"MawBank":120,"obtain_stats":[{"Lizard Tail":10,"Matryoshka":2,"Tiny Chest":4,"Philosopher\u0027s Stone":17,"Whetstone":14,"Cracked Core":0,"MawBank":9,"Akabeko":3,"Cables":9},{"Lizard Tail":4,"Matryoshka":1,"Tiny Chest":1,"Philosopher\u0027s Stone":8,"Whetstone":7,"Cracked Core":0,"MawBank":3,"Akabeko":1,"Cables":3},{"Lizard Tail":14,"Matryoshka":4,"Tiny Chest":4,"Philosopher\u0027s Stone":47,"Whetstone":33,"Cracked Core":0,"MawBank":10,"Akabeko":4,"Cables":10}],"Cables":[39,32,6,1,0]},"card_choices":[{"not_picked":["Compile Driver","Cold Snap","Rebound"],"picked":"SKIP","floor":1.0},{"not_picked":["Steam","Turbo"],"picked":"Conserve Battery","floor":5.0},{"not_picked":["Turbo","Steam"],"picked":"Conserve Battery","floor":7.0},{"not_picked":["Blizzard","Ball Lightning"],"picked":"Self Repair","floor":10.0},{"not_picked":["Rebound","Stack"],"picked":"Aggregate","floor":12.0},{"not_picked":["Barrage","Go for the Eyes"],"picked":"Cold Snap","floor":13.0},{"not_picked":["Chaos","Redo"],"picked":"Turbo","floor":14.0},{"not_picked":["Fission","Thunder Strike"],"picked":"Creative AI","floor":16.0},{"not_picked":["Stack","Beam Cell+1"],"picked":"Sunder+1","floor":18}],"player_experience":713673,"relics_obtained":[{"floor":9.0,"key":"MawBank"},{"floor":9.0,"key":"Cables"},{"floor":10.0,"key":"Lizard Tail"},{"floor":14.0,"key":"Whetstone"}],"event_choices":[{"damage_healed":0.0,"max_hp_gain":0.0,"max_hp_loss":0.0,"gold_gain":0.0,"event_name":"Scrap Ooze","player_choice":"Success","floor":3.0,"gold_loss":0.0,"damage_taken":7.0,"relics_obtained":["Akabeko"]},{"damage_healed":0.0,"max_hp_gain":0.0,"max_hp_loss":0.0,"gold_gain":0.0,"event_name":"WeMeetAgain","player_choice":"Paid Gold","floor":4.0,"gold_loss":89.0,"damage_taken":0.0,"relics_obtained":["Tiny Chest"]},{"damage_healed":0.0,"max_hp_gain":0.0,"max_hp_loss":0.0,"gold_gain":75.0,"event_name":"World of Goop","player_choice":"Gather Gold","floor":8.0,"gold_loss":0.0,"damage_taken":11.0}],"is_beta":false,"boss_relics":[{"not_picked":["Velvet Choker","Snecko Eye"],"picked":"Philosopher\u0027s Stone"}],"items_purged_floors":[],"is_endless":false,"potions_floor_spawned":[5,7,12,14,16,18],"killed_by":"3 Byrds","ascension_level":0}}