{"host":"camvppzlp325qh53","time":1613755832,"event":{"mods":["AchievementEnabler","BaseMod","Colored Map","Downfall","Hubris","Infinite Spire","Minty Spire (QoL Compilation)","Replay The Spire","StSLib"],"gold_per_floor":[115,127,202,202,224,252,252,125,125,151,163,175,175,140,140,235,235,255,282,296,571,583,583,583],"floor_reached":23,"language":"ENG","playtime":1090,"items_purged":["hubris:Disease"],"score":224,"play_id":"ba46409d-7a8f-4977-87df-51b807abb372","local_time":"20210219093032","is_ascension_mode":false,"campfire_choices":[{"floor":13,"key":"REST"},{"floor":15,"key":"DIG"}],"circlet_count":0,"master_deck":["Strike_P","Strike_P","Strike_P","Strike_P","Defend_P","Defend_P","Defend_P","Defend_P","Eruption+1","Vigilance","PathToVictory","FlurryOfBlows","Consecrate","Replay:Hum","Regret","Apotheosis+1","Dramatic Entrance","Madness","Worship","TalkToTheHand","Replay:BluntJabs","DevaForm","FearNoEvil","ReplayTheSpireMod:Splinters","ThirdEye+1","PathToVictory+1","CutThroughFate","Regret","FollowUp+1","InnerPeace"],"relics":["PureWater","NeowsBlessing","ReplayTheSpireMod:CursedCoin","Anchor","Replay:Purple Gloves","ReplayTheSpireMod:ShopPack","Replay:Bottled Eggs","Replay:Mystery Machine","hubris:TenFootPole","infinitespire:Cupcake","Prayer Wheel"],"acts_visited":["Exordium","TheCity"],"potions_floor_usage":[16],"damage_taken":[{"damage":0,"enemies":"Small Slimes","floor":1,"turns":1},{"damage":0,"enemies":"Jaw Worm","floor":2,"turns":1},{"damage":0,"enemies":"3 Sentries","floor":6,"turns":1},{"damage":35,"enemies":"Lagavulin","floor":10,"turns":7},{"damage":0,"enemies":"Cultist","floor":11,"turns":2},{"damage":6,"enemies":"Looter","floor":12,"turns":3},{"damage":9,"enemies":"Slime Boss","floor":16,"turns":7},{"damage":4,"enemies":"Chosen","floor":18,"turns":6},{"damage":3,"enemies":"3 Byrds","floor":20,"turns":3},{"damage":26,"enemies":"Centurion and Healer","floor":22,"turns":7},{"damage":39,"enemies":"Slavers","floor":23,"turns":3}],"seed_played":"-6134917254143565730","potions_obtained":[{"floor":2,"key":"Energy Potion"},{"floor":6,"key":"Explosive Potion"},{"floor":22,"key":"BlessingOfTheForge"}],"is_trial":false,"path_per_floor":["M","M","?","?","$","E","?","$","T","E","M","M","R","?","R_BF","B",null,"M","?","M","?","M","E"],"character_chosen":"WATCHER","items_purchased":["ReplayTheSpireMod:CursedCoin","Consecrate","ReplayTheSpireMod:ShopPack"],"campfire_rested":1,"item_purchase_floors":[5,5,8],"current_hp_per_floor":[72,72,61,61,61,61,61,61,61,26,26,20,41,59,59,50,72,68,68,65,65,39,0,0],"gold":583,"neow_bonus":"THREE_ENEMY_KILL","is_daily":false,"chose_seed":false,"campfire_upgraded":0,"win_rate":0.0,"timestamp":1613755832,"path_taken":["M","M","?","?","$","E","?","$","T","E","M","M","R","?","R_BF","BOSS","M","?","M","?","?","E"],"items_purchased_type":["Relic","Card","Relic"],"build_version":"2020-12-22","purchased_purges":1,"victory":false,"max_hp_per_floor":[72,72,72,72,72,72,72,72,72,72,72,72,72,72,72,72,72,72,72,72,72,72,72,72],"card_choices":[{"not_picked":["CutThroughFate","SashWhip"],"picked":"PathToVictory","floor":1},{"not_picked":["EmptyBody","Conclude"],"picked":"FlurryOfBlows","floor":2},{"not_picked":["JustLucky","Replay:LoomingThreat"],"picked":"Replay:Hum","floor":6},{"not_picked":["Crow Ritual","Mayhem"],"picked":"Apotheosis","floor":8},{"not_picked":["Madness","Magnetism"],"picked":"Dramatic Entrance","floor":8},{"not_picked":["Forethought","Enlightenment"],"picked":"Madness","floor":8},{"not_picked":["Replay:ManipulateFuture","Consecrate"],"picked":"Worship","floor":10},{"not_picked":["Replay:Cycle","Protect"],"picked":"TalkToTheHand","floor":11},{"not_picked":["EmptyFist","BowlingBash"],"picked":"Replay:BluntJabs","floor":12},{"not_picked":["Replay:LoomingThreat","DeusExMachina"],"picked":"DevaForm","floor":16},{"not_picked":["EmptyBody","JustLucky"],"picked":"FearNoEvil","floor":18},{"not_picked":["Replay:Hum","Sanctity"],"picked":"ThirdEye+1","floor":19},{"not_picked":["Evaluate","LikeWater"],"picked":"PathToVictory+1","floor":20},{"not_picked":["Consecrate+1","Prostrate"],"picked":"CutThroughFate","floor":20},{"not_picked":["ThirdEye+1","BowlingBash"],"picked":"FollowUp+1","floor":22},{"not_picked":["Wallop","Replay:ManipulateFuture"],"picked":"InnerPeace","floor":22}],"player_experience":67962,"relics_obtained":[{"floor":6,"key":"Anchor"},{"floor":9,"key":"Replay:Bottled Eggs"},{"floor":10,"key":"Replay:Mystery Machine"},{"floor":15,"key":"hubris:TenFootPole"},{"floor":19,"key":"Prayer Wheel"}],"event_choices":[{"damage_healed":0,"gold_gain":75,"player_choice":"Gather Gold","damage_taken":11,"max_hp_gain":0,"max_hp_loss":0,"event_name":"World of Goop","floor":3,"gold_loss":0},{"damage_healed":0,"gold_gain":0,"player_choice":"Box","damage_taken":0,"relics_obtained":["Replay:Purple Gloves"],"max_hp_gain":0,"max_hp_loss":0,"event_name":"Big Fish","floor":7,"gold_loss":0,"cards_obtained":["Regret"]},{"damage_healed":18,"gold_gain":0,"player_choice":"Healed","damage_taken":0,"max_hp_gain":0,"max_hp_loss":0,"event_name":"The Cleric","floor":14,"gold_loss":35},{"damage_healed":0,"gold_gain":275,"player_choice":"Desecrate","damage_taken":0,"max_hp_gain":0,"max_hp_loss":0,"event_name":"Golden Shrine","floor":21,"gold_loss":0,"cards_obtained":["Regret"]}],"is_beta":false,"boss_relics":[{"not_picked":["Runic Pyramid","Runic Dome"],"picked":"infinitespire:Cupcake"}],"items_purged_floors":[5],"is_endless":false,"potions_floor_spawned":[2,6,22],"killed_by":"Slavers","ascension_level":0}}