{"host":"bxn2em57qlx5u4i0","time":1613776176,"event":{"mods":["BaseMod","Colored Map","Colored Powertips","Highlight Path","Minty Spire (QoL Compilation)","Random Character Button","Relic Sorter","Relic Stats","StSLib","SuperFastMode"],"gold_per_floor":[111,6,6,24,24,24,61,61,61,61,70,98,133,146,146,232,259,279,329,2,23,23,52,52,52,76,103,103,145,145,157,157,238,288,310,32,53,77,0,0,44,57,57,57,67,84,84,84,113,113,113,113,113,113,13,51,51],"floor_reached":58,"language":"ENG","playtime":1503,"items_purged":["Strike_G","Dagger Spray"],"score":3322,"play_id":"482ede9c-fe45-4c9c-b2ea-e565aae5b24e","local_time":"20210219180936","is_ascension_mode":true,"campfire_choices":[{"data":"Noxious Fumes","floor":6.0,"key":"SMITH"},{"data":"Deadly Poison","floor":8.0,"key":"SMITH"},{"floor":10.0,"key":"REST"},{"data":"Footwork","floor":15.0,"key":"SMITH"},{"data":"Bullet Time","floor":24.0,"key":"SMITH"},{"data":"Catalyst","floor":30.0,"key":"SMITH"},{"data":"Night Terror","floor":32.0,"key":"SMITH"},{"data":"Wraith Form v2","floor":43.0,"key":"SMITH"},{"floor":48.0,"key":"RECALL"},{"data":"Crippling Poison","floor":50.0,"key":"SMITH"},{"data":"Ghostly","floor":54.0,"key":"SMITH"}],"circlet_count":0,"master_deck":["AscendersBane","Defend_G","Defend_G","Defend_G","Defend_G","Defend_G","Survivor","Neutralize","Dodge and Roll","Noxious Fumes+1","Deadly Poison+1","Deflect","Catalyst+1","Footwork+1","Bullet Time+1","Burst+1","Glass Knife+1","Bouncing Flask+1","Backflip","Crippling Poison+1","Ghostly+1","Ghostly","Ghostly","Night Terror+1","Corpse Explosion+1","Dodge and Roll+1","PiercingWail+1","Catalyst+1","Wraith Form v2+1","Adrenaline"],"relics":["Ring of the Snake","Oddly Smooth Stone","Vajra","CeramicFish","Paper Crane","White Beast Statue","Astrolabe","PreservedInsect","Sundial","Snake Skull","Omamori","Tiny House","Singing Bowl","Red Mask","Bag of Marbles","TungstenRod","StoneCalendar","FossilizedHelix"],"acts_visited":["Exordium","TheCity","TheBeyond","TheEnding"],"potions_floor_usage":[57,57],"damage_taken":[{"damage":0.0,"enemies":"Small Slimes","floor":1.0,"turns":5.0},{"damage":7.0,"enemies":"Jaw Worm","floor":4.0,"turns":5.0},{"damage":20.0,"enemies":"Gremlin Nob","floor":7.0,"turns":5.0},{"damage":0.0,"enemies":"Cultist","floor":12.0,"turns":3.0},{"damage":7.0,"enemies":"Lagavulin","floor":13.0,"turns":7.0},{"damage":10.0,"enemies":"Exordium Wildlife","floor":14.0,"turns":4.0},{"damage":8.0,"enemies":"Slime Boss","floor":16.0,"turns":9.0},{"damage":12.0,"enemies":"2 Thieves","floor":18.0,"turns":3.0},{"damage":0.0,"enemies":"Chosen","floor":21.0,"turns":3.0},{"damage":16.0,"enemies":"Book of Stabbing","floor":23.0,"turns":4.0},{"damage":0.0,"enemies":"Slavers","floor":29.0,"turns":4.0},{"damage":1.0,"enemies":"Centurion and Healer","floor":31.0,"turns":6.0},{"damage":0.0,"enemies":"Automaton","floor":33.0,"turns":6.0},{"damage":0.0,"enemies":"3 Shapes","floor":35.0,"turns":2.0},{"damage":0.0,"enemies":"3 Darklings","floor":37.0,"turns":3.0},{"damage":10.0,"enemies":"Spire Growth","floor":38.0,"turns":3.0},{"damage":0.0,"enemies":"Reptomancer","floor":41.0,"turns":5.0},{"damage":0.0,"enemies":"Transient","floor":42.0,"turns":6.0},{"damage":0.0,"enemies":"3 Darklings","floor":45.0,"turns":3.0},{"damage":0.0,"enemies":"Writhing Mass","floor":46.0,"turns":6.0},{"damage":0.0,"enemies":"Giant Head","floor":49.0,"turns":9.0},{"damage":0.0,"enemies":"Time Eater","floor":51.0,"turns":8.0},{"damage":0.0,"enemies":"Awakened One","floor":52.0,"turns":13.0},{"damage":0.0,"enemies":"Shield and Spear","floor":56.0,"turns":3.0},{"damage":36,"enemies":"The Heart","floor":57,"turns":10}],"seed_played":"-2631266094668189710","potions_obtained":[{"floor":1.0,"key":"GhostInAJar"},{"floor":14.0,"key":"ColorlessPotion"},{"floor":16.0,"key":"Swift Potion"},{"floor":18.0,"key":"SteroidPotion"},{"floor":29.0,"key":"Regen Potion"},{"floor":31.0,"key":"SmokeBomb"},{"floor":33.0,"key":"LiquidBronze"},{"floor":34.0,"key":"SneckoOil"},{"floor":37.0,"key":"Swift Potion"},{"floor":41.0,"key":"Poison Potion"},{"floor":42.0,"key":"Poison Potion"},{"floor":45.0,"key":"PowerPotion"},{"floor":46.0,"key":"Swift Potion"},{"floor":49.0,"key":"Ancient Potion"},{"floor":56.0,"key":"Explosive Potion"}],"is_trial":false,"path_per_floor":["M","$","?","M","?","R","E","R","T","R","?","M","E","M","R","B",null,"M","?","$","M","T","E","R","$","T","?","?","E","R","M","R","B",null,"M","$","M","M","?","?","E","M","R","T","M","M","$","R","E","R","B","B",null,"R","$","E","B",null],"character_chosen":"THE_SILENT","items_purchased":["Noxious Fumes","Poisoned Stab","PreservedInsect","CunningPotion","Singing Bowl"],"campfire_rested":1,"item_purchase_floors":[2,2,20,20,36],"current_hp_per_floor":[59,59,41,34,34,34,14,14,14,33,33,33,26,16,16,8,52,40,40,40,40,40,24,24,24,24,24,24,24,24,33,33,33,38,38,38,38,28,28,33,33,35,35,35,37,39,39,39,41,41,41,41,45,45,45,45,9],"gold":51,"neow_bonus":"RANDOM_COMMON_RELIC","is_daily":false,"chose_seed":false,"campfire_upgraded":9,"win_rate":0.0,"timestamp":1613776176,"path_taken":["M","$","?","M","?","R","E","R","T","R","?","?","E","M","R","BOSS","M","?","$","?","?","E","R","?","T","?","?","E","R","M","R","BOSS","M","$","M","M","?","?","E","M","R","T","M","M","$","R","E","R","BOSS","BOSS","R","$","E","BOSS"],"items_purchased_type":["Card","Card","Relic","Potion","Relic"],"build_version":"2020-12-22","purchased_purges":2,"victory":true,"max_hp_per_floor":[66,66,66,66,66,66,66,66,66,66,66,66,66,66,66,66,66,66,66,66,66,66,66,66,66,66,33,33,33,33,33,33,33,38,38,38,38,38,38,38,38,40,40,40,42,44,44,44,46,46,46,46,46,46,46,46,46],"relic_stats":{"Singing Bowl":8,"counters":[25,135],"Sundial":[6],"CeramicFish":180,"Astrolabe":["Burst","Glass Knife","Bouncing Flask"],"StoneCalendar":[156],"PreservedInsect":353,"Snake Skull":[188],"obtain_stats":[{"Tiny House":34,"Singing Bowl":36,"CeramicFish":7,"Astrolabe":17,"Oddly Smooth Stone":0,"Vajra":3,"StoneCalendar":49,"PreservedInsect":20,"Snake Skull":23,"Omamori":29,"Paper Crane":9,"White Beast Statue":13,"Sundial":22,"Red Mask":39,"Bag of Marbles":41,"TungstenRod":44,"FossilizedHelix":56,"Ring of the Snake":0},{"Tiny House":13,"Singing Bowl":14,"CeramicFish":3,"Astrolabe":7,"Oddly Smooth Stone":0,"Vajra":1,"StoneCalendar":21,"PreservedInsect":8,"Snake Skull":10,"Omamori":11,"Paper Crane":3,"White Beast Statue":5,"Sundial":9,"Red Mask":16,"Bag of Marbles":17,"TungstenRod":18,"FossilizedHelix":24,"Ring of the Snake":0},{"Tiny House":64,"Singing Bowl":66,"CeramicFish":15,"Astrolabe":38,"Oddly Smooth Stone":0,"Vajra":5,"StoneCalendar":101,"PreservedInsect":41,"Snake Skull":48,"Omamori":52,"Paper Crane":15,"White Beast Statue":25,"Sundial":44,"Red Mask":72,"Bag of Marbles":77,"TungstenRod":83,"FossilizedHelix":125,"Ring of the Snake":0}],"TungstenRod":69,"Ring of the Snake":[50]},"card_choices":[{"not_picked":["Distraction","Caltrops"],"picked":"Dodge and Roll","floor":1.0},{"not_picked":["Dagger Throw","Quick Slash"],"picked":"Dagger Spray","floor":4.0},{"not_picked":["PiercingWail","Dodge and Roll"],"picked":"Deadly Poison","floor":7.0},{"not_picked":["Outmaneuver","Backflip"],"picked":"Catalyst","floor":12.0},{"not_picked":["Backflip","Infinite Blades"],"picked":"Footwork","floor":13.0},{"not_picked":["Deadly Poison","Choke","Underhanded Strike"],"picked":"SKIP","floor":14.0},{"not_picked":["Unload","Malaise"],"picked":"Bullet Time","floor":16.0},{"not_picked":["Dagger Throw","Skewer"],"picked":"Backflip","floor":18.0},{"not_picked":["Expertise","Dagger Spray"],"picked":"Crippling Poison","floor":21.0},{"not_picked":["Concentrate","Quick Slash","Choke+1"],"picked":"SKIP","floor":23.0},{"not_picked":["Prepared","Deadly Poison"],"picked":"Night Terror","floor":29.0},{"not_picked":["Underhanded Strike","Reflex","Blade Dance"],"picked":"SKIP","floor":31.0},{"not_picked":["Night Terror","Malaise"],"picked":"Corpse Explosion","floor":33.0},{"not_picked":["PiercingWail","Well Laid Plans"],"picked":"Dodge and Roll+1","floor":35.0},{"not_picked":["Poisoned Stab","Bane"],"picked":"PiercingWail+1","floor":37.0},{"not_picked":["Choke","Cloak And Dagger+1"],"picked":"Catalyst+1","floor":38.0},{"not_picked":["Slice","Prepared"],"picked":"Wraith Form v2","floor":41.0},{"not_picked":["Dagger Throw","Slice+1","All Out Attack"],"picked":"Singing Bowl","floor":42.0},{"not_picked":["Dodge and Roll","Setup","Blur"],"picked":"Singing Bowl","floor":45.0},{"not_picked":["Quick Slash","Slice","Underhanded Strike"],"picked":"Singing Bowl","floor":46.0},{"not_picked":["Dodge and Roll","Infinite Blades","Escape Plan"],"picked":"Singing Bowl","floor":49.0},{"not_picked":["Deadly Poison","Cloak And Dagger"],"picked":"Adrenaline","floor":56.0}],"player_experience":3043345,"relics_obtained":[{"floor":7.0,"key":"CeramicFish"},{"floor":9.0,"key":"Paper Crane"},{"floor":13.0,"key":"White Beast Statue"},{"floor":22.0,"key":"Sundial"},{"floor":23.0,"key":"Snake Skull"},{"floor":29.0,"key":"Omamori"},{"floor":41.0,"key":"Bag of Marbles"},{"floor":44.0,"key":"TungstenRod"},{"floor":49.0,"key":"StoneCalendar"},{"floor":56.0,"key":"FossilizedHelix"}],"event_choices":[{"damage_healed":0.0,"max_hp_gain":0.0,"max_hp_loss":0.0,"gold_gain":0.0,"event_name":"Scrap Ooze","player_choice":"Success","floor":3.0,"gold_loss":0.0,"damage_taken":18.0,"relics_obtained":["Vajra"]},{"damage_healed":0.0,"max_hp_gain":0.0,"max_hp_loss":0.0,"gold_gain":0.0,"event_name":"Liars Game","player_choice":"Ignored","floor":5.0,"gold_loss":0.0,"damage_taken":0.0},{"damage_healed":0.0,"max_hp_gain":0.0,"max_hp_loss":0.0,"gold_gain":0.0,"cards_transformed":["Strike_G"],"event_name":"Transmorgrifier","player_choice":"Transformed","floor":11.0,"gold_loss":0.0,"damage_taken":0.0,"cards_obtained":["Deflect"]},{"damage_healed":0.0,"max_hp_gain":0.0,"max_hp_loss":0.0,"gold_gain":50.0,"event_name":"Golden Shrine","player_choice":"Pray","floor":19.0,"gold_loss":0.0,"damage_taken":0.0},{"damage_healed":0.0,"max_hp_gain":0.0,"max_hp_loss":33.0,"gold_gain":0.0,"event_name":"Ghosts","player_choice":"Became a Ghost","floor":27.0,"gold_loss":0.0,"damage_taken":0.0,"cards_obtained":["Ghostly","Ghostly","Ghostly"]},{"damage_healed":0.0,"max_hp_gain":0.0,"max_hp_loss":0.0,"gold_gain":0.0,"event_name":"The Mausoleum","player_choice":"Ignored","floor":28.0,"gold_loss":0.0,"damage_taken":0.0},{"damage_healed":0.0,"max_hp_gain":0.0,"max_hp_loss":0.0,"gold_gain":0.0,"event_name":"Tomb of Lord Red Mask","player_choice":"Paid","floor":39.0,"gold_loss":77.0,"damage_taken":0.0,"relics_obtained":["Red Mask"]},{"cards_removed":["Poisoned Stab"],"damage_healed":5.0,"max_hp_gain":0.0,"max_hp_loss":0.0,"gold_gain":0.0,"event_name":"Bonfire Elementals","player_choice":"Offered Common","floor":40.0,"gold_loss":0.0,"damage_taken":0.0},{"cards_removed":["Poisoned Stab"],"damage_healed":5.0,"max_hp_gain":0.0,"max_hp_loss":0.0,"gold_gain":0.0,"event_name":"Bonfire Elementals","player_choice":"Offered Special","floor":40.0,"gold_loss":0.0,"damage_taken":0.0}],"is_beta":false,"boss_relics":[{"not_picked":["Runic Dome","SlaversCollar"],"picked":"Astrolabe"},{"not_picked":["Pandora\u0027s Box","WristBlade"],"picked":"Tiny House"}],"items_purged_floors":[20,55],"is_endless":false,"potions_floor_spawned":[1,14,16,18,21,23,29,31,33,35,37,38,41,42,45,46,49,56],"ascension_level":20}}