{"host":"l2lylj0omvglf5x0","time":1613725482,"event":{"mods":["2.2 Compatiblity","BaseMod","Bestiary","Block Reminder","Colored Map","Colored Powertips","Curses Come First","Highlight Path","Keyboard Shortcuts","Minty Spire (QoL Compilation)","Relic Sorter","Relic Stats","Slay the Relics Exporter","StSLib","SuperFastMode"],"gold_per_floor":[115,115,131,131,144,177,177,210,210,210,210,150,168,195,195,300,300,312,312,323,339,264,264,289,289,289,304,403,429,429,444,444,542,542,556,556,309,319,338,338,338],"floor_reached":40,"language":"ENG","playtime":1617,"items_purged":["Defend_R"],"score":752,"play_id":"56cc8e79-4742-4fb6-be78-c287bc887d5a","local_time":"20210219100442","is_ascension_mode":true,"campfire_choices":[{"data":"Bash","floor":7,"key":"SMITH"},{"floor":10,"key":"REST"},{"data":"Reaper","floor":15,"key":"SMITH"},{"data":"Berserk","floor":23,"key":"SMITH"},{"data":"Perfected Strike","floor":25,"key":"SMITH"},{"floor":30,"key":"REST"},{"floor":32,"key":"REST"}],"circlet_count":0,"master_deck":["AscendersBane","Strike_R","Strike_R","Strike_R+1","Strike_R","Strike_R","Defend_R+1","Defend_R","Defend_R","Bash+1","Perfected Strike+1","Perfected Strike+1","Reaper+1","Disarm+1","Spot Weakness+1","Juggernaut","Limit Break+1","Rupture","Seeing Red+1","Exhume+1","True Grit+1","Berserk+1","Bloodletting+1","Armaments+1","Twin Strike+1","Ghostly Armor+1","Dual Wield+1","Flame Barrier+1","Reaper","Cleave+1","Brutality","Perfected Strike","Metallicize","Battle Trance+1","Ghostly Armor+1"],"relics":["Philosopher\u0027s Stone","Toxic Egg 2","Kunai","Paper Frog","Eternal Feather","Bronze Scales","Prayer Wheel","Mark of Pain","Bottled Flame","Mummified Hand","Shuriken","Black Star","Lee\u0027s Waffle"],"acts_visited":["Exordium","TheCity","TheBeyond"],"potions_floor_usage":[6,14,24,31,33,39],"damage_taken":[{"damage":0,"enemies":"Cultist","floor":1,"turns":3},{"damage":0,"enemies":"2 Louse","floor":3,"turns":2},{"damage":0,"enemies":"Jaw Worm","floor":5,"turns":2},{"damage":22,"enemies":"3 Sentries","floor":6,"turns":7},{"damage":23,"enemies":"Gremlin Nob","floor":8,"turns":4},{"damage":21,"enemies":"Lots of Slimes","floor":13,"turns":4},{"damage":15,"enemies":"3 Sentries","floor":14,"turns":3},{"damage":21,"enemies":"The Guardian","floor":16,"turns":10},{"damage":20,"enemies":"Spheric Guardian","floor":18,"turns":4},{"damage":13,"enemies":"Shell Parasite","floor":20,"turns":3},{"damage":56,"enemies":"Centurion and Healer","floor":21,"turns":5},{"damage":28,"enemies":"Book of Stabbing","floor":24,"turns":5},{"damage":0,"enemies":"Snecko","floor":27,"turns":2},{"damage":53,"enemies":"Slavers","floor":29,"turns":7},{"damage":64,"enemies":"3 Cultists","floor":31,"turns":6},{"damage":53,"enemies":"Champ","floor":33,"turns":7},{"damage":39,"enemies":"3 Shapes","floor":35,"turns":6},{"damage":8,"enemies":"Orb Walker","floor":38,"turns":3},{"damage":43,"enemies":"Spire Growth","floor":39,"turns":5},{"damage":83,"enemies":"Giant Head","floor":40,"turns":6}],"seed_played":"1674434929510389441","potions_obtained":[{"floor":1,"key":"DuplicationPotion"},{"floor":13,"key":"DistilledChaos"},{"floor":21,"key":"Weak Potion"},{"floor":24,"key":"Regen Potion"},{"floor":29,"key":"Block Potion"},{"floor":33,"key":"FearPotion"},{"floor":38,"key":"PowerPotion"}],"is_trial":false,"path_per_floor":["M","?","M","?","M","E","R","E","T","R","T","?","M","E","R","B",null,"M","?","M","M","$","R","E","R","T","M","?","E","R","M","R","B",null,"M","?","$","M","M","E"],"character_chosen":"IRONCLAD","items_purchased":["Perfected Strike","Metallicize","Lee\u0027s Waffle"],"campfire_rested":3,"item_purchase_floors":[37,37,37],"current_hp_per_floor":[72,56,56,56,56,34,34,15,15,39,39,39,38,47,56,44,71,56,56,65,40,40,52,45,57,57,57,57,4,43,24,63,34,69,58,58,87,79,58,0,0],"gold":338,"neow_bonus":"BOSS_RELIC","is_daily":false,"chose_seed":false,"campfire_upgraded":4,"win_rate":0.0,"timestamp":1613725482,"path_taken":["M","?","M","?","?","E","R","E","T","R","?","?","M","E","R","BOSS","M","?","M","M","$","R","E","R","T","M","?","E","R","M","R","BOSS","M","?","$","?","M","E"],"items_purchased_type":["Card","Card","Relic"],"build_version":"2020-12-22","purchased_purges":1,"victory":false,"max_hp_per_floor":[80,80,80,80,80,80,80,80,80,80,80,80,80,80,80,80,80,80,80,80,80,80,80,80,80,80,80,80,80,80,80,80,80,80,80,80,87,87,87,87,87],"relic_stats":{"Lee\u0027s Waffle":29,"counters":[20,94],"Mummified Hand":[26],"Shuriken":[6],"Bronze Scales":[229],"Eternal Feather":63,"Prayer Wheel":8,"Black Star":0,"Kunai":[14],"obtain_stats":[{"Lee\u0027s Waffle":37,"Eternal Feather":11,"Burning Blood":0,"Bottled Flame":24,"Mummified Hand":26,"Shuriken":29,"Bronze Scales":12,"Philosopher\u0027s Stone":0,"Prayer Wheel":14,"Mark of Pain":17,"Black Star":34,"Kunai":8,"Toxic Egg 2":6,"Paper Frog":9},{"Lee\u0027s Waffle":17,"Eternal Feather":5,"Burning Blood":0,"Bottled Flame":12,"Mummified Hand":12,"Shuriken":14,"Bronze Scales":5,"Philosopher\u0027s Stone":0,"Prayer Wheel":7,"Mark of Pain":8,"Black Star":16,"Kunai":5,"Toxic Egg 2":4,"Paper Frog":5},{"Lee\u0027s Waffle":80,"Eternal Feather":18,"Burning Blood":0,"Bottled Flame":52,"Mummified Hand":52,"Shuriken":61,"Bronze Scales":18,"Philosopher\u0027s Stone":0,"Prayer Wheel":25,"Mark of Pain":35,"Black Star":74,"Kunai":18,"Toxic Egg 2":14,"Paper Frog":18}]},"card_choices":[{"not_picked":["Shrug It Off","Havoc"],"picked":"Perfected Strike","floor":1},{"not_picked":["Reckless Charge","Sword Boomerang"],"picked":"Perfected Strike","floor":3},{"not_picked":["Warcry","True Grit","Flex"],"picked":"SKIP","floor":5},{"not_picked":["Clothesline","Iron Wave"],"picked":"Reaper","floor":6},{"not_picked":["Dual Wield+1","Sword Boomerang"],"picked":"Disarm+1","floor":8},{"not_picked":["Reckless Charge","Shrug It Off+1"],"picked":"Spot Weakness+1","floor":13},{"not_picked":["Carnage","Pummel"],"picked":"Juggernaut","floor":14},{"not_picked":["Reaper","Exhume+1"],"picked":"Limit Break+1","floor":16},{"not_picked":["Twin Strike","Pommel Strike"],"picked":"Rupture","floor":18},{"not_picked":["Clash","Warcry+1","Thunderclap"],"picked":"SKIP","floor":18},{"not_picked":["Pummel","Cleave"],"picked":"Seeing Red+1","floor":20},{"not_picked":["Cleave","Armaments+1"],"picked":"Exhume+1","floor":20},{"not_picked":["Inflame","Clash"],"picked":"True Grit+1","floor":21},{"not_picked":["Flex+1","Iron Wave"],"picked":"Berserk","floor":21},{"not_picked":["Clash","Sever Soul"],"picked":"Bloodletting+1","floor":24},{"not_picked":["Clothesline+1","Thunderclap"],"picked":"Armaments+1","floor":27},{"not_picked":["Thunderclap","Body Slam"],"picked":"Twin Strike+1","floor":27},{"not_picked":["Havoc+1","Dropkick"],"picked":"Ghostly Armor+1","floor":29},{"not_picked":["Sentinel+1","Carnage"],"picked":"Dual Wield+1","floor":31},{"not_picked":["Headbutt","Armaments+1"],"picked":"Flame Barrier+1","floor":31},{"not_picked":["Feed","Limit Break+1"],"picked":"Reaper","floor":33},{"not_picked":["Wild Strike+1","Havoc+1"],"picked":"Cleave+1","floor":35},{"not_picked":["Blood for Blood","Reckless Charge"],"picked":"Brutality","floor":35},{"not_picked":["Sever Soul+1","Shockwave+1"],"picked":"Battle Trance+1","floor":38},{"not_picked":["Body Slam+1","Flex+1"],"picked":"Ghostly Armor+1","floor":38},{"not_picked":["Dual Wield+1","Rampage+1","Armaments+1"],"picked":"SKIP","floor":39},{"not_picked":["Wild Strike","True Grit+1","Anger"],"picked":"SKIP","floor":39}],"player_experience":994919,"relics_obtained":[{"floor":6,"key":"Toxic Egg 2"},{"floor":8,"key":"Kunai"},{"floor":9,"key":"Paper Frog"},{"floor":11,"key":"Eternal Feather"},{"floor":14,"key":"Prayer Wheel"},{"floor":24,"key":"Bottled Flame"},{"floor":26,"key":"Mummified Hand"},{"floor":29,"key":"Shuriken"}],"event_choices":[{"damage_healed":0,"gold_gain":0,"player_choice":"Entered Light","damage_taken":16,"max_hp_gain":0,"max_hp_loss":0,"event_name":"Shining Light","floor":2,"gold_loss":0,"cards_upgraded":["Defend_R","Strike_R"]},{"damage_healed":0,"gold_gain":0,"player_choice":"Forge","damage_taken":0,"max_hp_gain":0,"max_hp_loss":0,"event_name":"Accursed Blacksmith","floor":4,"gold_loss":0,"cards_upgraded":["Perfected Strike"]},{"damage_healed":0,"gold_gain":0,"player_choice":"Paid Gold","damage_taken":0,"relics_obtained":["Bronze Scales"],"max_hp_gain":0,"max_hp_loss":0,"event_name":"WeMeetAgain","floor":12,"gold_loss":60},{"damage_healed":0,"gold_gain":0,"player_choice":"Ignored","damage_taken":0,"max_hp_gain":0,"max_hp_loss":0,"event_name":"Ghosts","floor":19,"gold_loss":0},{"damage_healed":0,"gold_gain":99,"player_choice":"Stole From Cult","damage_taken":0,"max_hp_gain":0,"max_hp_loss":0,"event_name":"Nest","floor":28,"gold_loss":0},{"damage_healed":0,"gold_gain":0,"player_choice":"Ignored","damage_taken":0,"max_hp_gain":0,"max_hp_loss":0,"event_name":"SecretPortal","floor":36,"gold_loss":0}],"is_beta":false,"boss_relics":[{"not_picked":["Pandora\u0027s Box","Runic Dome"],"picked":"Mark of Pain"},{"not_picked":["Empty Cage","SlaversCollar"],"picked":"Black Star"}],"items_purged_floors":[22],"is_endless":false,"potions_floor_spawned":[1,13,21,24,29,33,38],"killed_by":"Giant Head","ascension_level":11}}