{"host":"36t3qd3wjvajtu1z","time":1613694852,"event":{"mods":["2.2 Compatiblity","AchievementEnabler","BaseMod","Bestiary","Block Reminder","Colored Powertips","Curses Come First","Filter the Spire","Highlight Path","Minty Spire (QoL Compilation)","Permanent Neow","Quick Restart","Random Character Button","Rare Cards Sparkle","Relic Stats","Slay-I","StSLib","Unknown Chances"],"gold_per_floor":[112,12,26,26,44,77,88,113,113,147,164,164,13,29,29,105,105,124,142,142,162,162,193,13,13,40,40,70,70,100,115,115,115,115],"floor_reached":33,"language":"ENG","playtime":1506,"items_purged":["Writhe","Strike_B"],"score":585,"play_id":"7e397d3c-5630-4449-b129-f39549bcb923","local_time":"20210218163412","is_ascension_mode":true,"campfire_choices":[{"floor":12,"key":"REST"},{"data":"Sunder","floor":15,"key":"SMITH"},{"data":"Apotheosis","floor":25,"key":"SMITH"},{"floor":27,"key":"REST"},{"floor":32,"key":"REST"}],"circlet_count":0,"master_deck":["AscendersBane","Strike_B","Strike_B","Defend_B","Defend_B","Defend_B","Defend_B","Zap","Dualcast","Conserve Battery","Sweeping Beam","Ball Lightning","Streamline","Leap","Sunder+1","Undo","Hologram","Rebound","Go for the Eyes","Meteor Strike","Melter","White Noise","Electrodynamics","Apotheosis+1","Biased Cognition","Defragment","Turbo"],"relics":["Cracked Core","StoneCalendar","Anchor","Pocketwatch","Blue Candle","Pear","Bronze Scales","Black Star","Letter Opener","Potion Belt","Gremlin Horn","Akabeko","Art of War","Turnip","Ornamental Fan","The Courier"],"acts_visited":["Exordium","TheCity"],"potions_floor_usage":[6,10,16,21,23],"damage_taken":[{"damage":7.0,"enemies":"Jaw Worm","floor":1.0,"turns":3.0},{"damage":0.0,"enemies":"2 Louse","floor":3.0,"turns":1.0},{"damage":1,"enemies":"Small Slimes","floor":5,"turns":3},{"damage":15,"enemies":"3 Sentries","floor":6,"turns":6},{"damage":8,"enemies":"Blue Slaver","floor":7,"turns":3},{"damage":14,"enemies":"Lagavulin","floor":8,"turns":7},{"damage":16,"enemies":"Gremlin Nob","floor":10,"turns":3},{"damage":0,"enemies":"Exordium Thugs","floor":11,"turns":4},{"damage":1,"enemies":"Large Slime","floor":14,"turns":4},{"damage":2,"enemies":"The Guardian","floor":16,"turns":9},{"damage":1,"enemies":"Shell Parasite","floor":18,"turns":7},{"damage":1,"enemies":"Spheric Guardian","floor":19,"turns":3},{"damage":6,"enemies":"Snecko","floor":21,"turns":5},{"damage":33,"enemies":"Book of Stabbing","floor":23,"turns":6},{"damage":43,"enemies":"Slavers","floor":28,"turns":5},{"damage":14,"enemies":"Gremlin Leader","floor":30,"turns":6},{"damage":0,"enemies":"Snake Plant","floor":31,"turns":4},{"damage":34,"enemies":"Automaton","floor":33,"turns":4}],"seed_played":"-3565322168035992607","potions_obtained":[{"floor":3.0,"key":"SkillPotion"},{"floor":7,"key":"SteroidPotion"},{"floor":11,"key":"Ancient Potion"},{"floor":14,"key":"Strength Potion"},{"floor":16,"key":"SpeedPotion"},{"floor":21,"key":"Block Potion"},{"floor":28,"key":"SmokeBomb"}],"is_trial":false,"path_per_floor":["M","$","M","?","M","E","M","E","T","E","M","R","$","M","R","B",null,"M","M","?","M","T","E","$","R","T","R","E","?","E","M","R","B"],"character_chosen":"DEFECT","items_purchased":["Conserve Battery","Rebound","Apotheosis"],"campfire_rested":3,"item_purchase_floors":[2,13,24],"current_hp_per_floor":[57,57,57,52,51,36,28,14,24,8,8,32,32,31,31,29,68,67,66,66,60,60,27,27,27,27,51,8,24,10,10,34,0,0],"gold":115,"neow_bonus":"ONE_RARE_RELIC","is_daily":false,"chose_seed":false,"campfire_upgraded":2,"win_rate":0.0,"timestamp":1613694852,"path_taken":["M","$","M","?","M","E","M","E","T","E","M","R","$","M","R","BOSS","M","M","?","M","?","E","?","R","T","R","E","?","E","M","R","BOSS"],"items_purchased_type":["Card","Card","Card"],"build_version":"2020-12-22","purchased_purges":2,"victory":false,"max_hp_per_floor":[71,71,71,71,71,71,71,71,81,81,81,81,81,81,81,81,81,81,81,81,81,81,81,81,81,81,81,81,81,81,81,81,81,81],"relic_stats":{"Gremlin Horn":[9,9],"counters":[18,83],"Ornamental Fan":[4],"Blue Candle":[0],"Bronze Scales":[192],"StoneCalendar":[75],"Turnip":[2],"Black Star":3,"Art of War":[3],"Letter Opener":[52],"obtain_stats":[{"Potion Belt":23,"Pear":9,"Gremlin Horn":23,"Blue Candle":8,"StoneCalendar":0,"The Courier":30,"Letter Opener":22,"Akabeko":26,"Anchor":4,"Ornamental Fan":30,"Bronze Scales":10,"Turnip":28,"Black Star":17,"Art of War":28,"Cracked Core":0,"Pocketwatch":6},{"Potion Belt":14,"Pear":6,"Gremlin Horn":14,"Blue Candle":6,"StoneCalendar":0,"The Courier":16,"Letter Opener":13,"Akabeko":14,"Anchor":2,"Ornamental Fan":16,"Bronze Scales":7,"Turnip":15,"Black Star":10,"Art of War":15,"Cracked Core":0,"Pocketwatch":4},{"Potion Belt":64,"Pear":23,"Gremlin Horn":64,"Blue Candle":23,"StoneCalendar":0,"The Courier":75,"Letter Opener":58,"Akabeko":64,"Anchor":4,"Ornamental Fan":75,"Bronze Scales":26,"Turnip":69,"Black Star":43,"Art of War":69,"Cracked Core":0,"Pocketwatch":13}],"Pocketwatch":[112]},"card_choices":[{"not_picked":["Tempest","Redo","Steam"],"picked":"SKIP","floor":1.0},{"not_picked":["Gash","Leap"],"picked":"Sweeping Beam","floor":3.0},{"not_picked":["Coolheaded","Go for the Eyes"],"picked":"Ball Lightning","floor":5},{"not_picked":["Beam Cell","Capacitor"],"picked":"Streamline","floor":6},{"not_picked":["Streamline","Sweeping Beam"],"picked":"Leap","floor":7},{"not_picked":["Hologram","Consume"],"picked":"Sunder","floor":8},{"not_picked":["Double Energy","Skim"],"picked":"Undo","floor":10},{"not_picked":["Streamline","Compile Driver"],"picked":"Hologram","floor":11},{"not_picked":["Reboot","Scrape"],"picked":"Go for the Eyes","floor":14},{"not_picked":["Fission","Thunder Strike"],"picked":"Meteor Strike","floor":16},{"not_picked":["Compile Driver","Cold Snap"],"picked":"Melter","floor":18},{"not_picked":["Compile Driver","Darkness","Sweeping Beam"],"picked":"SKIP","floor":19},{"not_picked":["Compile Driver","Darkness","Sweeping Beam"],"picked":"SKIP","floor":19},{"not_picked":["Ball Lightning","Go for the Eyes"],"picked":"White Noise","floor":21},{"not_picked":["Reprogram","Auto Shields"],"picked":"Electrodynamics","floor":23},{"not_picked":["Streamline","Auto Shields"],"picked":"Biased Cognition","floor":28},{"not_picked":["Hologram","Sweeping Beam"],"picked":"Defragment","floor":30},{"not_picked":["Chaos","Streamline"],"picked":"Turbo","floor":31}],"player_experience":546132,"relics_obtained":[{"floor":6,"key":"Pocketwatch"},{"floor":8,"key":"Blue Candle"},{"floor":9,"key":"Pear"},{"floor":10,"key":"Bronze Scales"},{"floor":22,"key":"Letter Opener"},{"floor":23,"key":"Potion Belt"},{"floor":23,"key":"Gremlin Horn"},{"floor":26,"key":"Akabeko"},{"floor":28,"key":"Art of War"},{"floor":28,"key":"Turnip"},{"floor":30,"key":"Ornamental Fan"},{"floor":30,"key":"The Courier"}],"event_choices":[{"damage_healed":0.0,"max_hp_gain":0.0,"max_hp_loss":0.0,"gold_gain":0.0,"event_name":"Scrap Ooze","player_choice":"Success","floor":4.0,"gold_loss":0.0,"damage_taken":5.0,"relics_obtained":["Anchor"]},{"cards_removed":["Strike_B"],"damage_healed":0,"gold_gain":0,"player_choice":"Elegance","damage_taken":0,"max_hp_gain":0,"max_hp_loss":0,"event_name":"Back to Basics","floor":20,"gold_loss":0},{"damage_healed":16,"gold_gain":0,"player_choice":"Heal","damage_taken":0,"max_hp_gain":0,"max_hp_loss":0,"event_name":"The Library","floor":29,"gold_loss":0}],"is_beta":false,"boss_relics":[{"not_picked":["Velvet Choker","Inserter"],"picked":"Black Star"}],"items_purged_floors":[2,13],"is_endless":false,"potions_floor_spawned":[3,7,11,14,16,19,21,28],"killed_by":"Automaton","ascension_level":16}}