{"host":"cgwysqtmt736mr58","time":1613748773,"event":{"mods":["2.2 Compatiblity","Aspiration","BaseMod","Beaked The Cultist","BetterRewards","Colored Map","Colored Powertips","Downfall","Duelist Mod","GifTheSpireLib","Googly Eyes","Halation","Hermit","Hubris","Infinite Spire","Lobotomy","LobotomyExtend","Minty Spire (QoL Compilation)","Relic Stats","Replay The Spire","Shade Mod","Shop Mod","StSLib","The Construct","The Cursed","The Disciple","The Exalted","The Necromancer","The Runesmith","Waifu the Spire","Yuri Mod"],"gold_per_floor":[99,111,131,131,146,178,178,190,190,236,74,74,74,85,104,201,201,201,214,232,232,232,248,317,317,351,351,351,351],"floor_reached":27,"language":"ENG","playtime":1337,"items_purged":[],"score":450,"play_id":"7af33750-150d-4b39-974b-e4fe26008451","local_time":"20210220023253","is_ascension_mode":true,"campfire_choices":[{"floor":1,"key":"DIG"},{"floor":13,"key":"REST"},{"floor":25,"key":"REST"}],"circlet_count":0,"master_deck":["AscendersBane","bronze:Strike","bronze:Strike","bronze:Strike","bronze:Strike","bronze:Defend","bronze:Defend","bronze:Defend","bronze:Defend","bronze:Replicate","bronze:Goto","Swift Strike+1","bronze:OilSpill","bronze:Backtrace","bronze:Iterate","bronze:Mutator","bronze:Backtrace","bronze:WhirlingStrike","bronze:OilSpill","AbeCurse","bronze:FineTuning","bronze:Verify","Regret","hubris:Despair","hubris:Disease","bronze:Boost","bronze:WhirlingStrike+1","bronze:ItsAFeature"],"relics":["bronze:BronzeCore","aspiration:ChemicalBlood","LetterFromLob","Runesmith:AutoHammer","Lantern","halation:LettersToHer","halation:Jellyphish","Replay:Ancient Bell","Bromod:ArcaneMomentum","Mercury Hourglass","hubris:64BitClover","hubris:Backtick","Bromod:ArcaneTrickery","Bottled Flame","Replay:WaspNest","Snecko Eye"],"acts_visited":["Exordium","TheCity"],"potions_floor_usage":[5,6,12,15,16,16,16,19,19,20,20,23,23],"damage_taken":[{"damage":6,"enemies":"2 Louse","floor":2,"turns":3},{"damage":1,"enemies":"Cultist","floor":3,"turns":3},{"damage":12,"enemies":"Jaw Worm","floor":5,"turns":2},{"damage":25,"enemies":"Lagavulin","floor":6,"turns":5},{"damage":0,"enemies":"Exordium Wildlife","floor":8,"turns":2},{"damage":10,"enemies":"downfall:FleeingMerchant","floor":11,"turns":4},{"damage":0,"enemies":"Blue Slaver","floor":14,"turns":2},{"damage":0,"enemies":"Exordium Thugs","floor":15,"turns":2},{"damage":33,"enemies":"SI_SHIV_ARCHETYPE","floor":16,"turns":7},{"damage":17,"enemies":"Shell Parasite","floor":19,"turns":4},{"damage":39,"enemies":"Shelled Parasite and Fungi","floor":20,"turns":4},{"damage":11,"enemies":"Sentry and Sphere","floor":23,"turns":3},{"damage":2,"enemies":"Gremlin Leader","floor":26,"turns":5},{"damage":24,"enemies":"Snake Plant","floor":27,"turns":1}],"seed_played":"-3793370819500674300","potions_obtained":[{"floor":3,"key":"FearPotion"},{"floor":8,"key":"Toxic Potion"},{"floor":12,"key":"Fruit Juice"},{"floor":12,"key":"DistilledChaos"},{"floor":15,"key":"ColorlessPotion"},{"floor":18,"key":"Venom Potion"},{"floor":18,"key":"PowerPotion"},{"floor":19,"key":"Doom Potion"}],"is_trial":false,"path_per_floor":["R_BF","M","M","?","M","E","T","M","?","T","$","?","R","M","M","B",null,"R_BF","M","M","?","AVR","M","T","R","E","M"],"character_chosen":"THE_AUTOMATON","items_purchased":["halation:Jellyphish"],"campfire_rested":2,"item_purchase_floors":[11],"current_hp_per_floor":[63,57,56,56,44,19,19,19,19,19,9,14,36,36,36,3,57,57,40,12,12,12,1,1,23,21,0,0,0],"gold":351,"neow_bonus":"RANDOM_COLORLESS","is_daily":false,"chose_seed":false,"campfire_upgraded":0,"win_rate":0.0,"timestamp":1613748773,"path_taken":["R_BF","M","M","?","?","E","T","M","?","?","?","?","R","M","M","BOSS","R_BF","M","M","?","AVR","?","T","R","E","M"],"items_purchased_type":["Relic"],"build_version":"2020-12-22","purchased_purges":0,"victory":false,"max_hp_per_floor":[70,70,70,70,70,70,70,70,70,70,70,75,75,75,75,75,75,75,75,75,75,75,75,75,75,75,75,75,75],"relic_stats":{"counters":[14,47],"Snecko Eye":[0,0,0,0],"obtain_stats":[{"Lantern":7,"bronze:BronzeCore":0,"hubris:64BitClover":17,"Replay:WaspNest":26,"Juzu Bracelet":14,"Replay:Ancient Bell":17,"Bromod:ArcaneMomentum":17,"Mercury Hourglass":17,"bronze:BronzeIdol":19,"hubris:BlackHole":23,"Bottled Flame":24,"hubris:Backtick":22,"halation:PrussianBluePaint":16,"Bromod:ArcaneTrickery":22,"halation:Jellyphish":11,"Snecko Eye":27,"Bromod:ArcaneBarrier":26,"hubris:BundleOfHerbs":20,"LetterFromLob":2,"Runesmith:AutoHammer":6,"halation:LettersToHer":10,"Abe\u0027s Treasure":15,"aspiration:ChemicalBlood":1},{"Lantern":4,"bronze:BronzeCore":0,"hubris:64BitClover":9,"Replay:WaspNest":13,"Juzu Bracelet":6,"Replay:Ancient Bell":9,"Bromod:ArcaneMomentum":9,"Mercury Hourglass":9,"bronze:BronzeIdol":9,"hubris:BlackHole":11,"Bottled Flame":12,"hubris:Backtick":11,"halation:PrussianBluePaint":8,"Bromod:ArcaneTrickery":11,"halation:Jellyphish":6,"Snecko Eye":13,"Bromod:ArcaneBarrier":12,"hubris:BundleOfHerbs":10,"LetterFromLob":1,"Runesmith:AutoHammer":4,"halation:LettersToHer":5,"Abe\u0027s Treasure":7,"aspiration:ChemicalBlood":0},{"Lantern":13,"bronze:BronzeCore":0,"hubris:64BitClover":30,"Replay:WaspNest":46,"Juzu Bracelet":19,"Replay:Ancient Bell":30,"Bromod:ArcaneMomentum":30,"Mercury Hourglass":30,"bronze:BronzeIdol":30,"hubris:BlackHole":38,"Bottled Flame":41,"hubris:Backtick":38,"halation:PrussianBluePaint":23,"Bromod:ArcaneTrickery":38,"halation:Jellyphish":19,"Snecko Eye":46,"Bromod:ArcaneBarrier":41,"hubris:BundleOfHerbs":34,"LetterFromLob":3,"Runesmith:AutoHammer":13,"halation:LettersToHer":15,"Abe\u0027s Treasure":21,"aspiration:ChemicalBlood":0}],"Mercury Hourglass":[45]},"card_choices":[{"not_picked":["Impatience","Enlightenment"],"picked":"Swift Strike","floor":0},{"not_picked":["bronze:Branch","bronze:Repair"],"picked":"bronze:OilSpill","floor":2},{"not_picked":["bronze:FollowUp","bronze:Philosophize"],"picked":"bronze:Backtrace","floor":3},{"not_picked":["bronze:BronzeArmor","bronze:Deprecate"],"picked":"bronze:Iterate","floor":5},{"not_picked":["bronze:FineTuning","bronze:Constructor"],"picked":"bronze:Mutator","floor":6},{"not_picked":["bronze:Flail","bronze:Optimize"],"picked":"bronze:Backtrace","floor":8},{"not_picked":["bronze:FollowUp","bronze:Constructor"],"picked":"bronze:WhirlingStrike","floor":11},{"not_picked":["bronze:Iterate","bronze:Frontload"],"picked":"bronze:OilSpill","floor":14},{"not_picked":["bronze:Constructor","bronze:CutThrough"],"picked":"bronze:FineTuning","floor":15},{"not_picked":["bronze:RecursiveStrike","bronze:CleanCode"],"picked":"bronze:Verify","floor":16},{"not_picked":["hubris:Sloth","Overencumbered"],"picked":"Regret","floor":17},{"not_picked":["Replay:Hysterical Blindness","downfall:Bewildered"],"picked":"hubris:Despair","floor":17},{"not_picked":["hubris:Compulsion","SwitchConfidence"],"picked":"hubris:Disease","floor":17},{"not_picked":["bronze:Deprecate","bronze:Overheat","bronze:Constructor"],"picked":"SKIP","floor":19},{"not_picked":["bronze:Shield","bronze:Invalidate"],"picked":"bronze:Boost","floor":20},{"not_picked":["bronze:Deprecate","bronze:Frontload"],"picked":"bronze:WhirlingStrike+1","floor":23},{"not_picked":["bronze:Branch","bronze:Iterate"],"picked":"bronze:ItsAFeature","floor":26}],"player_experience":1107216,"relics_obtained":[{"floor":1,"key":"aspiration:ChemicalBlood"},{"floor":2,"key":"LetterFromLob"},{"floor":6,"key":"Runesmith:AutoHammer"},{"floor":7,"key":"Lantern"},{"floor":10,"key":"halation:LettersToHer"},{"floor":24,"key":"halation:LettersToHer"},{"floor":24,"key":"Bottled Flame"},{"floor":26,"key":"Replay:WaspNest"}],"event_choices":[{"damage_healed":0,"gold_gain":0,"player_choice":"Grow","damage_taken":0,"max_hp_gain":0,"max_hp_loss":0,"event_name":"Living Wall","floor":9,"gold_loss":0,"cards_upgraded":["Swift Strike"]},{"damage_healed":0,"gold_gain":0,"player_choice":"Got Potions","damage_taken":0,"max_hp_gain":0,"max_hp_loss":0,"event_name":"Lab","floor":12,"gold_loss":0}],"is_beta":false,"boss_relics":[{"not_picked":["Philosopher\u0027s Stone","aspiration:MobileForge"],"picked":"Replay:Ancient Bell"},{"not_picked":["Centennial Puzzle","infinitespire:Beetle Shell"],"picked":"Bromod:ArcaneMomentum"},{"not_picked":["infinitespire:Broken Mirror","Replay:Bottled Eggs"],"picked":"Mercury Hourglass"},{"not_picked":["hubris:Potato","Incense Burner"],"picked":"hubris:64BitClover"}],"items_purged_floors":[],"is_endless":false,"potions_floor_spawned":[3,8,15,19,20],"killed_by":"Snake Plant","ascension_level":10}}