{"host":"x4954lblgztusody","time":1613698468,"event":{"mods":["BaseMod","Clockwork Mod","Colored Map","Curses Come First","Minty Spire (QoL Compilation)","Rare Cards Sparkle","Shop Mod","StSLib","The Animator","WarShipGirlsR/战舰少女R mod"],"gold_per_floor":[212,238,255,279,291,291,366,378,378,378,49,74,103,121,121,121,121],"floor_reached":16,"language":"ENG","playtime":1268,"items_purged":["animator:Strike"],"score":103,"play_id":"34586130-b354-4f1d-9b29-169497240253","local_time":"20210218173428","is_ascension_mode":true,"campfire_choices":[{"data":"animator:Entoma","floor":6,"key":"SMITH"},{"data":"animator:Entoma+3","floor":15,"key":"SMITH"}],"circlet_count":0,"master_deck":["animator:Strike_Overlord","animator:Defend_Overlord","animator:Strike","animator:Strike","animator:Defend","animator:Defend","animator:Defend","animator:Cocytus","animator:Demiurge","animator:KrulTepes","animator:Entoma+4","animator:ChlammyZell"],"relics":["animator:LivingPicture","animator:TheMissingPiece","animator:PurgingStone","Blood Vial","Gremlin Horn","Golden Idol","PreservedInsect","Odd Mushroom"],"acts_visited":["Exordium"],"potions_floor_usage":[5,13,14,16,16],"damage_taken":[{"damage":0,"enemies":"Cultist","floor":1,"turns":4},{"damage":9,"enemies":"Small Slimes","floor":2,"turns":4},{"damage":7,"enemies":"Jaw Worm","floor":3,"turns":4},{"damage":13,"enemies":"Blue Slaver","floor":5,"turns":4},{"damage":8,"enemies":"Large Slime","floor":8,"turns":6},{"damage":14,"enemies":"3 Louse","floor":12,"turns":5},{"damage":6,"enemies":"The Mushroom Lair","floor":13,"turns":4},{"damage":3,"enemies":"2 Fungi Beasts","floor":14,"turns":2},{"damage":15,"enemies":"Hexaghost","floor":16,"turns":7}],"seed_played":"-7585331126066924481","potions_obtained":[{"floor":3,"key":"BlessingOfTheForge"},{"floor":13,"key":"AttackPotion"},{"floor":14,"key":"LiquidMemories"}],"is_trial":false,"path_per_floor":["M","M","M","T","M","R","?","M","T","?","$","M","?","M","R","B"],"character_chosen":"THE_ANIMATOR","items_purchased":["PreservedInsect","Block Potion","FearPotion"],"campfire_rested":0,"item_purchase_floors":[11,11,11],"current_hp_per_floor":[66,57,50,50,39,39,28,22,22,22,22,10,8,9,9,0,0],"gold":121,"neow_bonus":"HUNDRED_GOLD","is_daily":false,"chose_seed":false,"campfire_upgraded":2,"win_rate":0.0,"timestamp":1613698468,"path_taken":["M","M","M","?","M","R","?","M","T","?","$","M","?","M","R","BOSS"],"items_purchased_type":["Relic","Potion","Potion"],"build_version":"2020-12-22","purchased_purges":1,"victory":false,"max_hp_per_floor":[66,66,66,66,66,66,66,66,66,61,61,61,63,65,65,65,65],"card_choices":[{"not_picked":["animator:Togame","animator:Aqua"],"picked":"animator:KrulTepes","floor":1},{"not_picked":["animator:FielNirvalen","animator:Azekura"],"picked":"animator:Entoma","floor":2},{"not_picked":["animator:Chung","animator:Assassin","animator:Rider"],"picked":"SKIP","floor":3},{"not_picked":["animator:Shalltear","animator:HiiragiShinya"],"picked":"animator:ChlammyZell","floor":8},{"not_picked":["animator:Hitei","animator:HiiragiShinya","animator:PandorasActor"],"picked":"SKIP","floor":12},{"not_picked":["animator:Shinoa","animator:PandorasActor","animator:Aisha"],"picked":"SKIP","floor":14}],"player_experience":73385,"relics_obtained":[{"floor":4,"key":"Blood Vial"},{"floor":9,"key":"Gremlin Horn"},{"floor":13,"key":"Odd Mushroom"}],"event_choices":[{"damage_healed":0,"gold_gain":75,"player_choice":"Gather Gold","damage_taken":11,"max_hp_gain":0,"max_hp_loss":0,"event_name":"World of Goop","floor":7,"gold_loss":0},{"damage_healed":0,"gold_gain":0,"player_choice":"Lose Max HP","damage_taken":0,"relics_obtained":["Golden Idol"],"max_hp_gain":0,"max_hp_loss":5,"event_name":"Golden Idol","floor":10,"gold_loss":0},{"damage_healed":0,"gold_gain":0,"player_choice":"Fought Mushrooms","damage_taken":0,"max_hp_gain":0,"max_hp_loss":0,"event_name":"Mushrooms","floor":13,"gold_loss":0}],"is_beta":false,"boss_relics":[],"items_purged_floors":[11],"is_endless":false,"potions_floor_spawned":[3,13,14],"killed_by":"Hexaghost","ascension_level":2}}