{"host":"guk5h31bsklpp7e4","time":1613720792,"event":{"mods":["AchievementEnabler","BaseMod","Colored Map","Colored Powertips","Highlight Path","Minty Spire (QoL Compilation)","Quick Restart","Rare Cards Sparkle"],"gold_per_floor":[19,33,33,33,45,77,77,105,105,125,185,185,185,214,214,318,318,337,337,337,353,197,197,211,244,244,244,254,280,280,295,295,394,394,394,139,153,203,203,203,15,15,15,15,50,76,92,119,119,119],"floor_reached":51,"language":"ENG","playtime":2961,"items_purged":["Defend_R","Strike_R"],"score":998,"play_id":"e1624ec1-a0c9-406d-a749-1ba322feeabb","local_time":"20210219024632","is_ascension_mode":true,"campfire_choices":[{"data":"True Grit","floor":7.0,"key":"SMITH"},{"data":"Wild Strike","floor":13,"key":"SMITH"},{"data":"Body Slam","floor":15,"key":"SMITH"},{"data":"Limit Break","floor":23,"key":"SMITH"},{"data":"True Grit","floor":30,"key":"SMITH"},{"floor":32,"key":"REST"},{"data":"Uppercut","floor":40,"key":"SMITH"},{"data":"Feel No Pain","floor":42,"key":"SMITH"},{"data":"Disarm","floor":44,"key":"SMITH"},{"floor":49,"key":"REST"}],"circlet_count":0,"master_deck":["Strike_R","Strike_R","Defend_R","Defend_R+1","Bash","Wild Strike+1","Sever Soul","Uppercut+1","Clash","True Grit+1","Clash","Spot Weakness","Pommel Strike","Body Slam+1","Limit Break+1","Clothesline+1","Wild Strike","Evolve","True Grit+1","Burning Pact+1","Barricade","Feel No Pain+1","Disarm+1","Heavy Blade+1","Clothesline+1"],"relics":["Burning Blood","CaptainsWheel","Ornamental Fan","Odd Mushroom","Shuriken","PreservedInsect","Bag of Marbles","Snecko Eye","Oddly Smooth Stone","Mercury Hourglass","Pocketwatch","Red Mask","Velvet Choker","Strawberry","WingedGreaves","ClockworkSouvenir","The Courier","Kunai","InkBottle","War Paint"],"acts_visited":["Exordium","TheCity","TheBeyond"],"potions_floor_usage":[18,33,35,47,50],"damage_taken":[{"damage":3.0,"enemies":"2 Louse","floor":1.0,"turns":3.0},{"damage":2.0,"enemies":"Jaw Worm","floor":2.0,"turns":3.0},{"damage":4.0,"enemies":"Small Slimes","floor":5.0,"turns":4.0},{"damage":2.0,"enemies":"Gremlin Nob","floor":6.0,"turns":3.0},{"damage":9.0,"enemies":"The Mushroom Lair","floor":8.0,"turns":4.0},{"damage":4.0,"enemies":"Blue Slaver","floor":10.0,"turns":2.0},{"damage":17,"enemies":"3 Sentries","floor":11,"turns":6},{"damage":11,"enemies":"Lagavulin","floor":14,"turns":4},{"damage":35,"enemies":"Hexaghost","floor":16,"turns":7},{"damage":14,"enemies":"Shell Parasite","floor":18,"turns":3},{"damage":1,"enemies":"Spheric Guardian","floor":21,"turns":3},{"damage":19,"enemies":"Snake Plant","floor":24,"turns":3},{"damage":9,"enemies":"Book of Stabbing","floor":25,"turns":2},{"damage":0,"enemies":"3 Cultists","floor":28,"turns":3},{"damage":19,"enemies":"Masked Bandits","floor":29,"turns":5},{"damage":4,"enemies":"Cultist and Chosen","floor":31,"turns":4},{"damage":39,"enemies":"Collector","floor":33,"turns":7},{"damage":0,"enemies":"3 Darklings","floor":35,"turns":2},{"damage":0,"enemies":"Orb Walker","floor":37,"turns":2},{"damage":0,"enemies":"Mind Bloom Boss Battle","floor":38,"turns":4},{"damage":7,"enemies":"Nemesis","floor":45,"turns":7},{"damage":0,"enemies":"Giant Head","floor":46,"turns":6},{"damage":15,"enemies":"4 Shapes","floor":47,"turns":3},{"damage":28,"enemies":"Awakened One","floor":50,"turns":8}],"seed_played":"1454011632838297323","potions_obtained":[{"floor":5.0,"key":"AttackPotion"},{"floor":8.0,"key":"Swift Potion"},{"floor":14,"key":"SmokeBomb"},{"floor":21,"key":"FearPotion"},{"floor":29,"key":"Block Potion"},{"floor":31,"key":"ElixirPotion"},{"floor":46,"key":"BloodPotion"},{"floor":47,"key":"SteroidPotion"}],"is_trial":false,"path_per_floor":["M","M","?","?","M","E","R","?","T","M","?","?","R","E","R","B",null,"M","?","?","M","$","R","M","E","T","T","M","?","R","M","R","B",null,"M","$","M","?","?","R","$","R","T","R","E","E","M","T","R","B",null],"character_chosen":"IRONCLAD","items_purchased":["Evolve","Strawberry","ClockworkSouvenir","Disarm"],"campfire_rested":2,"item_purchase_floors":[22,36,41,41],"current_hp_per_floor":[75,79,79,72,74,78,78,75,75,77,66,71,71,66,66,37,73,65,65,85,85,85,85,72,69,69,69,75,62,62,64,85,52,77,83,90,92,92,92,92,92,92,92,92,91,92,83,83,92,88],"gold":119,"neow_bonus":"ONE_RARE_RELIC","is_daily":false,"chose_seed":false,"campfire_upgraded":8,"win_rate":0.0,"timestamp":1613720792,"path_taken":["M","M","?","?","M","E","R","?","T","M","?","?","R","E","R","BOSS","M","?","?","M","?","R","M","E","T","?","M","?","R","?","R","BOSS","M","$","?","?","?","R","$","R","T","R","E","E","?","?","R","BOSS"],"items_purchased_type":["Card","Relic","Relic","Card"],"build_version":"2020-12-22","purchased_purges":2,"victory":true,"max_hp_per_floor":[80,80,80,80,80,80,80,80,80,80,80,85,85,85,85,85,85,85,85,85,85,85,85,85,85,85,85,85,85,85,85,85,85,85,85,92,92,92,92,92,92,92,92,92,92,92,92,92,92,92],"card_choices":[{"not_picked":["Power Through","Havoc"],"picked":"Wild Strike","floor":1.0},{"not_picked":["Iron Wave","Twin Strike"],"picked":"Sever Soul","floor":2.0},{"not_picked":["Twin Strike","Heavy Blade"],"picked":"Clash","floor":5.0},{"not_picked":["Headbutt","Carnage"],"picked":"True Grit","floor":6.0},{"not_picked":["Clothesline","Headbutt"],"picked":"Clash","floor":8.0},{"not_picked":["Intimidate","Exhume"],"picked":"Spot Weakness","floor":10},{"not_picked":["Havoc","Headbutt"],"picked":"Pommel Strike","floor":11},{"not_picked":["Whirlwind","Bludgeon"],"picked":"Body Slam","floor":14},{"not_picked":["Impervious","Reaper"],"picked":"Limit Break","floor":16},{"not_picked":["Cleave+1","Inflame"],"picked":"Clothesline+1","floor":18},{"not_picked":["Twin Strike+1","Thunderclap"],"picked":"Wild Strike","floor":21},{"not_picked":["Brutality","Pummel+1","Flex"],"picked":"SKIP","floor":24},{"not_picked":["Havoc","Headbutt","Cleave"],"picked":"SKIP","floor":25},{"not_picked":["Thunderclap","Havoc+1","Double Tap"],"picked":"SKIP","floor":28},{"not_picked":["Pommel Strike","Anger"],"picked":"True Grit","floor":29},{"not_picked":["Flex","Anger+1"],"picked":"Burning Pact","floor":31},{"not_picked":["Brutality","Corruption"],"picked":"Barricade","floor":33},{"not_picked":["Warcry","Havoc+1","Anger+1"],"picked":"SKIP","floor":37},{"not_picked":["Ghostly Armor","Shrug It Off+1"],"picked":"Feel No Pain","floor":38},{"not_picked":["Twin Strike+1","Clash"],"picked":"Heavy Blade+1","floor":45},{"not_picked":["Warcry+1","Blood for Blood"],"picked":"Clothesline+1","floor":46},{"not_picked":["Havoc","Rage+1","Inflame+1"],"picked":"SKIP","floor":47}],"player_experience":363968,"relics_obtained":[{"floor":6.0,"key":"Ornamental Fan"},{"floor":8.0,"key":"Odd Mushroom"},{"floor":9.0,"key":"Shuriken"},{"floor":11,"key":"PreservedInsect"},{"floor":14,"key":"Bag of Marbles"},{"floor":25,"key":"Oddly Smooth Stone"},{"floor":26,"key":"Mercury Hourglass"},{"floor":27,"key":"Pocketwatch"},{"floor":29,"key":"Red Mask"},{"floor":38,"key":"WingedGreaves"},{"floor":43,"key":"The Courier"},{"floor":45,"key":"Kunai"},{"floor":46,"key":"InkBottle"},{"floor":48,"key":"War Paint"}],"event_choices":[{"damage_healed":0.0,"max_hp_gain":0.0,"max_hp_loss":0.0,"gold_gain":0.0,"cards_transformed":["Strike_R"],"event_name":"Living Wall","player_choice":"Change","floor":3.0,"gold_loss":0.0,"damage_taken":0.0,"cards_obtained":["Uppercut"]},{"cards_removed":["Strike_R"],"damage_healed":0.0,"max_hp_gain":0.0,"max_hp_loss":0.0,"gold_gain":0.0,"event_name":"Golden Wing","player_choice":"Card Removal","floor":4.0,"gold_loss":0.0,"damage_taken":7.0},{"damage_healed":0.0,"max_hp_gain":0.0,"max_hp_loss":0.0,"gold_gain":0.0,"event_name":"Mushrooms","player_choice":"Fought Mushrooms","floor":8.0,"gold_loss":0.0,"damage_taken":0.0},{"damage_healed":0,"gold_gain":0,"player_choice":"Searched \u00271\u0027 times","damage_taken":0,"max_hp_gain":0,"max_hp_loss":0,"event_name":"Dead Adventurer","floor":11,"gold_loss":0},{"damage_healed":0,"gold_gain":0,"player_choice":"Donut","damage_taken":0,"max_hp_gain":5,"max_hp_loss":0,"event_name":"Big Fish","floor":12,"gold_loss":0},{"damage_healed":0,"gold_gain":0,"player_choice":"Ignored","damage_taken":0,"max_hp_gain":0,"max_hp_loss":0,"event_name":"Vampires","floor":19,"gold_loss":0},{"damage_healed":28,"gold_gain":0,"player_choice":"Heal","damage_taken":0,"max_hp_gain":0,"max_hp_loss":0,"event_name":"The Library","floor":20,"gold_loss":0},{"damage_healed":0,"gold_gain":0,"player_choice":"Fought Bandits","damage_taken":0,"max_hp_gain":0,"max_hp_loss":0,"event_name":"Masked Bandits","floor":29,"gold_loss":0},{"damage_healed":0,"gold_gain":0,"player_choice":"Fight","damage_taken":0,"max_hp_gain":0,"max_hp_loss":0,"event_name":"MindBloom","floor":38,"gold_loss":0},{"cards_removed":["Defend_R"],"damage_healed":0,"gold_gain":0,"player_choice":"Removed Skill","damage_taken":0,"max_hp_gain":0,"max_hp_loss":0,"event_name":"Falling","floor":39,"gold_loss":0}],"is_beta":false,"boss_relics":[{"not_picked":["Sozu","Pandora\u0027s Box"],"picked":"Snecko Eye"},{"not_picked":["Runic Dome","Runic Pyramid"],"picked":"Velvet Choker"}],"items_purged_floors":[22,36],"is_endless":false,"potions_floor_spawned":[5,8,14,21,29,31,46,47],"ascension_level":6}}