{"host":"i0avyit1s6jb1siw","time":1613763850,"event":{"mods":["BaseMod","DeckTracker","Dota2Spire","Highlight Path","Minty Spire (QoL Compilation)","Quick Restart","StSLib","SuperFastMode"],"gold_per_floor":[112,130,146,165,165,165,90,90,118,167,216,216,216,216,230,247,265,265,342,342,356,356,71,83,83,83],"floor_reached":25,"language":"ENG","playtime":517,"items_purged":["Strike_R","Decay"],"score":406,"play_id":"457f8bbb-32a5-4e82-bb66-3999e79e8919","local_time":"20210219204410","is_ascension_mode":true,"campfire_choices":[{"data":"Inflame","floor":6.0,"key":"SMITH"},{"floor":8.0,"key":"REST"},{"floor":12.0,"key":"REST"},{"data":"Limit Break","floor":14.0,"key":"SMITH"},{"floor":18,"key":"REST"}],"circlet_count":0,"master_deck":["AscendersBane","Strike_R","Strike_R","Strike_R","Defend_R","Defend_R","Defend_R","Defend_R","Bash","Limit Break+1","Evolve","Inflame+1","Flex","Blood for Blood","Reckless Charge","Heavy Blade","Shrug It Off","Sword Boomerang","Barricade","Battle Trance","Power Through","Burning Pact","True Grit"],"relics":["Burning Blood","Dota2Spire:AghanimScepter","Dota2Spire:DrumOfEndurance","Oddly Smooth Stone","Dota2Spire:RefresherOrb","Membership Card"],"acts_visited":["Exordium","TheCity"],"potions_floor_usage":[15,17],"damage_taken":[{"damage":10.0,"enemies":"Small Slimes","floor":1.0,"turns":3.0},{"damage":12.0,"enemies":"Cultist","floor":2.0,"turns":4.0},{"damage":7.0,"enemies":"2 Louse","floor":3.0,"turns":3.0},{"damage":27.0,"enemies":"Blue Slaver","floor":4.0,"turns":6.0},{"damage":37.0,"enemies":"Lagavulin","floor":9.0,"turns":8.0},{"damage":17,"enemies":"Gremlin Gang","floor":15,"turns":4},{"damage":21,"enemies":"Lots of Slimes","floor":16,"turns":4},{"damage":10,"enemies":"Blue Slaver","floor":17,"turns":4},{"damage":19,"enemies":"Slime Boss","floor":19,"turns":7},{"damage":14,"enemies":"Spheric Guardian","floor":21,"turns":4},{"damage":41,"enemies":"2 Thieves","floor":24,"turns":5},{"damage":47,"enemies":"3 Cultists","floor":25,"turns":4}],"seed_played":"6960704215744877192","potions_obtained":[{"floor":1.0,"key":"Weak Potion"},{"floor":3.0,"key":"Ancient Potion"},{"floor":9.0,"key":"AttackPotion"},{"floor":15,"key":"BlessingOfTheForge"},{"floor":21,"key":"GamblersBrew"}],"is_trial":false,"path_per_floor":["M","M","M","M","?","R","$","R","E","T","T","R","?","R","M","M","M","R","B",null,"M","?","$","M","M"],"character_chosen":"IRONCLAD","items_purchased":["Membership Card","Power Through","Burning Pact"],"campfire_rested":3,"item_purchase_floors":[23,23,23],"current_hp_per_floor":[64,58,57,36,29,29,29,51,20,20,20,42,38,38,27,12,8,30,17,61,53,53,53,18,0,0],"gold":83,"neow_bonus":"ONE_RANDOM_RARE_CARD","is_daily":false,"chose_seed":false,"campfire_upgraded":2,"win_rate":0.0,"timestamp":1613763850,"path_taken":["M","M","M","M","?","R","$","R","E","T","T","R","?","R","M","M","M","R","BOSS","M","?","$","?","M"],"items_purchased_type":["Relic","Card","Card"],"build_version":"2020-12-22","purchased_purges":2,"victory":false,"max_hp_per_floor":[75,75,75,75,75,75,75,75,75,75,75,75,75,75,75,75,75,75,75,75,75,75,75,75,75,75],"card_choices":[{"not_picked":["Dual Wield","Twin Strike"],"picked":"Evolve","floor":1.0},{"not_picked":["Fire Breathing","Clothesline"],"picked":"Inflame","floor":2.0},{"not_picked":["Anger","Heavy Blade"],"picked":"Flex","floor":3.0},{"not_picked":["Headbutt","Anger"],"picked":"Blood for Blood","floor":4.0},{"not_picked":["Rupture","Double Tap"],"picked":"Reckless Charge","floor":9.0},{"not_picked":["Armaments","Metallicize"],"picked":"Heavy Blade","floor":15},{"not_picked":["Clash","Body Slam"],"picked":"Shrug It Off","floor":16},{"not_picked":["Hemokinesis","Havoc"],"picked":"Sword Boomerang","floor":17},{"not_picked":["Corruption","Bludgeon"],"picked":"Barricade","floor":19},{"not_picked":["Uppercut","Twin Strike"],"picked":"Battle Trance","floor":21},{"not_picked":["Perfected Strike+1","Fire Breathing"],"picked":"True Grit","floor":24}],"player_experience":2469887,"relics_obtained":[{"floor":9.0,"key":"Dota2Spire:AghanimScepter"},{"floor":10.0,"key":"Dota2Spire:DrumOfEndurance"},{"floor":11.0,"key":"Oddly Smooth Stone"}],"event_choices":[{"cards_removed":["Strike_R"],"damage_healed":0.0,"max_hp_gain":0.0,"max_hp_loss":0.0,"gold_gain":0.0,"event_name":"Golden Wing","player_choice":"Card Removal","floor":5.0,"gold_loss":0.0,"damage_taken":7.0},{"damage_healed":0.0,"max_hp_gain":0.0,"max_hp_loss":0.0,"gold_gain":0.0,"event_name":"The Woman in Blue","player_choice":"Bought 0 Potions","floor":13.0,"gold_loss":0.0,"damage_taken":0.0},{"damage_healed":0,"gold_gain":0,"player_choice":"Cursed","damage_taken":0,"max_hp_gain":0,"max_hp_loss":0,"event_name":"Wheel of Change","floor":22,"gold_loss":0,"cards_obtained":["Decay"]}],"is_beta":false,"boss_relics":[{"not_picked":["Ectoplasm","Runic Cube"],"picked":"Dota2Spire:RefresherOrb"}],"items_purged_floors":[7,23],"is_endless":false,"potions_floor_spawned":[1,3,9,15,21],"killed_by":"3 Cultists","ascension_level":20}}