{"host":"fuszjwm6fqgjjp4d","time":1613709674,"event":{"mods":["BaseMod","Colored Map","Minty Spire (QoL Compilation)","Permanent Neow","Relic Sorter","Relic Stats","StSLib"],"gold_per_floor":[16,36,36,55,55,87,162,162,162,177,210,210,237,252,252,324,324,303,20,20,20,38,38,50,50,50,50,83,98,130,41,41,113,113,130,130,150,200,216,216,235,265,265,281,299,310,230,247,247,247,247,247],"floor_reached":51,"language":"ENG","playtime":2018,"items_purged":["Strike_B","Strike_B"],"score":1428,"play_id":"753233cc-cd64-4260-af8f-6d56c21a5691","local_time":"20210218224114","is_ascension_mode":true,"campfire_choices":[{"data":"Defragment","floor":12.0,"key":"SMITH"},{"data":"Zap","floor":15.0,"key":"SMITH"},{"data":"Chill","floor":23.0,"key":"SMITH"},{"data":"Consume","floor":25.0,"key":"SMITH"},{"data":"Capacitor","floor":32.0,"key":"SMITH"},{"floor":40.0,"key":"RECALL"},{"data":"Seek","floor":49.0,"key":"SMITH"}],"circlet_count":0,"master_deck":["AscendersBane","Strike_B","Strike_B","Defend_B","Defend_B+1","Defend_B+1","Defend_B","Zap+1","Dualcast","Secret Technique+1","Coolheaded+1","Barrage","Ball Lightning","Defragment+1","Chill+1","Seek+1","CurseOfTheBell","Glacier","Lockon","Self Repair","Tempest","Capacitor+1","Consume+1","Ball Lightning","Electrodynamics","Biased Cognition","Consume+1","Coolheaded+1","Glacier+1"],"relics":["Cracked Core","Thread and Needle","Blood Vial","Singing Bowl","Calling Bell","Potion Belt","HornCleat","Ginger","The Courier","White Beast Statue","Ornamental Fan","Du-Vu Doll","Busted Crown","War Paint","Bag of Marbles"],"acts_visited":["Exordium","TheCity","TheBeyond"],"potions_floor_usage":[51,51],"damage_taken":[{"damage":5.0,"enemies":"2 Louse","floor":1.0,"turns":3.0},{"damage":2.0,"enemies":"Small Slimes","floor":2.0,"turns":4.0},{"damage":0.0,"enemies":"Cultist","floor":4.0,"turns":3.0},{"damage":41.0,"enemies":"Lagavulin","floor":6.0,"turns":8.0},{"damage":1.0,"enemies":"Large Slime","floor":10.0,"turns":4.0},{"damage":15.0,"enemies":"3 Sentries","floor":11.0,"turns":7.0},{"damage":6.0,"enemies":"Gremlin Nob","floor":13.0,"turns":3.0},{"damage":0.0,"enemies":"Blue Slaver","floor":14.0,"turns":3.0},{"damage":49.0,"enemies":"Slime Boss","floor":16.0,"turns":13.0},{"damage":5.0,"enemies":"2 Thieves","floor":18.0,"turns":4.0},{"damage":10.0,"enemies":"Shell Parasite","floor":22.0,"turns":6.0},{"damage":2.0,"enemies":"Shelled Parasite and Fungi","floor":24.0,"turns":5.0},{"damage":27.0,"enemies":"Book of Stabbing","floor":28.0,"turns":7.0},{"damage":0.0,"enemies":"Snecko","floor":29.0,"turns":6.0},{"damage":32.0,"enemies":"Gremlin Leader","floor":30.0,"turns":7.0},{"damage":25.0,"enemies":"Collector","floor":33.0,"turns":7.0},{"damage":24.0,"enemies":"3 Darklings","floor":35.0,"turns":6.0},{"damage":3.0,"enemies":"Orb Walker","floor":37.0,"turns":3.0},{"damage":0.0,"enemies":"Spire Growth","floor":39.0,"turns":5.0},{"damage":0.0,"enemies":"Sphere and 2 Shapes","floor":41.0,"turns":5.0},{"damage":117.0,"enemies":"Giant Head","floor":42.0,"turns":13.0},{"damage":0.0,"enemies":"3 Darklings","floor":44.0,"turns":3.0},{"damage":1.0,"enemies":"Jaw Worm Horde","floor":45.0,"turns":3.0},{"damage":1.0,"enemies":"Transient","floor":46.0,"turns":6.0},{"damage":0.0,"enemies":"Writhing Mass","floor":48.0,"turns":5.0},{"damage":30.0,"enemies":"Donu and Deca","floor":50.0,"turns":10.0},{"damage":44,"enemies":"Awakened One","floor":51,"turns":14}],"seed_played":"-2914986381455117082","potions_obtained":[{"floor":4.0,"key":"FairyPotion"},{"floor":11.0,"key":"FearPotion"},{"floor":16.0,"key":"Energy Potion"},{"floor":24.0,"key":"PotionOfCapacity"},{"floor":28.0,"key":"Regen Potion"},{"floor":29.0,"key":"AttackPotion"},{"floor":30.0,"key":"Fire Potion"},{"floor":33.0,"key":"Fire Potion"},{"floor":35.0,"key":"Regen Potion"},{"floor":37.0,"key":"SkillPotion"},{"floor":39.0,"key":"SkillPotion"},{"floor":42.0,"key":"Fire Potion"},{"floor":44.0,"key":"BlessingOfTheForge"},{"floor":45.0,"key":"DuplicationPotion"},{"floor":46.0,"key":"PowerPotion"},{"floor":48.0,"key":"EssenceOfDarkness"}],"is_trial":false,"path_per_floor":["M","M","?","M","?","E","?","?","T","M","E","R","E","M","R","B",null,"M","$","?","?","M","R","M","R","T","T","E","M","E","$","R","B",null,"M","?","M","?","M","R","M","E","T","M","M","M","$","M","R","B","B"],"character_chosen":"DEFECT","items_purchased":["Lockon","Self Repair","Tempest","Fruit Juice"],"campfire_rested":0,"item_purchase_floors":[19,19,19,31],"current_hp_per_floor":[59,57,36,36,59,18,7,81,81,80,65,65,63,67,67,20,69,66,66,66,66,67,67,74,74,74,74,58,82,59,59,59,48,83,68,64,81,81,90,90,99,39,39,50,53,56,56,67,67,39,0,0],"gold":247,"neow_bonus":"RANDOM_COLORLESS_2","is_daily":false,"chose_seed":false,"campfire_upgraded":6,"win_rate":0.0,"timestamp":1613709674,"path_taken":["M","M","?","M","?","E","?","?","T","M","E","R","E","?","R","BOSS","M","$","?","?","M","R","M","R","T","?","E","?","E","?","R","BOSS","M","?","M","?","?","R","M","E","T","M","M","?","$","M","R","BOSS","BOSS"],"items_purchased_type":["Card","Card","Card","Potion"],"build_version":"2020-12-22","purchased_purges":2,"victory":false,"max_hp_per_floor":[71,71,71,71,71,71,71,81,81,81,81,81,83,85,85,85,85,85,85,85,85,87,87,87,87,87,87,89,89,89,89,89,94,94,94,100,102,102,102,102,102,104,104,106,108,110,110,112,112,112,112,112],"relic_stats":{"Blood Vial":42,"Busted Crown":24,"Singing Bowl":26,"counters":[27,163],"Ornamental Fan":[20],"Ginger":[11],"War Paint":["Defend_B","Coolheaded"],"obtain_stats":[{"Potion Belt":17,"Singing Bowl":13,"Thread and Needle":6,"The Courier":26,"Ginger":17,"War Paint":42,"White Beast Statue":27,"Blood Vial":11,"Calling Bell":17,"Du-Vu Doll":30,"HornCleat":17,"Busted Crown":34,"Ornamental Fan":28,"Bag of Marbles":43,"Cracked Core":0},{"Potion Belt":9,"Singing Bowl":7,"Thread and Needle":4,"The Courier":12,"Ginger":9,"War Paint":21,"White Beast Statue":12,"Blood Vial":6,"Calling Bell":9,"Du-Vu Doll":15,"HornCleat":9,"Busted Crown":16,"Ornamental Fan":13,"Bag of Marbles":21,"Cracked Core":0},{"Potion Belt":48,"Singing Bowl":32,"Thread and Needle":18,"The Courier":63,"Ginger":48,"War Paint":122,"White Beast Statue":63,"Blood Vial":29,"Calling Bell":48,"Du-Vu Doll":83,"HornCleat":48,"Busted Crown":90,"Ornamental Fan":70,"Bag of Marbles":122,"Cracked Core":0}]},"card_choices":[{"not_picked":["Magnetism","Violence"],"picked":"Secret Technique","floor":0.0},{"not_picked":["Hologram","Beam Cell"],"picked":"Coolheaded","floor":1.0},{"not_picked":["Glacier","Conserve Battery"],"picked":"Barrage","floor":2.0},{"not_picked":["Streamline","Redo"],"picked":"Ball Lightning","floor":4.0},{"not_picked":["Skim","Storm"],"picked":"Echo Form","floor":6.0},{"not_picked":["Compile Driver","Cold Snap"],"picked":"Defragment","floor":10.0},{"not_picked":["Conserve Battery","Turbo"],"picked":"Chill","floor":11.0},{"not_picked":["Heatsinks","Undo","Hyperbeam"],"picked":"Singing Bowl","floor":13.0},{"not_picked":["Beam Cell","Coolheaded","Reinforced Body"],"picked":"Singing Bowl","floor":14.0},{"not_picked":["Core Surge","Rainbow"],"picked":"Seek","floor":16.0},{"not_picked":["Aggregate","Rebound+1"],"picked":"Glacier","floor":18.0},{"not_picked":["Stack+1","Auto Shields","Conserve Battery"],"picked":"Singing Bowl","floor":22.0},{"not_picked":["Reinforced Body","Leap"],"picked":"Consume","floor":24.0},{"not_picked":["Beam Cell","Leap","Compile Driver"],"picked":"Singing Bowl","floor":28.0},{"not_picked":["Darkness","Sunder"],"picked":"Ball Lightning","floor":29.0},{"not_picked":["Rainbow","Force Field"],"picked":"Electrodynamics","floor":30.0},{"not_picked":["Electrodynamics","Multi-Cast"],"picked":"Biased Cognition","floor":33.0},{"not_picked":[],"picked":"Consume+1","floor":35.0},{"not_picked":["Dramatic Entrance"],"picked":"Singing Bowl","floor":36.0},{"not_picked":["Purity"],"picked":"Singing Bowl","floor":36.0},{"not_picked":["Panache"],"picked":"Singing Bowl","floor":36.0},{"not_picked":["Conserve Battery+1"],"picked":"Singing Bowl","floor":37.0},{"not_picked":[],"picked":"Coolheaded+1","floor":39.0},{"not_picked":[],"picked":"Glacier+1","floor":41.0},{"not_picked":["Leap"],"picked":"Singing Bowl","floor":42.0},{"not_picked":["Ball Lightning"],"picked":"Singing Bowl","floor":44.0},{"not_picked":["Undo+1"],"picked":"Singing Bowl","floor":45.0},{"not_picked":["Darkness"],"picked":"Singing Bowl","floor":46.0},{"not_picked":["Stack"],"picked":"Singing Bowl","floor":48.0}],"player_experience":1500293,"relics_obtained":[{"floor":6.0,"key":"Thread and Needle"},{"floor":11.0,"key":"Blood Vial"},{"floor":13.0,"key":"Singing Bowl"},{"floor":17.0,"key":"Potion Belt"},{"floor":17.0,"key":"HornCleat"},{"floor":17.0,"key":"Ginger"},{"floor":26.0,"key":"The Courier"},{"floor":27.0,"key":"White Beast Statue"},{"floor":28.0,"key":"Ornamental Fan"},{"floor":30.0,"key":"Du-Vu Doll"},{"floor":42.0,"key":"War Paint"},{"floor":43.0,"key":"Bag of Marbles"}],"event_choices":[{"damage_healed":0.0,"max_hp_gain":0.0,"max_hp_loss":0.0,"gold_gain":0.0,"event_name":"Shining Light","player_choice":"Entered Light","floor":3.0,"gold_loss":0.0,"damage_taken":21.0,"cards_upgraded":["Secret Technique","Defend_B"]},{"damage_healed":23.0,"max_hp_gain":0.0,"max_hp_loss":0.0,"gold_gain":0.0,"event_name":"Big Fish","player_choice":"Banana","floor":5.0,"gold_loss":0.0,"damage_taken":0.0},{"damage_healed":0.0,"max_hp_gain":0.0,"max_hp_loss":0.0,"gold_gain":75.0,"event_name":"World of Goop","player_choice":"Gather Gold","floor":7.0,"gold_loss":0.0,"damage_taken":11.0},{"cards_removed":["Echo Form"],"damage_healed":64.0,"max_hp_gain":10.0,"max_hp_loss":0.0,"gold_gain":0.0,"event_name":"Bonfire Elementals","player_choice":"Offered Rare","floor":8.0,"gold_loss":0.0,"damage_taken":0.0},{"damage_healed":0.0,"max_hp_gain":0.0,"max_hp_loss":0.0,"gold_gain":0.0,"event_name":"The Library","player_choice":"Read","floor":20.0,"gold_loss":0.0,"damage_taken":0.0,"cards_obtained":["Capacitor"]},{"damage_healed":0.0,"max_hp_gain":0.0,"max_hp_loss":0.0,"gold_gain":0.0,"event_name":"The Mausoleum","player_choice":"Ignored","floor":21.0,"gold_loss":0.0,"damage_taken":0.0},{"damage_healed":0.0,"max_hp_gain":0.0,"max_hp_loss":0.0,"gold_gain":0.0,"event_name":"SensoryStone","player_choice":"Memory 3","floor":36.0,"gold_loss":0.0,"damage_taken":10.0},{"damage_healed":0.0,"max_hp_gain":0.0,"max_hp_loss":0.0,"gold_gain":50.0,"event_name":"Golden Shrine","player_choice":"Pray","floor":38.0,"gold_loss":0.0,"damage_taken":0.0}],"is_beta":false,"boss_relics":[{"not_picked":["Runic Dome","FrozenCore"],"picked":"Calling Bell"},{"not_picked":["Tiny House","Snecko Eye"],"picked":"Busted Crown"}],"items_purged_floors":[19,47],"is_endless":false,"potions_floor_spawned":[4,11,16,24,28,29,30,33,35,37,39,41,42,44,45,46,48],"killed_by":"Awakened One","ascension_level":20}}