{"host":"0mhttqdumuceah7q","time":1613722017,"event":{"mods":["AchievementEnabler","BaseMod","Colored Map","DeckTracker","Minty Spire (QoL Compilation)","Permanent Neow"],"gold_per_floor":[116,130,145,160,179,214,289,289,289],"floor_reached":8,"language":"KOR","playtime":261,"items_purged":[],"score":69,"play_id":"e6172b83-8040-4365-ae57-dcdff3d2056d","local_time":"20210219170657","is_ascension_mode":true,"campfire_choices":[],"circlet_count":0,"master_deck":["Strike_R","Strike_R","Strike_R","Strike_R","Strike_R","Defend_R","Defend_R","Defend_R","Defend_R","Bash","Cleave","Pommel Strike","Twin Strike","Feel No Pain","Iron Wave","Limit Break"],"relics":["Burning Blood","Omamori"],"acts_visited":["Exordium"],"potions_floor_usage":[4,6,8],"damage_taken":[{"damage":11.0,"enemies":"Cultist","floor":1.0,"turns":4.0},{"damage":3.0,"enemies":"2 Louse","floor":2.0,"turns":2.0},{"damage":4.0,"enemies":"Jaw Worm","floor":3.0,"turns":4.0},{"damage":0,"enemies":"Lots of Slimes","floor":4,"turns":1},{"damage":0,"enemies":"3 Louse","floor":5,"turns":3},{"damage":25,"enemies":"3 Sentries","floor":6,"turns":6},{"damage":50,"enemies":"Lagavulin","floor":8,"turns":6}],"seed_played":"-801324356794403166","potions_obtained":[{"floor":0.0,"key":"BlessingOfTheForge"},{"floor":0.0,"key":"LiquidMemories"},{"floor":0.0,"key":"SteroidPotion"},{"floor":1.0,"key":"Weak Potion"},{"floor":6,"key":"Weak Potion"}],"is_trial":false,"path_per_floor":["M","M","M","M","M","E","?","E"],"character_chosen":"IRONCLAD","items_purchased":[],"campfire_rested":0,"item_purchase_floors":[],"current_hp_per_floor":[75,78,80,80,80,61,50,0,0],"gold":289,"neow_bonus":"THREE_SMALL_POTIONS","is_daily":false,"chose_seed":false,"campfire_upgraded":0,"win_rate":0.0,"timestamp":1613722017,"path_taken":["M","M","M","?","M","E","?","E"],"items_purchased_type":[],"build_version":"2020-12-22","purchased_purges":0,"victory":false,"max_hp_per_floor":[80,80,80,80,80,80,80,80,80],"card_choices":[{"not_picked":["Wild Strike","Intimidate"],"picked":"Cleave","floor":1.0},{"not_picked":["Cleave","Feel No Pain"],"picked":"Pommel Strike","floor":2.0},{"not_picked":["Havoc","Pommel Strike"],"picked":"Twin Strike","floor":3.0},{"not_picked":["Sever Soul","Armaments"],"picked":"Feel No Pain","floor":4},{"not_picked":["Armaments","Flame Barrier"],"picked":"Iron Wave","floor":5},{"not_picked":["Anger","Rampage"],"picked":"Limit Break","floor":6}],"player_experience":126250,"relics_obtained":[{"floor":6,"key":"Omamori"}],"event_choices":[{"damage_healed":0,"gold_gain":75,"player_choice":"Gather Gold","damage_taken":11,"max_hp_gain":0,"max_hp_loss":0,"event_name":"World of Goop","floor":7,"gold_loss":0}],"is_beta":false,"boss_relics":[],"items_purged_floors":[],"is_endless":false,"potions_floor_spawned":[1,3,6],"killed_by":"Lagavulin","ascension_level":3}}