{"host":"3mt4w4o4jnuk8q1t","time":1613712708,"event":{"mods":["Act Like it!","BaseMod","Colored Map","Colored Powertips","Decade(王小明)","Gensokyo","GungeonMod","Hermit","Jedi Mod","Marisa（F雨　魔理沙）","Minty Spire (QoL Compilation)","Red Circlet Mod","Reimu（博丽灵梦）","Remilia（蕾米莉亚）","Replay The Spire","Robot Space Explorer","RumiaBox-露米娅的神秘盒子","Shop Mod","Spicy Shops","StSLib","TestMod","The Jungle","Waifu the Spire","Yakumo Yukari mod","Youmu（魂魄妖梦）","[IsaacMod]以撒尖塔","【功能Mod】混沌之环修复补丁","【功能Mod】聪明的最终Boss"],"gold_per_floor":[114,148,160,178,31,31,57,157,227,227,561,561,792,805,805,900,900,919,279,279,279],"floor_reached":20,"language":"ZHS","playtime":3322,"items_purged":[],"score":325,"play_id":"c2c4e7d0-e123-42a0-85e9-84480b28742a","local_time":"20210219133148","daily_mods":["Heirloom"],"is_ascension_mode":false,"campfire_choices":[{"data":"AttackRide","floor":6,"key":"SMITH"},{"data":"DecadeViolentEmotion","floor":10,"key":"SMITH"},{"floor":15,"key":"REST"}],"circlet_count":0,"master_deck":["Decade_Attack","Decade_Attack","Decade_Attack","Decade_Attack","KamenRide","Decade_SpecialSkill","Decade_Defend","Decade_Defend","Decade_Defend","Decade_Defend","AttackRide+1","Blade_Slash","RideBooker","Decade_Defend2","KamenRideKuuga","FormRideStorm+1","NMDAZYYGL","PhotonAcceleration+1","UnarmedAttack6+1","Dragreder+1","UnarmedAttack7","Gensokyo:RustyChest","Gensokyo:ScrapIron","Gensokyo:Shovel","Gensokyo:DepletedGenerator","Gensokyo:ManorOfTheDishes"],"relics":["Decadriver","TOEIDeficitBill","replay:Trail_Library","HushsDoor","testmod-TestBox","GuppysTail","testmod-CyclicPeriapt","PokeGo","Baka2","Chameleon Ring","Centennial Puzzle","Question Card","TuHaoJin","Mango","Smiling Mask","DemoMod:LamentConfigurum","DeadEye","Astrolabe","Toolbox","Sling"],"acts_visited":["Exordium","Gensokyo:Gensokyo"],"potions_floor_usage":[11,11,13,14,14,20],"damage_taken":[{"damage":0,"enemies":"Gensokyo:2_Kodama","floor":1,"turns":5},{"damage":34,"enemies":"Gensokyo:Cirno","floor":2,"turns":8},{"damage":0,"enemies":"Gensokyo:Gryphon","floor":3,"turns":1},{"damage":2,"enemies":"Gensokyo:3_Fairies","floor":4,"turns":5},{"damage":7,"enemies":"Gensokyo:Mamizou","floor":7,"turns":5},{"damage":7,"enemies":"Gensokyo:Aya","floor":11,"turns":4},{"damage":17,"enemies":"Gensokyo:Cirno","floor":13,"turns":7},{"damage":3,"enemies":"Gensokyo:2_Rabbits","floor":14,"turns":3},{"damage":19,"enemies":"Gensokyo:Reimu","floor":16,"turns":10},{"damage":82,"enemies":"Gensokyo:3_Dogs","floor":18,"turns":5},{"damage":36,"enemies":"Gensokyo:Chomper","floor":20,"turns":4}],"seed_played":"-8821349268205100892","potions_obtained":[{"floor":4,"key":"Venom Potion"},{"floor":7,"key":"Energy Potion"},{"floor":13,"key":"BlessingOfTheForge"},{"floor":16,"key":"Dexterity Potion"}],"is_trial":true,"path_per_floor":["M","?","M","M","COS","R","E","?","T","R","E","?","E","M","R","B",null,"M","COS","M"],"character_chosen":"Decade","items_purchased":[],"campfire_rested":1,"item_purchase_floors":[],"current_hp_per_floor":[70,36,36,40,40,40,39,39,39,39,35,28,36,25,53,49,92,20,20,0,0],"gold":279,"neow_bonus":"","is_daily":false,"chose_seed":false,"campfire_upgraded":2,"win_rate":0.0,"timestamp":1613712708,"path_taken":["M","?","M","M","COS","R","E","?","T","R","E","?","E","M","R","BOSS","M","COS","M"],"items_purchased_type":[],"build_version":"2020-12-22","purchased_purges":0,"victory":false,"max_hp_per_floor":[70,70,70,69,69,69,72,72,72,72,72,86,86,95,95,92,92,92,92,92,92],"card_choices":[{"not_picked":["FormRideDragon","FormRideDogga","DragShield"],"picked":"SKIP","floor":1},{"not_picked":["MirrorWorld","UnarmedAttack5","FormRideAxel"],"picked":"SKIP","floor":2},{"not_picked":["FormRide","Kuuga_GouramAttack"],"picked":"AttackRide","floor":3},{"not_picked":["Dragreder","FormRidePegasus"],"picked":"Blade_Slash","floor":4},{"not_picked":["AutoVajin","Decade_Dash1"],"picked":"RideBooker","floor":4},{"not_picked":["Hibiki_Attack3","UnarmedAttack6"],"picked":"Decade_Defend2","floor":7},{"not_picked":["Hibiki_Attack1","Decade_Defend3","Decade_Dash2","Hibiki_Attack3"],"picked":"SKIP","floor":11},{"not_picked":["Decade_Dash2","Decade_Dash1","FormRideAxel","Hibiki_FEVER"],"picked":"SKIP","floor":11},{"not_picked":["Hibiki_FEVER","TimeVent","DenO_Climax"],"picked":"Kuuga_Rising","floor":13},{"not_picked":["Hibiki_Attack1","Decade_Invisible","UnarmedAttack7"],"picked":"RideBooker_Skill_1","floor":13},{"not_picked":["Blade_Kick","RideBooker_Skill_1","FormRidePegasus"],"picked":"KamenRideKuuga","floor":14},{"not_picked":["Hibiki_Attack2","FormRideGaruru","Decade_Dash1"],"picked":"FormRideStorm","floor":14},{"not_picked":["Kiva_Swallow","TimeVent","FormRideAxel"],"picked":"Kabuto_ClockUp","floor":16},{"not_picked":["Kiva_Swallow","Kabuto_ClockUp","FormRideAxel"],"picked":"NMDAZYYGL","floor":16},{"not_picked":["RideBooker","Kiva_Frozen","Dragreder"],"picked":"UnarmedAttack7","floor":18},{"not_picked":["Hibiki_Attack2","DenO_Rod","FormRideJack+1","FormRidePegasus"],"picked":"SKIP","floor":18}],"player_experience":220338,"relics_obtained":[{"floor":1,"key":"Baka"},{"floor":2,"key":"Baka2"},{"floor":2,"key":"Chameleon Ring"},{"floor":7,"key":"Centennial Puzzle"},{"floor":9,"key":"Question Card"},{"floor":11,"key":"TuHaoJin"},{"floor":13,"key":"DemoMod:LamentConfigurum"}],"event_choices":[],"is_beta":false,"boss_relics":[{"not_picked":["Replay:Bronze Core","Replay:Wanted Poster"],"picked":"Astrolabe"},{"not_picked":[]}],"items_purged_floors":[],"is_endless":true,"potions_floor_spawned":[4,7,13,16],"killed_by":"Gensokyo:Chomper","ascension_level":0}}