{"host":"j05tanvorlbs2t7f","time":1613729331,"event":{"mods":["2.2 Compatiblity","AchievementEnabler","BaseMod","BetterRewards","Card Forge","Colored Powertips","Conspire","Downfall","Minty Spire (QoL Compilation)","Permanent Neow","Replay The Spire","Shade Mod","StSLib","The Bug Knight","The Construct","The Cursed","The Forsaken","The Hierophant","The Sage","TheHeartMod"],"gold_per_floor":[119,135,135,147,297,330,330,361,361,374,374,405,405,417,429,519,531,553,565,589,611,623,670,702,741,776,808,870,917,942,967,979,1068,1080,1112,1179,1204,1216,1241,1286,1317,1364,1376,1405,1417,1429,1452,969,969,969,969,969,969,65,100,100],"floor_reached":57,"language":"POL","playtime":4277,"items_purged":["Writhe","Replay:Hysterical Blindness"],"score":3413,"play_id":"b9599f22-8f2a-4968-8827-752baafa57c2","local_time":"20210219110851","is_ascension_mode":true,"campfire_choices":[{"floor":7.0,"key":"DIG"},{"floor":11.0,"key":"DIG"},{"floor":13.0,"key":"DIG"},{"floor":15.0,"key":"DIG"},{"floor":32.0,"key":"RECALL"},{"floor":45,"key":"REST"},{"floor":49,"key":"DIG"},{"floor":53,"key":"DIG"}],"circlet_count":0,"master_deck":["AscendersBane","TheCursedMod:Strike_TheCursed","TheCursedMod:Strike_TheCursed","TheCursedMod:Strike_TheCursed","TheCursedMod:Strike_TheCursed","TheCursedMod:Defend_TheCursed","TheCursedMod:Defend_TheCursed","TheCursedMod:Defend_TheCursed","TheCursedMod:CursedWand","TheCursedMod:CleanUpWorkshop","TheCursedMod:Dregs","TheCursedMod:HellsGateOpen","TheCursedMod:Obscuration","TheCursedMod:SmokeScreen","TheCursedMod:VoidForm","TheCursedMod:CursedSpellbook","TheCursedMod:WearCloak","TheCursedMod:WearCloak","Clumsy","TheCursedMod:VoidForm","TheCursedMod:CircleOfCorruption","TheCursedMod:RapidMovement","TheCursedMod:SurpriseAttack+1","TheCursedMod:WearCloak","TheCursedMod:SmokeScreen","TheCursedMod:RavingStaff+1","TheCursedMod:StingEye","TheCursedMod:Hemoplague+1","TheCursedMod:ManaCirculation+1","TheCursedMod:CursedAmulet","TheCursedMod:Grudge","TheCursedMod:SpitefulStrike","TheCursedMod:HellfireBreathing+1","TheCursedMod:WearCloak","TheCursedMod:HellsGateOpen+1","TheCursedMod:CursedAmulet","TheCursedMod:HellfireBreathing+1","TheCursedMod:Neurasthenia","TheCursedMod:HellfireBreathing+1"],"relics":["TheCursedMod:BlackMagic101","Hammer of Thor","Seething Fire","Anvil of the Gods","Bag of Preparation","conspire:InfiniteJournal","Divine Protection","Garlic","Durian","Thread and Needle","Shovel","conspire:DeflatedDodgeball","White Beast Statue","Replay:Baseball","sagemod:Red_Beast_Statue","Ice Cream","Replay:Wax Seal","theForsaken:Gavel","Replay:Rubber Ducky","MawBank","construct:BoolHorns","Cursed Key","Counterbalance","Frozen Egg 2","Replay:Accelerometer","conspire:SpecialSausage","conspire:Boomerang","Dream Catcher","Toy Ornithopter","InkBottle","Chemical X","ReplayTheSpireMod:TigerMarble","Snack Pack","Shuriken","OrangePellets","StoneCalendar","Mirror"],"acts_visited":["Exordium","TheCity","TheBeyond","TheEnding"],"potions_floor_usage":[56],"damage_taken":[{"damage":0.0,"enemies":"Cultist","floor":1.0,"turns":4.0},{"damage":0.0,"enemies":"Jaw Worm","floor":2.0,"turns":3.0},{"damage":0.0,"enemies":"conspire:RoseBush","floor":4.0,"turns":4.0},{"damage":0.0,"enemies":"3 Sentries","floor":6.0,"turns":8.0},{"damage":0.0,"enemies":"HollowMod:MossKnight","floor":8.0,"turns":6.0},{"damage":0.0,"enemies":"Lots of Slimes","floor":10.0,"turns":5.0},{"damage":0.0,"enemies":"3 Sentries","floor":12.0,"turns":7.0},{"damage":0.0,"enemies":"The Guardian","floor":16.0,"turns":8.0},{"damage":0.0,"enemies":"conspire:FuzzyDice","floor":18.0,"turns":6.0},{"damage":0.0,"enemies":"3 Byrds","floor":20.0,"turns":5.0},{"damage":1.0,"enemies":"Centurion and Healer","floor":21.0,"turns":6.0},{"damage":0.0,"enemies":"HollowMod:Nosk","floor":23.0,"turns":6.0},{"damage":0.0,"enemies":"Snecko","floor":24.0,"turns":5.0},{"damage":0.0,"enemies":"Book of Stabbing","floor":25.0,"turns":4.0},{"damage":0.0,"enemies":"Snake Plant","floor":27.0,"turns":4.0},{"damage":0.0,"enemies":"Slavers","floor":29.0,"turns":10.0},{"damage":0.0,"enemies":"conspire:HollyBat","floor":30.0,"turns":6.0},{"damage":0.0,"enemies":"3 Cultists","floor":31.0,"turns":4.0},{"damage":0.0,"enemies":"Champ","floor":33.0,"turns":7.0},{"damage":0.0,"enemies":"3 Shapes","floor":35.0,"turns":4.0},{"damage":22,"enemies":"2 Orb Walkers","floor":36,"turns":6},{"damage":0,"enemies":"Orb Walker","floor":37,"turns":4},{"damage":0,"enemies":"4 Shapes","floor":39,"turns":9},{"damage":12,"enemies":"Reptomancer","floor":40,"turns":6},{"damage":0,"enemies":"Sphere and 2 Shapes","floor":41,"turns":9},{"damage":25,"enemies":"HollowMod:StalkingDevout","floor":42,"turns":7},{"damage":0,"enemies":"Maw","floor":44,"turns":6},{"damage":0,"enemies":"Jaw Worm Horde","floor":47,"turns":4},{"damage":0,"enemies":"Replay:Hell Engine","floor":50,"turns":8},{"damage":3,"enemies":"Donu and Deca","floor":51,"turns":7},{"damage":0,"enemies":"Shield and Spear","floor":55,"turns":7},{"damage":14,"enemies":"NeowBoss","floor":56,"turns":8}],"seed_played":"-8772651189139735246","potions_obtained":[{"floor":1.0,"key":"PowerPotion"},{"floor":2.0,"key":"Adrenaline Potion"},{"floor":4.0,"key":"Slimebound:ThreeZeroPotion"},{"floor":6.0,"key":"Slimebound:ThreeZeroPotion"},{"floor":8.0,"key":"SpeedPotion"},{"floor":10.0,"key":"ColorlessPotion"},{"floor":12.0,"key":"ColorlessPotion"},{"floor":18.0,"key":"SkillPotion"},{"floor":20.0,"key":"FairyPotion"},{"floor":29.0,"key":"Dexterity Potion"},{"floor":42,"key":"LifebloodPotion"}],"is_trial":false,"path_per_floor":["M","M","?","M","?","E","R","E","T","M","R","E","R","?","R","B",null,"M","$","M","M","?","E","M","E","T","M","?","E","M","M","R","B",null,"M","?","M","?","M","E","M","E","T","M","R","?","M","$","R","B","B",null,"R","$","E","B",null],"character_chosen":"THE_CURSED","items_purchased":["Bag of Preparation","TheCursedMod:HellsGateOpen","Divine Protection","Garlic","Thread and Needle","conspire:DeflatedDodgeball","White Beast Statue","Chemical X","TheCursedMod:HellfireBreathing+1","TheCursedMod:Neurasthenia","Shuriken","OrangePellets","StoneCalendar","TheCursedMod:HellfireBreathing+1"],"campfire_rested":1,"item_purchase_floors":[0,0,0,0,0,0,0,48,48,48,54,54,54,54],"current_hp_per_floor":[27,27,27,27,27,27,27,27,27,27,27,27,27,27,27,27,64,64,64,64,63,63,63,63,63,63,63,63,63,63,63,63,63,73,73,51,51,51,51,39,39,14,14,14,36,86,86,86,86,86,83,85,85,85,86,74],"gold":100,"neow_bonus":"","is_daily":false,"chose_seed":false,"campfire_upgraded":0,"win_rate":0.0,"timestamp":1613729331,"path_taken":["M","M","?","?","?","E","R","E","T","M","R","E","R","?","R","BOSS","M","?","?","M","?","E","M","E","T","M","?","E","M","M","R","BOSS","M","?","M","?","M","E","M","E","T","M","R","?","?","$","R","BOSS","BOSS","R","$","E","BOSS"],"items_purchased_type":["Relic","Card","Relic","Relic","Relic","Relic","Relic","Relic","Card","Card","Relic","Relic","Relic","Card"],"build_version":"2020-12-22","purchased_purges":2,"victory":true,"max_hp_per_floor":[76,76,76,76,76,76,76,76,76,76,76,76,76,76,76,76,76,76,76,76,76,76,76,76,76,76,76,76,76,76,76,76,76,76,76,76,76,76,76,76,76,76,76,76,76,86,86,86,86,86,86,86,86,86,86,86],"card_choices":[{"not_picked":["TheCursedMod:Stretching","TheCursedMod:SoulCrush"],"picked":"TheCursedMod:Obscuration","floor":1.0},{"not_picked":["TheCursedMod:DoubleShield","TheCursedMod:BloodBarrier","TheCursedMod:RavingStaff"],"picked":"SKIP","floor":2.0},{"not_picked":["TheCursedMod:RavingStaff","TheCursedMod:Wield"],"picked":"TheCursedMod:SmokeScreen","floor":4.0},{"not_picked":["TheCursedMod:CursedShiv","TheCursedMod:CursedMace"],"picked":"TheCursedMod:VoidForm","floor":6.0},{"not_picked":["TheCursedMod:CircleOfFocus","TheCursedMod:CircleOfFlame"],"picked":"TheCursedMod:CursedSpellbook","floor":8.0},{"not_picked":["TheCursedMod:ReleasedKnowledge","TheCursedMod:CursedMace"],"picked":"TheCursedMod:WearCloak","floor":10.0},{"not_picked":["TheCursedMod:CircleOfFlame","TheCursedMod:VitalStrike"],"picked":"TheCursedMod:WearCloak","floor":12.0},{"not_picked":["TheCursedMod:DemonicPact","TheCursedMod:DarkBarrier"],"picked":"TheCursedMod:VoidForm","floor":16.0},{"not_picked":["TheCursedMod:Wield","TheCursedMod:CircleOfBlood"],"picked":"TheCursedMod:CircleOfCorruption","floor":18.0},{"not_picked":["TheCursedMod:CircleOfCorruption","TheCursedMod:SmokeScreen"],"picked":"TheCursedMod:RapidMovement","floor":20.0},{"not_picked":["TheCursedMod:SoulReap","TheCursedMod:CursedArmor"],"picked":"TheCursedMod:SurpriseAttack+1","floor":21.0},{"not_picked":["TheCursedMod:CircleOfAbyss","TheCursedMod:CursedBlade","TheCursedMod:Wield+1"],"picked":"SKIP","floor":23.0},{"not_picked":["TheCursedMod:Stigma","TheCursedMod:CursedShiv"],"picked":"TheCursedMod:WearCloak","floor":24.0},{"not_picked":["TheCursedMod:FuryStrike","TheCursedMod:Torture","TheCursedMod:Wield"],"picked":"SKIP","floor":25.0},{"not_picked":["TheCursedMod:Obscuration","TheCursedMod:SaltUponWound"],"picked":"TheCursedMod:SmokeScreen","floor":27.0},{"not_picked":["TheCursedMod:CursedAmulet","TheCursedMod:AbyssShockwave"],"picked":"TheCursedMod:RavingStaff+1","floor":29.0},{"not_picked":["TheCursedMod:Stigma","TheCursedMod:CursedStaff"],"picked":"TheCursedMod:StingEye","floor":30.0},{"not_picked":["TheCursedMod:SoulReap","TheCursedMod:TroublousMinions"],"picked":"TheCursedMod:Hemoplague+1","floor":31.0},{"not_picked":["TheCursedMod:DemonSword","TheCursedMod:StunningStrike"],"picked":"TheCursedMod:ManaCirculation+1","floor":33.0},{"not_picked":["TheCursedMod:EmpowerCircles+1","TheCursedMod:ManaBullet+1","TheCursedMod:CircleOfFlame"],"picked":"SKIP","floor":35.0},{"not_picked":["TheCursedMod:Evocation","TheCursedMod:CircleOfFlame+1"],"picked":"TheCursedMod:CursedAmulet","floor":36},{"not_picked":["TheCursedMod:CursedSpellbook","TheCursedMod:CircleOfCorruption","TheCursedMod:VitalStrike"],"picked":"SKIP","floor":37},{"not_picked":["TheCursedMod:SpreadPlague+1","TheCursedMod:CursedShiv"],"picked":"TheCursedMod:Grudge","floor":39},{"not_picked":["TheCursedMod:CircleOfFlame","TheCursedMod:CursedAmulet"],"picked":"TheCursedMod:SpitefulStrike","floor":40},{"not_picked":["TheCursedMod:DoubleShield","TheCursedMod:CircleOfCorruption"],"picked":"TheCursedMod:HellfireBreathing+1","floor":41},{"not_picked":["TheCursedMod:ReleasedStrength","TheCursedMod:CircleOfFocus"],"picked":"TheCursedMod:ManaCirculation+1","floor":42},{"not_picked":["TheCursedMod:Obscuration+1","TheCursedMod:SurpriseAttack+1"],"picked":"TheCursedMod:WearCloak","floor":44},{"not_picked":["TheCursedMod:Mangle","TheCursedMod:AshesToAshes"],"picked":"TheCursedMod:HellsGateOpen+1","floor":45},{"not_picked":["TheCursedMod:Obscuration","TheCursedMod:CircleOfCorruption+1"],"picked":"TheCursedMod:CursedAmulet","floor":47},{"not_picked":["TheCursedMod:Stretching+1","TheCursedMod:SoulCrush+1","TheCursedMod:AshesToAshes+1"],"picked":"SKIP","floor":55}],"player_experience":503676,"relics_obtained":[{"floor":6.0,"key":"Replay:Baseball"},{"floor":7.0,"key":"sagemod:Red_Beast_Statue"},{"floor":8.0,"key":"Ice Cream"},{"floor":9.0,"key":"Replay:Wax Seal"},{"floor":11.0,"key":"theForsaken:Gavel"},{"floor":12.0,"key":"Replay:Rubber Ducky"},{"floor":13.0,"key":"MawBank"},{"floor":15.0,"key":"construct:BoolHorns"},{"floor":23.0,"key":"Counterbalance"},{"floor":25.0,"key":"Frozen Egg 2"},{"floor":29.0,"key":"Replay:Accelerometer"},{"floor":36,"key":"conspire:Boomerang"},{"floor":40,"key":"Dream Catcher"},{"floor":42,"key":"Toy Ornithopter"},{"floor":43,"key":"InkBottle"},{"floor":49,"key":"ReplayTheSpireMod:TigerMarble"},{"floor":53,"key":"Snack Pack"},{"floor":55,"key":"Mirror"}],"event_choices":[{"damage_healed":0.0,"max_hp_gain":0.0,"max_hp_loss":0.0,"gold_gain":0.0,"event_name":"Fountain of Cleansing","player_choice":"Ignored","floor":3.0,"gold_loss":0.0,"damage_taken":0.0},{"damage_healed":0.0,"max_hp_gain":0.0,"max_hp_loss":0.0,"gold_gain":150.0,"event_name":"Liars Game","player_choice":"AGREE","floor":5.0,"gold_loss":0.0,"damage_taken":0.0,"cards_obtained":["Doubt"]},{"damage_healed":0.0,"max_hp_gain":0.0,"max_hp_loss":0.0,"gold_gain":0.0,"cards_transformed":["Doubt"],"event_name":"Transmorgrifier","player_choice":"Transformed","floor":14.0,"gold_loss":0.0,"damage_taken":0.0,"cards_obtained":["Clumsy"]},{"damage_healed":0.0,"max_hp_gain":0.0,"max_hp_loss":0.0,"gold_gain":0.0,"event_name":"Ghosts","player_choice":"Ignored","floor":22.0,"gold_loss":0.0,"damage_taken":0.0},{"damage_healed":0.0,"max_hp_gain":0.0,"max_hp_loss":0.0,"gold_gain":50.0,"event_name":"Nest","player_choice":"Stole From Cult","floor":28.0,"gold_loss":0.0,"damage_taken":0.0},{"damage_healed":0,"gold_gain":0,"player_choice":"Fight","damage_taken":0,"max_hp_gain":0,"max_hp_loss":0,"event_name":"Mysterious Sphere","floor":36,"gold_loss":0},{"cards_removed":["TheCursedMod:Defend_TheCursed"],"damage_healed":0,"gold_gain":0,"player_choice":"Removed Skill","damage_taken":0,"max_hp_gain":0,"max_hp_loss":0,"event_name":"Falling","floor":38,"gold_loss":0},{"cards_removed":["TheCursedMod:ManaCirculation"],"damage_healed":40,"gold_gain":0,"player_choice":"Offered Rare","damage_taken":0,"max_hp_gain":10,"max_hp_loss":0,"event_name":"Bonfire Elementals","floor":46,"gold_loss":0}],"is_beta":false,"boss_relics":[{"not_picked":["conspire:RunicOctahedron","conspire:SlowCooker"],"picked":"Cursed Key"},{"not_picked":["Kintsugi","Busted Crown"],"picked":"conspire:SpecialSausage"}],"items_purged_floors":[48,54],"is_endless":false,"potions_floor_spawned":[1,2,4,6,8,10,12,16,18,20,21,23,24,25,27,29,30,31,33,35,36,37,39,40,41,42,44,47,55],"ascension_level":20}}