{"host":"gm50ke85n5jz306u","time":1613752297,"event":{"mods":["AchievementEnabler","AlwaysNeverKeys","Aspiration","BaseMod","Bestiary","Better Altar","Better Match","Better Note","Better Sensory Stone","Better Skull","Better Third Choice","Better Vampires","Better-Laid Plans","BetterRewards","Colored Powertips","Curses Come First","DNKmod","Decade(???)","Defuse TimeMaze Blight","Disable Question Mark Monsters","Displayed Cursed Tome","Downfall","Emptier Cage","Extra Virgin Snecko Oil","Filter the Spire","Friendly Minions","Gremlin Skip","Hermit","Hubris","Hyrulean Relics","Ironclad Rager","Jorbs\u0027s Wanderer Trilogy","KinomotoSakuraMod(????)","Koishi","Lobotomy","Marisa????????","Marked Mod","Minty Spire (QoL Compilation)","Permanent Neow","Poor People Problems","Quick Restart","Reimu??????","Relic Filter Mod","Relic Sorter","Remilia??????","Remove Card Discount Mod","Reorder Act Four","Replay The Spire","Shop Mod","StSLib","Synergy Search","Td1madao Mod","The Administrix","The Animator","The Blue Laboratory","The Bug Knight","The Construct","The Cursed","The Disciple","The Hierophant","The Necromancer","The Poker Player","The Runesmith","The Senshi","The Servant 0.9.4","Thieving Mod","Transform Curses","WarShipGirlsR/????R mod","Youmu??????"],"gold_per_floor":[700,716,728,739,750,675,675,689,689,262,293,311,311,311,325,526,526,526,511,511,511,526,559,559,578,578,257,257,257,257,602,622,622,622,622],"floor_reached":33,"language":"ENG","playtime":1881,"items_purged":["Slimebound:Split","Slimebound:CorrosiveSpit","Slimebound:Tackle","Slimebound:Defend_Slimebound","Slimebound:Defend_Slimebound","Slimebound:Defend_Slimebound","Slimebound:Grow+1","Delirium","Slimebound:Strike_Slimebound+1","Slimebound:Strike_Slimebound+1","Slimebound:Defend_Slimebound+1","Slimebound:Strike_Slimebound+1"],"score":331,"play_id":"f4adeed5-4417-4bd6-af3f-3eea0f7fceb7","local_time":"20210219173137","is_ascension_mode":true,"campfire_choices":[{"data":"Slimebound:SamplingLick","floor":1.0,"key":"SMITH"},{"data":"Slimebound:GoopSpray","floor":9.0,"key":"SMITH"},{"data":"Slimebound:Grow","floor":13.0,"key":"SMITH"},{"data":"Slimebound:Schlurp","floor":18.0,"key":"SMITH"},{"data":"Slimebound:Grow","floor":26.0,"key":"SMITH"},{"floor":29,"key":"REST"}],"circlet_count":0,"master_deck":["Slimebound:SamplingLick+1","Slimebound:Schlurp+1","Slimebound:GoopSpray+1","Slimebound:HauntingLick+1","Slimebound:Grow+1","Slimebound:LeechingTouch+1","Slimebound:TongueLash+1","Lust_TH","Slimebound:TongueLash+1","Slimebound:Schlurp+1"],"relics":["Slimebound:AbsorbEndCombat","hubris:Icosahedron","MerchantsRug","downfall:HeartBlessingRed","downfall:HeartBlessingGreen","downfall:HeartBlessingBlue","Replay:Wax Seal","Toxic Egg 2","Ice Cream","Cursed Key","HollowMod:StagPassRelic","Frozen Eye"],"acts_visited":["Exordium","TheCity"],"potions_floor_usage":[],"damage_taken":[{"damage":0.0,"enemies":"2 Louse","floor":2.0,"turns":2.0},{"damage":0.0,"enemies":"Cultist","floor":3.0,"turns":3.0},{"damage":0.0,"enemies":"Small Slimes","floor":4.0,"turns":3.0},{"damage":10.0,"enemies":"Exordium Wildlife","floor":5.0,"turns":3.0},{"damage":0.0,"enemies":"Blue Slaver","floor":8.0,"turns":3.0},{"damage":0.0,"enemies":"downfall:FleeingMerchant","floor":10.0,"turns":4.0},{"damage":0.0,"enemies":"Lagavulin","floor":11.0,"turns":7.0},{"damage":0.0,"enemies":"downfall:LooterAlt","floor":12.0,"turns":3.0},{"damage":0.0,"enemies":"Large Slime","floor":15.0,"turns":5.0},{"damage":25.0,"enemies":"IC_STATUS_ARCHETYPE","floor":16.0,"turns":10.0},{"damage":1.0,"enemies":"downfall:FleeingMerchant","floor":19.0,"turns":4.0},{"damage":0.0,"enemies":"Spheric Guardian","floor":22.0,"turns":3.0},{"damage":0.0,"enemies":"Book of Stabbing","floor":23.0,"turns":5.0},{"damage":10.0,"enemies":"3 Byrds","floor":25.0,"turns":5.0},{"damage":0.0,"enemies":"downfall:FleeingMerchant","floor":27.0,"turns":4.0},{"damage":0,"enemies":"downfall:FleeingMerchant","floor":31,"turns":4},{"damage":0,"enemies":"Cultist and Chosen","floor":32,"turns":3},{"damage":81,"enemies":"DF_ARCHETYPE_CLAW","floor":33,"turns":4}],"seed_played":"-6026395695267314703","potions_obtained":[{"floor":4.0,"key":"ColorlessPotion"},{"floor":8.0,"key":"Languid Potion"},{"floor":15.0,"key":"LiquidBronze"},{"floor":16.0,"key":"Milkshake"}],"is_trial":false,"path_per_floor":["R","M","M","M","M","?","T","M","R","$","E","M","R","?","M","B",null,"R","$","?","?","M","E","T","M","R","$","?","R","?","$","M","B"],"character_chosen":"SLIMEBOUND","items_purchased":["Toxic Egg 2","MerchantsRug","HollowMod:StagPassRelic","Frozen Eye"],"campfire_rested":1,"item_purchase_floors":[10,10,27,27],"current_hp_per_floor":[75,75,75,75,69,69,69,71,71,75,75,75,75,75,75,53,75,75,75,75,75,75,75,75,71,71,75,75,75,75,75,75,0,0,0],"gold":622,"neow_bonus":"THREE_CARDS","is_daily":false,"chose_seed":false,"campfire_upgraded":5,"win_rate":0.0,"timestamp":1613752297,"path_taken":["R","M","M","M","M","?","T","?","R","$","E","M","R","?","M","BOSS","R","$","?","?","M","E","T","M","R","?","?","R","?","$","M","BOSS"],"items_purchased_type":["Relic","Relic","Relic","Relic"],"build_version":"2020-12-22","purchased_purges":12,"victory":false,"max_hp_per_floor":[75,75,75,75,75,75,75,75,75,75,75,75,75,75,75,75,75,75,75,75,75,75,75,75,75,75,75,75,75,75,75,75,75,75,75],"card_choices":[{"not_picked":["Slimebound:HauntingLick","Slimebound:LivingWall"],"picked":"Slimebound:SamplingLick","floor":0.0},{"not_picked":["Slimebound:SplitAcid","Slimebound:RainOfGoop","Slimebound:LivingWall"],"picked":"SKIP","floor":2.0},{"not_picked":["Slimebound:Equalize","Slimebound:Gluttony","Slimebound:SlimeSpikes"],"picked":"SKIP","floor":3.0},{"not_picked":["Slimebound:SplitLeeching","Slimebound:Equalize"],"picked":"Slimebound:Schlurp","floor":4.0},{"not_picked":["Slimebound:LevelUp","Slimebound:SplitSpecialist","Slimebound:SplitAcid"],"picked":"SKIP","floor":5.0},{"not_picked":["Slimebound:HauntingLick","Slimebound:GoopTackle"],"picked":"Slimebound:GoopSpray","floor":6.0},{"not_picked":["Slimebound:Replication","Slimebound:LeadByExample","Slimebound:FlameTackle"],"picked":"SKIP","floor":8.0},{"not_picked":["Slimebound:Gluttony","Slimebound:Recollect"],"picked":"Slimebound:Grow","floor":10.0},{"not_picked":["Slimebound:FinishingTackle","Slimebound:CheckThePlaybook+1"],"picked":"Slimebound:HauntingLick+1","floor":11.0},{"not_picked":["Slimebound:ServeAndProtect+1","Slimebound:SlimeSpikes+1","Slimebound:SlimeTap+1"],"picked":"SKIP","floor":12.0},{"not_picked":["Slimebound:FinishingTackle","Slimebound:HungryTackle","Slimebound:SlimeTap+1"],"picked":"SKIP","floor":15.0},{"not_picked":["Slimebound:ItLooksTasty+1","Slimebound:ProtectTheBoss"],"picked":"Slimebound:Grow","floor":19.0},{"not_picked":["Slimebound:LeechEnergy+1","Slimebound:FinishingTackle","Slimebound:SpikyOuterGoop"],"picked":"SKIP","floor":22.0},{"not_picked":["Slimebound:SpikyOuterGoop","Slimebound:SplitLeeching+1"],"picked":"Slimebound:LeechingTouch","floor":23.0},{"not_picked":["Slimebound:Replication+1","Slimebound:Gluttony","Slimebound:FinishingTackle"],"picked":"SKIP","floor":25.0},{"not_picked":["Slimebound:LivingWall+1","Slimebound:ProtectTheBoss"],"picked":"Slimebound:TongueLash","floor":27.0},{"not_picked":["Slimebound:GoopTackle+1","Slimebound:RollThrough"],"picked":"Slimebound:TongueLash","floor":31},{"not_picked":["Slimebound:FinishingTackle","Slimebound:ForwardTackle+1"],"picked":"Slimebound:Schlurp+1","floor":32}],"player_experience":304853,"relics_obtained":[{"floor":7.0,"key":"Replay:Wax Seal"},{"floor":11.0,"key":"Ice Cream"},{"floor":23.0,"key":"Replay:Mystery Machine"},{"floor":24.0,"key":"hubris:Zylophone"}],"event_choices":[{"damage_healed":0.0,"max_hp_gain":0.0,"max_hp_loss":0.0,"gold_gain":0.0,"event_name":"betterMatch:BetterMatch","player_choice":"1","floor":6.0,"gold_loss":0.0,"damage_taken":0.0,"cards_obtained":["betterMatch:ColorlessUncommonCard","betterMatch:CommonCard","betterMatch:RareCard"]},{"damage_healed":0.0,"max_hp_gain":0.0,"max_hp_loss":0.0,"gold_gain":0.0,"event_name":"betterNote:BetterNote","player_choice":"Ignored","floor":20.0,"gold_loss":0.0,"damage_taken":0.0,"cards_obtained":["Mayhem"]},{"damage_healed":0,"gold_gain":0,"player_choice":"Ignored","damage_taken":0,"max_hp_gain":0,"max_hp_loss":0,"event_name":"Ghosts","floor":30,"gold_loss":0}],"is_beta":false,"boss_relics":[{"not_picked":["ChewingGum","aspiration:RitualDagger"],"picked":"Cursed Key"}],"items_purged_floors":[10,10,10,10,10,10,27,27,27,27,27,27],"is_endless":false,"potions_floor_spawned":[4,8,15,16,22,23],"killed_by":"DF_ARCHETYPE_CLAW","ascension_level":1}}