{"host":"apr17x9d6644yr8l","time":1613724899,"event":{"mods":["BaseMod","Downfall","Hermit","Minty Spire (QoL Compilation)","StSLib","The Cursed","The Servant 0.9.4"],"gold_per_floor":[99,111,15,29,14,14,14,33,60,118,136,46,46,62,78,179,179,179,189,199,299,299,299,326,174,274,424,293,303,65,84,96,199,199,199,230,244,94,111,121,121,42,56,56,75,75,75,90,90,90,90],"floor_reached":49,"language":"ENG","playtime":5194,"items_purged":["sneckomod:Defend","Pain","Regret"],"score":518,"play_id":"e4c9a88e-593a-4eee-8f51-c67416f88ccd","local_time":"20210219005459","is_ascension_mode":false,"campfire_choices":[{"data":"sneckomod:Unknown","floor":1,"key":"SMITH"},{"data":"sneckomod:UnknownX","floor":6,"key":"SMITH"},{"floor":13,"key":"REST"},{"data":"sneckomod:UnknownBoss","floor":18,"key":"SMITH"},{"data":"sneckomod:UnlimitedRolls","floor":23,"key":"SMITH"},{"data":"sneckomod:SerpentIdol","floor":35,"key":"SMITH"},{"floor":47,"key":"REST"}],"circlet_count":0,"master_deck":["sneckomod:Strike","sneckomod:Strike+1","sneckomod:Strike","sneckomod:Defend+1","sneckomod:Defend","sneckomod:TailWhip","sneckomod:SnekBite+1","sneckomod:Unknown+1","sneckomod:Unknown","sneckomod:ImprovisedAttack","sneckomod:UnknownX+1","sneckomod:UnknownX","sneckomod:Unknown0Cost","sneckomod:UnknownClassRED","sneckomod:UnknownBoss+1","sneckomod:SnekBeam","sneckomod:WideSting","Battle Trance","sneckomod:UnknownUncommonSkill","sneckomod:SlitherStrike","sneckomod:Unknown2Cost","sneckomod:Unknown2Cost","sneckomod:UnknownRarePower","sneckomod:UnknownDraw","sneckomod:UnknownClassGREEN","CurseOfTheBell","CurseOfTheBell","sneckomod:UnlimitedRolls+1","sneckomod:UnknownUncommonSkill","sneckomod:Unknown0Cost","sneckomod:ImprovisedAttack","sneckomod:SnakeSap","sneckomod:UnknownUncommonPower","sneckomod:SnekBeam","sneckomod:SerpentIdol+1","sneckomod:Unknown0Cost","hexamod:SixthSeal","sneckomod:UnknownClassTHE_CHAMP_GRAY","sneckomod:Cheat","hexamod:FourthSeal","sneckomod:CheapStock","sneckomod:SerpentMind","sneckomod:SlitherStrike","sneckomod:PureSnecko+1","sneckomod:UnknownVulnerable+1","Iron Wave","sneckomod:UnknownX+1"],"relics":["bronze:MakeshiftBattery","sneckomod:SneckoCommon","SacredBark","downfall:ExtraCursedBell","Art of War","Gremlin Horn","Unceasing Top","Nunchaku","Lizard Tail","Bottled Lightning","Bird Faced Urn","Omamori","Philosopher\u0027s Stone","Darkstone Periapt"],"acts_visited":["Exordium","TheCity","TheBeyond"],"potions_floor_usage":[9,9,16,16,16,20,26,32,32,33,43,45,45,45,46,48],"damage_taken":[{"damage":6,"enemies":"Small Slimes","floor":2,"turns":2},{"damage":0,"enemies":"downfall:FleeingMerchant","floor":3,"turns":4},{"damage":5,"enemies":"2 Louse","floor":4,"turns":3},{"damage":5,"enemies":"downfall:FleeingMerchant","floor":5,"turns":4},{"damage":0,"enemies":"Cultist","floor":8,"turns":2},{"damage":0,"enemies":"Gremlin Nob","floor":9,"turns":2},{"damage":31,"enemies":"3 Sentries","floor":10,"turns":6},{"damage":0,"enemies":"downfall:LooterAlt","floor":11,"turns":2},{"damage":18,"enemies":"downfall:FleeingMerchant","floor":12,"turns":4},{"damage":13,"enemies":"Red Slaver","floor":14,"turns":3},{"damage":0,"enemies":"3 Louse","floor":15,"turns":1},{"damage":20,"enemies":"WA_ARCHETYPE_RETAIN","floor":16,"turns":5},{"damage":20,"enemies":"Spheric Guardian","floor":19,"turns":4},{"damage":4,"enemies":"downfall:LooterAlt2","floor":20,"turns":2},{"damage":16,"enemies":"downfall:FleeingMerchant","floor":25,"turns":4},{"damage":23,"enemies":"Colosseum Nobs","floor":26,"turns":3},{"damage":1,"enemies":"downfall:FleeingMerchant","floor":28,"turns":3},{"damage":34,"enemies":"Snake Plant","floor":29,"turns":4},{"damage":12,"enemies":"Centurion and Healer","floor":31,"turns":6},{"damage":17,"enemies":"Snecko","floor":32,"turns":5},{"damage":65,"enemies":"SI_MIRROR_ARCHETYPE","floor":33,"turns":10},{"damage":48,"enemies":"3 Shapes","floor":36,"turns":3},{"damage":0,"enemies":"Orb Walker","floor":37,"turns":2},{"damage":19,"enemies":"Jaw Worm Horde","floor":39,"turns":2},{"damage":0,"enemies":"3 Darklings","floor":40,"turns":1},{"damage":48,"enemies":"Writhing Mass","floor":43,"turns":6},{"damage":10,"enemies":"Maw","floor":45,"turns":7},{"damage":0,"enemies":"4 Shapes","floor":46,"turns":1},{"damage":67,"enemies":"Sphere and 2 Shapes","floor":48,"turns":4},{"damage":35,"enemies":"Maw","floor":49,"turns":7}],"seed_played":"-6643756983952817113","potions_obtained":[{"floor":2,"key":"champ:CounterPotion"},{"floor":4,"key":"SteroidPotion"},{"floor":10,"key":"sneckomod:MuddlingPotion"},{"floor":11,"key":"Block Potion"},{"floor":15,"key":"SpeedPotion"},{"floor":19,"key":"DistilledChaos"},{"floor":22,"key":"CultistPotion"},{"floor":29,"key":"Explosive Potion"},{"floor":31,"key":"Regen Potion"},{"floor":32,"key":"sneckomod:DiceRollPotion"},{"floor":39,"key":"BlessingOfTheForge"},{"floor":43,"key":"LiquidBronze"},{"floor":43,"key":"ColorlessPotion"},{"floor":45,"key":"DuplicationPotion"},{"floor":45,"key":"SmokeBomb"}],"is_trial":false,"path_per_floor":["R","M","$","M","$","R","T","M","E","?","M","$","R","M","M","B",null,"R","M","M","?","?","R","T","$","?","?","$","M","$","M","M","B",null,"R","M","M","$","M","M","T","$","M","?","M","M","R","M","M"],"character_chosen":"THE_SNECKO","items_purchased":["sneckomod:Unknown0Cost","sneckomod:Unknown0Cost","sneckomod:UnknownUncommonPower","Bird Faced Urn","Omamori","sneckomod:SerpentIdol","sneckomod:SerpentMind","DistilledChaos"],"campfire_rested":2,"item_purchase_floors":[3,25,28,28,30,30,38,42],"current_hp_per_floor":[90,84,84,79,74,74,74,74,74,43,43,25,52,39,39,23,90,90,70,66,66,66,66,66,50,27,27,26,45,45,41,70,15,90,90,44,48,48,31,33,33,33,5,5,15,19,46,23,0,0,0],"gold":90,"neow_bonus":"BOSS_RELIC","is_daily":false,"chose_seed":false,"campfire_upgraded":5,"win_rate":0.0,"timestamp":1613724899,"path_taken":["R","M","$","M","$","R","T","M","E","?","M","$","R","M","M","BOSS","R","M","M","?","?","R","T","$","?","?","$","?","$","M","M","BOSS","R","M","M","$","M","M","T","$","M","?","M","?","R","M","M"],"items_purchased_type":["Card","Card","Card","Relic","Relic","Card","Card","Potion"],"build_version":"2020-12-22","purchased_purges":3,"victory":false,"max_hp_per_floor":[90,90,90,90,90,90,90,90,90,90,90,90,90,90,90,90,90,90,90,90,90,90,90,90,90,90,90,90,90,90,90,90,90,90,90,90,90,90,90,90,90,90,90,90,90,90,90,90,90,90,90],"card_choices":[{"not_picked":["sneckomod:SlitherStrike","sneckomod:Unknown2Cost"],"picked":"sneckomod:ImprovisedAttack","floor":2},{"not_picked":["sneckomod:DangerNoodle","sneckomod:UnknownWeak"],"picked":"sneckomod:UnknownX","floor":3},{"not_picked":["sneckomod:UnknownDraw","sneckomod:UnknownBlock"],"picked":"sneckomod:UnknownX","floor":4},{"not_picked":["sneckomod:UnknownClassTHE_CURSED_PURPLE","sneckomod:UnknownClassGREEN"],"picked":"sneckomod:Memorize","floor":5},{"not_picked":["sneckomod:QuickBite","sneckomod:CheapStock"],"picked":"sneckomod:Unknown0Cost","floor":8},{"not_picked":["sneckomod:UnknownClassBLUE","sneckomod:SoulDraw"],"picked":"sneckomod:UnknownBoss","floor":9},{"not_picked":["sneckomod:QuickMove","sneckomod:WideSting"],"picked":"sneckomod:SnekBeam","floor":10},{"not_picked":["sneckomod:Memorize","sneckomod:QuickBite"],"picked":"sneckomod:WideSting","floor":11},{"not_picked":["sneckomod:QuickMove","sneckomod:UnknownCommonSkill"],"picked":"sneckomod:UnknownUncommonSkill","floor":12},{"not_picked":["sneckomod:QuickBite","sneckomod:RainOfDice"],"picked":"sneckomod:SlitherStrike","floor":13},{"not_picked":["sneckomod:UnknownBlock","sneckomod:WideSting"],"picked":"sneckomod:Unknown2Cost","floor":14},{"not_picked":["sneckomod:ImprovisedGuard","sneckomod:UnknownDraw"],"picked":"sneckomod:Unknown2Cost","floor":15},{"not_picked":["sneckomod:MorePower","sneckomod:UnlimitedRolls"],"picked":"sneckomod:UnknownRarePower","floor":16},{"not_picked":["sneckomod:UnknownClassTHE_CURSED_PURPLE","sneckomod:Unknown2Cost"],"picked":"sneckomod:UnknownDraw","floor":19},{"not_picked":["sneckomod:MasterEye","sneckomod:UnknownCommonAttack"],"picked":"sneckomod:UnknownClassGREEN","floor":20},{"not_picked":["sneckomod:UnknownExhaust","sneckomod:UnknownStrike"],"picked":"sneckomod:UnknownUncommonSkill","floor":25},{"not_picked":["sneckomod:UnknownClassHEXA_GHOST_PURPLE","sneckomod:UnknownUncommonPower"],"picked":"sneckomod:ImprovisedAttack","floor":26},{"not_picked":["sneckomod:DiceCrush","sneckomod:UnknownClassGREEN"],"picked":"sneckomod:SnakeSap","floor":28},{"not_picked":["sneckomod:UnknownClassSILVER","sneckomod:DiceCrush"],"picked":"sneckomod:SnekBeam","floor":29},{"not_picked":["sneckomod:DiceBoulder+1","sneckomod:UnknownClassRED"],"picked":"sneckomod:Unknown0Cost","floor":31},{"not_picked":["hexamod:ThirdSeal","hexamod:FourthSeal"],"picked":"hexamod:SixthSeal","floor":32},{"not_picked":["sneckomod:UnknownCommonAttack","sneckomod:SnakeSap"],"picked":"sneckomod:UnknownClassTHE_CHAMP_GRAY","floor":32},{"not_picked":["sneckomod:SoulExchange","sneckomod:DangerNoodle"],"picked":"sneckomod:Cheat","floor":33},{"not_picked":["sneckomod:UnknownClassSLIMEBOUND","sneckomod:QuickMove"],"picked":"sneckomod:UnknownRareSkill","floor":36},{"not_picked":["hexamod:SixthSeal","hexamod:SecondSeal"],"picked":"hexamod:FourthSeal","floor":37},{"not_picked":["sneckomod:DiceCrush","sneckomod:UnknownExhaust+1"],"picked":"sneckomod:CheapStock","floor":37},{"not_picked":["sneckomod:SoulRoll+1","sneckomod:UnknownExhaust"],"picked":"sneckomod:SlitherStrike","floor":39},{"not_picked":["sneckomod:RainOfDice+1","sneckomod:UnknownClassBLUE+1"],"picked":"sneckomod:PureSnecko+1","floor":40},{"not_picked":["sneckomod:UnlimitedRolls","sneckomod:UnknownClassBLUE+1"],"picked":"sneckomod:UnknownVulnerable+1","floor":43},{"not_picked":["sneckomod:RainOfDice","sneckomod:UnknownClassBLUE","sneckomod:UnknownClassTHE_BRONZE_AUTOMATON"],"picked":"SKIP","floor":45},{"not_picked":["sneckomod:SoulDraw","sneckomod:UnknownStrike"],"picked":"sneckomod:UnknownX+1","floor":48}],"player_experience":269638,"relics_obtained":[{"floor":9,"key":"sneckomod:SneckoCommon"},{"floor":10,"key":"Dream Catcher"},{"floor":21,"key":"Art of War"},{"floor":21,"key":"Gremlin Horn"},{"floor":21,"key":"Unceasing Top"},{"floor":24,"key":"Nunchaku"},{"floor":26,"key":"Lizard Tail"},{"floor":26,"key":"Bottled Lightning"},{"floor":41,"key":"Darkstone Periapt"}],"event_choices":[{"cards_removed":["sneckomod:UnknownRareSkill"],"damage_healed":0,"gold_gain":0,"player_choice":"Took Card","damage_taken":0,"max_hp_gain":0,"max_hp_loss":0,"event_name":"NoteForYourself","floor":44,"gold_loss":0,"cards_obtained":["Iron Wave"]}],"is_beta":false,"boss_relics":[{"not_picked":["Cursed Key","Busted Crown"],"picked":"SacredBark"},{"not_picked":["Sozu","sneckomod:SneckoBoss"],"picked":"Philosopher\u0027s Stone"}],"items_purged_floors":[12,25,28],"is_endless":false,"potions_floor_spawned":[2,4,10,11,15,19,29,31,32,39,43,45,46],"killed_by":"Maw","ascension_level":0}}