{"host":"sncdgiue1dtzeg79","time":1613739935,"event":{"mods":["BaseMod","Beaked The Cultist","ChefMod","Colored Powertips","Hubris","Jorbs\u0027s Wanderer Trilogy","Minty Spire (QoL Compilation)","Reliquary","StSLib","Swap Starting Deck Mod","The Bladedancer","The Cursed","The Hierophant","The Marked","The Necromancer","The Runesmith","The Wild Card","Weighted Paths"],"gold_per_floor":[122,154,166,178,203,215,260,272,284,61,22,19,19,33,33,132,132,148,167,167,185,196,196,196,196],"floor_reached":24,"language":"ENG","playtime":1575,"items_purged":[],"score":223,"play_id":"75487170-7184-4516-ac06-cb091de968a5","local_time":"20210219140535","is_ascension_mode":false,"campfire_choices":[{"data":"TheCursedMod:SpitefulPlan","floor":6,"key":"SMITH"},{"data":"TheCursedMod:EmpowerCircles","floor":13,"key":"SMITH"},{"floor":15,"key":"REST"},{"data":"TheCursedMod:AntiAging","floor":23,"key":"SMITH"}],"circlet_count":0,"master_deck":["TheCursedMod:Defend_TheCursed","TheCursedMod:Defend_TheCursed","TheCursedMod:Defend_TheCursed","TheCursedMod:Defend_TheCursed","TheCursedMod:CursedWand","TheCursedMod:CleanUpWorkshop","TheCursedMod:Dregs","TheCursedMod:CircleOfCorruption","TheCursedMod:ReleasedKnowledge","TheCursedMod:SpitefulPlan+1","TheCursedMod:HellfireBreathing","TheCursedMod:EmpowerCircles+1","TheCursedMod:WearCloak","TheCursedMod:SoulReap","TheCursedMod:LuckyCharm","TheCursedMod:AntiAging+1","CurseOfTheBell","TheCursedMod:FleshFromBone","TheCursedMod:BloodBarrier","Bite","Bite","Bite","Bite","Bite","TheCursedMod:SurpriseAttack+1"],"relics":["TheCursedMod:BlackMagic101","MawBank","Eternal Feather","Torii","reliquary:RoseTintedGlasses","Calling Bell","Anchor","reliquary:GummyVitamins","TheCursedMod:CrystalBall"],"acts_visited":["Exordium","TheCity"],"potions_floor_usage":[16,21,22,22],"damage_taken":[{"damage":7,"enemies":"Jaw Worm","floor":1,"turns":5},{"damage":0,"enemies":"2 Louse","floor":2,"turns":3},{"damage":0,"enemies":"Cultist","floor":5,"turns":3},{"damage":34,"enemies":"3 Sentries","floor":7,"turns":13},{"damage":19,"enemies":"Exordium Thugs","floor":12,"turns":5},{"damage":13,"enemies":"Exordium Wildlife","floor":14,"turns":7},{"damage":11,"enemies":"The Guardian","floor":16,"turns":12},{"damage":12,"enemies":"Spheric Guardian","floor":18,"turns":6},{"damage":13,"enemies":"Shell Parasite","floor":19,"turns":8},{"damage":31,"enemies":"Snake Plant","floor":21,"turns":8},{"damage":33,"enemies":"Snecko","floor":22,"turns":6},{"damage":54,"enemies":"3 Cultists","floor":24,"turns":5}],"seed_played":"8626754180772894043","potions_obtained":[{"floor":1,"key":"EssenceOfSteel"},{"floor":14,"key":"SteroidPotion"},{"floor":16,"key":"Explosive Potion"},{"floor":21,"key":"SpeedPotion"},{"floor":22,"key":"Swift Potion"}],"is_trial":false,"path_per_floor":["M","M","?","?","M","R","E","T","T","$","$","M","R","M","R","B",null,"M","M","?","M","M","R","M"],"character_chosen":"THE_CURSED","items_purchased":["reliquary:RoseTintedGlasses","TheCursedMod:EmpowerCircles","TheCursedMod:WearCloak","TheCursedMod:SoulReap"],"campfire_rested":1,"item_purchase_floors":[10,10,10,11],"current_hp_per_floor":[68,68,61,61,61,61,27,27,27,27,27,11,20,12,43,37,75,65,56,55,37,21,36,0,0],"gold":196,"neow_bonus":"RANDOM_COMMON_RELIC","is_daily":false,"chose_seed":false,"campfire_upgraded":3,"win_rate":0.0,"timestamp":1613739935,"path_taken":["M","M","?","?","?","R","E","?","T","?","$","M","R","M","R","BOSS","M","M","?","M","M","R","M"],"items_purchased_type":["Relic","Card","Card","Card"],"build_version":"2020-12-22","purchased_purges":0,"victory":false,"max_hp_per_floor":[75,75,75,75,75,75,75,75,75,75,75,75,75,75,75,75,75,77,79,55,57,59,59,62,62],"card_choices":[{"not_picked":["TheCursedMod:PrepareRite","TheCursedMod:CircleOfFlame"],"picked":"TheCursedMod:CircleOfCorruption","floor":1},{"not_picked":["TheCursedMod:RavingStaff","TheCursedMod:Stretching"],"picked":"TheCursedMod:ReleasedKnowledge","floor":2},{"not_picked":["TheCursedMod:Wield","TheCursedMod:RavingStaff"],"picked":"TheCursedMod:SpitefulPlan","floor":5},{"not_picked":["TheCursedMod:DarkBarrier","TheCursedMod:SoulReap"],"picked":"TheCursedMod:HellfireBreathing","floor":7},{"not_picked":["TheCursedMod:EmpowerCircles","TheCursedMod:CursedBlade"],"picked":"TheCursedMod:LuckyCharm","floor":12},{"not_picked":["TheCursedMod:SaltUponWound","TheCursedMod:Obscuration","TheCursedMod:TacticalStrike"],"picked":"SKIP","floor":14},{"not_picked":["TheCursedMod:ShockAndAwe","TheCursedMod:UltimatePain"],"picked":"TheCursedMod:AntiAging","floor":16},{"not_picked":["TheCursedMod:CursedBlade","TheCursedMod:Torture"],"picked":"TheCursedMod:FleshFromBone","floor":18},{"not_picked":["TheCursedMod:AbyssShockwave","TheCursedMod:CursedMace"],"picked":"TheCursedMod:BloodBarrier","floor":19},{"not_picked":["TheCursedMod:Wield","TheCursedMod:RavingStaff"],"picked":"TheCursedMod:SurpriseAttack+1","floor":21},{"not_picked":["TheCursedMod:CursedSpellbook+1","TheCursedMod:CircleOfCorruption","TheCursedMod:FleshFromBone"],"picked":"SKIP","floor":22}],"player_experience":524143,"relics_obtained":[{"floor":7,"key":"Eternal Feather"},{"floor":8,"key":"Torii"},{"floor":17,"key":"Anchor"},{"floor":17,"key":"reliquary:GummyVitamins"},{"floor":17,"key":"TheCursedMod:CrystalBall"}],"event_choices":[{"cards_removed":["TheCursedMod:Strike_TheCursed"],"damage_healed":0,"gold_gain":0,"player_choice":"Card Removal","damage_taken":7,"max_hp_gain":0,"max_hp_loss":0,"event_name":"Golden Wing","floor":3,"gold_loss":0},{"damage_healed":0,"gold_gain":0,"player_choice":"Ignored","damage_taken":0,"max_hp_gain":0,"max_hp_loss":0,"event_name":"NoteForYourself","floor":4,"gold_loss":0},{"damage_healed":0,"gold_gain":0,"player_choice":"Became a vampire","damage_taken":0,"max_hp_gain":0,"max_hp_loss":24,"event_name":"Vampires","floor":20,"gold_loss":0,"cards_obtained":["Bite","Bite","Bite","Bite","Bite"]}],"is_beta":false,"boss_relics":[{"not_picked":["beaked:MawFillet","Fusion Hammer"],"picked":"Calling Bell"}],"items_purged_floors":[],"is_endless":false,"potions_floor_spawned":[1,14,16,21,22],"killed_by":"3 Cultists","ascension_level":0}}