{"host":"js2su9tbbk4rmjfl","time":1613694338,"event":{"mods":["AchievementEnabler","BaseMod","Block Reminder","Colored Map","Colored Powertips","Highlight Path","Minty Spire (QoL Compilation)","Relic Stats"],"gold_per_floor":[116,53,68,68,79,79,92,92,92,126,51,51,51,23,23,23,23],"floor_reached":16,"language":"ENG","playtime":625,"items_purged":[],"score":186,"play_id":"437452d3-8f4f-4115-9548-cfc5204c8b88","local_time":"20210219012538","is_ascension_mode":true,"campfire_choices":[{"data":"1","floor":6,"key":"LIFT"},{"data":"2","floor":8,"key":"LIFT"},{"data":"3","floor":13,"key":"LIFT"},{"data":"Iron Wave","floor":15,"key":"SMITH"}],"circlet_count":0,"master_deck":["AscendersBane","Strike_R","Strike_R","Strike_R","Strike_R","Defend_R","Defend_R","Defend_R","Defend_R","Bash","Pommel Strike","Iron Wave+1","Sever Soul","Sentinel","Flame Barrier","Twin Strike"],"relics":["Burning Blood","NeowsBlessing","Girya","Bottled Flame","White Beast Statue"],"acts_visited":["Exordium"],"potions_floor_usage":[10,16,16],"damage_taken":[{"damage":0,"enemies":"2 Louse","floor":1,"turns":1},{"damage":0,"enemies":"Cultist","floor":3,"turns":1},{"damage":0,"enemies":"Small Slimes","floor":5,"turns":1},{"damage":2,"enemies":"Looter","floor":7,"turns":4},{"damage":4,"enemies":"3 Sentries","floor":10,"turns":8},{"damage":79,"enemies":"Hexaghost","floor":16,"turns":15}],"seed_played":"-4526734599152337143","potions_obtained":[{"floor":3,"key":"HeartOfIron"},{"floor":12,"key":"SteroidPotion"},{"floor":12,"key":"GamblersBrew"}],"is_trial":false,"path_per_floor":["M","?","M","$","M","R","M","R","T","E","?","?","R","$","R","B"],"character_chosen":"IRONCLAD","items_purchased":["Twin Strike"],"campfire_rested":0,"item_purchase_floors":[14],"current_hp_per_floor":[74,74,75,75,75,75,75,75,75,75,75,75,75,75,75,0,0],"gold":23,"neow_bonus":"THREE_ENEMY_KILL","is_daily":false,"chose_seed":false,"campfire_upgraded":1,"win_rate":0.0,"timestamp":1613694338,"path_taken":["M","?","M","?","?","R","M","R","T","E","?","?","R","$","R","BOSS"],"items_purchased_type":["Card"],"build_version":"2020-12-22","purchased_purges":0,"victory":false,"max_hp_per_floor":[75,75,75,75,75,75,75,75,75,75,75,75,75,75,75,75,75],"relic_stats":{"counters":[6,30],"obtain_stats":[{"Girya":2,"Bottled Flame":9,"NeowsBlessing":0,"Burning Blood":0,"White Beast Statue":10},{"Girya":1,"Bottled Flame":4,"NeowsBlessing":0,"Burning Blood":0,"White Beast Statue":5},{"Girya":1,"Bottled Flame":7,"NeowsBlessing":0,"Burning Blood":0,"White Beast Statue":15}],"Burning Blood":13},"card_choices":[{"not_picked":["Thunderclap","Feel No Pain"],"picked":"Pommel Strike","floor":1},{"not_picked":["Cleave","Thunderclap"],"picked":"Iron Wave","floor":3},{"not_picked":["Perfected Strike","Feel No Pain"],"picked":"Sever Soul","floor":5},{"not_picked":["Reckless Charge","Anger"],"picked":"Sentinel","floor":7},{"not_picked":["Evolve","Perfected Strike"],"picked":"Flame Barrier","floor":10}],"player_experience":855317,"relics_obtained":[{"floor":9,"key":"Bottled Flame"},{"floor":10,"key":"White Beast Statue"}],"event_choices":[{"damage_healed":0,"gold_gain":0,"player_choice":"Paid Gold","damage_taken":0,"relics_obtained":["Girya"],"max_hp_gain":0,"max_hp_loss":0,"event_name":"WeMeetAgain","floor":2,"gold_loss":63},{"cards_removed":["Strike_R"],"damage_healed":0,"gold_gain":0,"player_choice":"Card Removal","damage_taken":0,"max_hp_gain":0,"max_hp_loss":0,"event_name":"The Cleric","floor":11,"gold_loss":75},{"damage_healed":0,"gold_gain":0,"player_choice":"Got Potions","damage_taken":0,"max_hp_gain":0,"max_hp_loss":0,"event_name":"Lab","floor":12,"gold_loss":0}],"is_beta":false,"boss_relics":[],"items_purged_floors":[],"is_endless":false,"potions_floor_spawned":[3],"killed_by":"Hexaghost","ascension_level":18}}