{"host":"o88u0awh8mkwl1l8","time":1613721430,"event":{"mods":["BaseMod","Colored Map","Highlight Path","Minty Spire (QoL Compilation)","Relic Sorter"],"gold_per_floor":[116,116,135,151,171,171,199,199,199,199,218,250,273,300,300,374,374,388,399,349,364,5,5,5,5],"floor_reached":24,"language":"JPN","playtime":1853,"items_purged":[],"score":432,"play_id":"0e5efb59-dbfe-4bb8-bc94-c879c6b97418","local_time":"20210219165710","is_ascension_mode":true,"campfire_choices":[{"data":"Dash","floor":6.0,"key":"SMITH"},{"data":"Well Laid Plans","floor":8.0,"key":"SMITH"},{"data":"Neutralize","floor":10.0,"key":"SMITH"},{"data":"Bouncing Flask","floor":15.0,"key":"SMITH"},{"floor":23.0,"key":"REST"}],"circlet_count":0,"master_deck":["AscendersBane","Strike_G","Strike_G","Strike_G","Strike_G","Defend_G","Defend_G","Defend_G","Defend_G","Defend_G","Survivor","Neutralize+1","Dagger Spray","Dodge and Roll","Deadly Poison","Dash+1","Well Laid Plans+1","After Image","Bouncing Flask+1","PiercingWail","Malaise","CurseOfTheBell","PiercingWail+1","All Out Attack","Footwork"],"relics":["Ring of the Snake","Darkstone Periapt","Du-Vu Doll","Question Card","Paper Crane","Ninja Scroll","Oddly Smooth Stone","Calling Bell","Pen Nib","Peace Pipe","Toxic Egg 2"],"acts_visited":["Exordium","TheCity"],"potions_floor_usage":[24],"damage_taken":[{"damage":8.0,"enemies":"Jaw Worm","floor":1.0,"turns":7.0},{"damage":0.0,"enemies":"Cultist","floor":3.0,"turns":4.0},{"damage":1.0,"enemies":"Small Slimes","floor":4.0,"turns":4.0},{"damage":4.0,"enemies":"2 Fungi Beasts","floor":5.0,"turns":4.0},{"damage":6.0,"enemies":"3 Sentries","floor":7.0,"turns":9.0},{"damage":2.0,"enemies":"Blue Slaver","floor":11.0,"turns":4.0},{"damage":8.0,"enemies":"Lagavulin","floor":12.0,"turns":12.0},{"damage":14.0,"enemies":"3 Sentries","floor":14.0,"turns":9.0},{"damage":12.0,"enemies":"The Guardian","floor":16.0,"turns":9.0},{"damage":21.0,"enemies":"Shell Parasite","floor":18.0,"turns":7.0},{"damage":3.0,"enemies":"2 Thieves","floor":19.0,"turns":5.0},{"damage":6.0,"enemies":"Snecko","floor":21.0,"turns":5.0},{"damage":39,"enemies":"Gremlin Leader","floor":24,"turns":6}],"seed_played":"-1694979167803016120","potions_obtained":[{"floor":1.0,"key":"DistilledChaos"},{"floor":7.0,"key":"SpeedPotion"},{"floor":12.0,"key":"Energy Potion"},{"floor":14.0,"key":"Energy Potion"},{"floor":18.0,"key":"EssenceOfSteel"}],"is_trial":false,"path_per_floor":["M","?","M","M","M","R","E","R","T","R","M","E","T","E","R","B",null,"M","M","?","M","$","R","E"],"character_chosen":"THE_SILENT","items_purchased":["Toxic Egg 2","Footwork"],"campfire_rested":1,"item_purchase_floors":[22,22],"current_hp_per_floor":[57,57,57,56,52,52,46,46,46,46,44,36,36,22,22,10,57,36,33,33,27,27,48,9,9],"gold":5,"neow_bonus":"TEN_PERCENT_HP_BONUS","is_daily":false,"chose_seed":false,"campfire_upgraded":4,"win_rate":0.0,"timestamp":1613721430,"path_taken":["M","?","M","M","M","R","E","R","T","R","M","E","?","E","R","BOSS","M","M","?","?","$","R","E"],"items_purchased_type":["Relic","Card"],"build_version":"2020-12-22","purchased_purges":0,"victory":false,"max_hp_per_floor":[72,72,72,72,72,72,72,72,72,72,72,72,72,72,72,72,72,72,72,72,72,72,72,72,72],"card_choices":[{"not_picked":["Reflex","Blade Dance"],"picked":"Dagger Spray","floor":1.0},{"not_picked":["Outmaneuver","Acrobatics"],"picked":"Dodge and Roll","floor":3.0},{"not_picked":["Blade Dance","Dagger Throw"],"picked":"Deadly Poison","floor":4.0},{"not_picked":["Bane","Slice"],"picked":"Dash","floor":5.0},{"not_picked":["Concentrate","Heel Hook"],"picked":"Well Laid Plans","floor":7.0},{"not_picked":["Cloak And Dagger","Acrobatics","Backflip"],"picked":"After Image","floor":11.0},{"not_picked":["Infinite Blades","Flechettes","Dodge and Roll"],"picked":"Bouncing Flask","floor":12.0},{"not_picked":["Blade Dance","Bane","Underhanded Strike"],"picked":"PiercingWail","floor":14.0},{"not_picked":["Grand Finale","Unload","Burst"],"picked":"Malaise","floor":16.0},{"not_picked":["Underhanded Strike","Infinite Blades+1","Prepared"],"picked":"PiercingWail+1","floor":18.0},{"not_picked":["Endless Agony","Dash","Setup","Underhanded Strike"],"picked":"SKIP","floor":19.0},{"not_picked":["Quick Slash","Sucker Punch","Night Terror"],"picked":"All Out Attack","floor":21.0}],"player_experience":1305250,"relics_obtained":[{"floor":7.0,"key":"Question Card"},{"floor":9.0,"key":"Paper Crane"},{"floor":12.0,"key":"Ninja Scroll"},{"floor":13.0,"key":"Oddly Smooth Stone"},{"floor":14.0,"key":"Du-Vu Doll"},{"floor":17.0,"key":"Pen Nib"},{"floor":17.0,"key":"Darkstone Periapt"},{"floor":17.0,"key":"Peace Pipe"}],"event_choices":[{"cards_removed":["Strike_G"],"damage_healed":0.0,"max_hp_gain":0.0,"max_hp_loss":0.0,"gold_gain":0.0,"event_name":"Living Wall","player_choice":"Forget","floor":2.0,"gold_loss":0.0,"damage_taken":0.0},{"damage_healed":0.0,"max_hp_gain":0.0,"max_hp_loss":0.0,"gold_gain":0.0,"event_name":"The Joust","player_choice":"Bet on Murderer","floor":20.0,"gold_loss":50.0,"damage_taken":0.0}],"is_beta":false,"boss_relics":[{"not_picked":["HoveringKite","Runic Pyramid"],"picked":"Calling Bell"}],"items_purged_floors":[],"is_endless":false,"potions_floor_spawned":[1,7,12,14,18],"killed_by":"Gremlin Leader","ascension_level":20}}