{"host":"2hea6pl5vmah38iy","time":1613724828,"event":{"mods":["AchievementEnabler","BaseMod","Colored Map","DeckTracker","Keyboard Shortcuts","Minty Spire (QoL Compilation)","Rare Cards Sparkle","StSLib","SuperFastMode","everything is the same but u backflip on backflip"],"gold_per_floor":[10,24,42,117,392,392,411,411,466,466,466],"floor_reached":10,"language":"KOR","playtime":247,"items_purged":[],"score":113,"play_id":"9c697b9e-32c8-413d-873d-ff79ec02da64","local_time":"20210219175348","is_ascension_mode":true,"campfire_choices":[{"data":"Gash","floor":6,"key":"SMITH"},{"data":"Reinforced Body","floor":8,"key":"SMITH"}],"circlet_count":0,"master_deck":["AscendersBane","Strike_B","Strike_B","Strike_B","Defend_B","Defend_B","Defend_B","Zap","Dualcast","Reinforced Body+1","Gash+1","Rebound","Regret"],"relics":["Cracked Core","Happy Flower"],"acts_visited":["Exordium"],"potions_floor_usage":[],"damage_taken":[{"damage":4.0,"enemies":"Small Slimes","floor":1.0,"turns":4.0},{"damage":1.0,"enemies":"Cultist","floor":2.0,"turns":3.0},{"damage":12,"enemies":"Jaw Worm","floor":3,"turns":2},{"damage":4,"enemies":"Looter","floor":7,"turns":4},{"damage":32,"enemies":"3 Sentries","floor":10,"turns":5}],"seed_played":"3195259778439932802","potions_obtained":[{"floor":1.0,"key":"FearPotion"},{"floor":2.0,"key":"SteroidPotion"}],"is_trial":false,"path_per_floor":["M","M","M","?","?","R","M","R","T","E"],"character_chosen":"DEFECT","items_purchased":[],"campfire_rested":0,"item_purchase_floors":[],"current_hp_per_floor":[60,59,47,36,36,36,32,32,32,0,0],"gold":466,"neow_bonus":"REMOVE_TWO","is_daily":false,"chose_seed":false,"campfire_upgraded":2,"win_rate":0.0,"timestamp":1613724828,"path_taken":["M","M","M","?","?","R","?","R","T","E"],"items_purchased_type":[],"build_version":"2020-12-22","purchased_purges":0,"victory":false,"max_hp_per_floor":[71,71,71,71,71,71,71,71,71,71,71],"card_choices":[{"not_picked":["Steam Power","Rip and Tear"],"picked":"Reinforced Body","floor":1.0},{"not_picked":["Steam","Beam Cell"],"picked":"Gash","floor":2.0},{"not_picked":["Steam Power","Doom and Gloom"],"picked":"Rebound","floor":3},{"not_picked":["Barrage","Redo","Hello World"],"picked":"SKIP","floor":7}],"player_experience":597517,"relics_obtained":[{"floor":9,"key":"Happy Flower"}],"event_choices":[{"damage_healed":0,"gold_gain":75,"player_choice":"Gather Gold","damage_taken":11,"max_hp_gain":0,"max_hp_loss":0,"event_name":"World of Goop","floor":4,"gold_loss":0},{"damage_healed":0,"gold_gain":275,"player_choice":"Desecrate","damage_taken":0,"max_hp_gain":0,"max_hp_loss":0,"event_name":"Golden Shrine","floor":5,"gold_loss":0,"cards_obtained":["Regret"]}],"is_beta":false,"boss_relics":[],"items_purged_floors":[],"is_endless":false,"potions_floor_spawned":[1,2],"killed_by":"3 Sentries","ascension_level":19}}