{"host":"glqsg3p5q4u9u1ra","time":1613756435,"event":{"mods":["Act Like it!","Arknights","BaseMod","Better Third Choice","BetterRewards","Colored Map","Downfall","Friendly Minions","GifTheSpireLib","Hallownest","Highlight Path","Infinite Spire","Lobotomy","LobotomyExtend","Mimic Mod","Minty Spire (QoL Compilation)","Pale of the Ancients","Reliquary","Replay The Spire","Ruina","Spicy Shops","Spire Birthday Party","StSLib","The Blue Laboratory","The Bug Knight","The Exalted","The Servant 0.9.4","Wandering Minibosses"],"gold_per_floor":[118,70,70,70,70,70,85,85,85,120,49,49,69,113,113,238,301,317,317,317,317,317],"floor_reached":21,"language":"ENG","playtime":939,"items_purged":["Regret"],"score":425,"play_id":"c960b711-f002-4209-a625-4e049f9616a1","local_time":"20210219094035","is_ascension_mode":true,"campfire_choices":[{"data":"Bromod:EnergySiphon","floor":6,"key":"SMITH"},{"data":"Bromod:SplitChamber","floor":12,"key":"SMITH"},{"data":"Bromod:PointStrike","floor":15,"key":"SMITH"}],"circlet_count":0,"master_deck":["Bromod:Strike_Bro+1","Bromod:Strike_Bro","Bromod:Strike_Bro","Bromod:Defend_Bro","Bromod:Defend_Bro","Bromod:Defend_Bro","Bromod:Defend_Bro","Bromod:SlashDash","Bromod:SlashDash","Bromod:SlashDash","Bromod:BulletJump","Bromod:PointStrike","Bromod:QuickThinking+1","Bromod:BulletJump","Bromod:SteelFiber","Bromod:PointStrike+1","Bromod:EnergySiphon+1","Bromod:SteelFiber","Bromod:SplitChamber+1","Bromod:FocusEnergy","Bromod:PointStrike+1","Bromod:ToxicBarrage+1","Bromod:PointStrike+1","Pain","ruina:GoldRush"],"relics":["Bromod:Ordis","Bromod:AscarisDevice","Orrery","Golden Idol","Blue Candle","LetterFromLob","HornCleat","Question Card","Molten Egg 2","Tiny House","Shovel"],"acts_visited":["Exordium","Exordium"],"potions_floor_usage":[14,14,21,21,21],"damage_taken":[{"damage":0,"enemies":"2 Louse","floor":1,"turns":6},{"damage":5,"enemies":"Jaw Worm","floor":7,"turns":6},{"damage":1,"enemies":"3 Sentries","floor":10,"turns":22},{"damage":7,"enemies":"Small Slimes","floor":13,"turns":7},{"damage":0,"enemies":"Lagavulin","floor":14,"turns":16},{"damage":7,"enemies":"Slime Boss","floor":16,"turns":19},{"damage":12,"enemies":"ruina:BadWolf","floor":18,"turns":6},{"damage":63,"enemies":"ruina:3_Bats","floor":21,"turns":3}],"seed_played":"4667297290487352193","potions_obtained":[{"floor":1,"key":"Bromod:Forma"},{"floor":10,"key":"EssenceOfSteel"},{"floor":14,"key":"Elixir"},{"floor":17,"key":"blueLaboratory:BottledHope"}],"is_trial":false,"path_per_floor":["M","$","?","?","?","R","M","?","T","E","$","R","M","E","R_BF","B",null,"M","?","?","M"],"character_chosen":"THE_EXALTED","items_purchased":["Orrery","Bromod:PointStrike","blueLaboratory:HorrorPotion","Bromod:SteelFiber","Bromod:SplitChamber"],"campfire_rested":0,"item_purchase_floors":[0,0,0,2,11],"current_hp_per_floor":[68,68,68,63,63,63,58,66,66,65,65,65,58,58,58,51,70,58,58,58,0,0],"gold":317,"neow_bonus":"","is_daily":false,"chose_seed":false,"campfire_upgraded":3,"win_rate":0.0,"timestamp":1613756435,"path_taken":["M","$","?","?","?","R","M","?","T","E","?","R","M","E","R_BF","BOSS","M","?","?","?"],"items_purchased_type":["Relic","Card","Potion","Card","Card"],"build_version":"2020-12-22","purchased_purges":1,"victory":false,"max_hp_per_floor":[75,75,69,69,69,69,69,69,69,69,69,69,69,69,69,69,74,74,74,69,69,69],"card_choices":[{"not_picked":["Bromod:TargetCracker","Bromod:SlashDash"],"picked":"Bromod:BulletJump","floor":0},{"not_picked":["Bromod:BodyCount","Bromod:FastHands"],"picked":"Bromod:PointStrike","floor":0},{"not_picked":["Bromod:SlashDash","Bromod:BloodRush"],"picked":"Bromod:QuickThinking","floor":0},{"not_picked":["Bromod:SlashDash","Bromod:RelentlessCombination"],"picked":"Bromod:BulletJump","floor":0},{"not_picked":["Bromod:BulletJump","Bromod:Reflection"],"picked":"Bromod:SteelFiber","floor":0},{"not_picked":["Bromod:SlipMagazine","Bromod:SlashDash"],"picked":"Bromod:EnergySiphon","floor":1},{"not_picked":["Bromod:SpeedTrigger","Bromod:Patagium","Bromod:BodyCount"],"picked":"SKIP","floor":7},{"not_picked":["Bromod:PointBlank","Bromod:Vitality","Bromod:SeismicWave"],"picked":"SKIP","floor":10},{"not_picked":["Bromod:Redirection","Bromod:Maglev","Bromod:Reflection"],"picked":"Bromod:FocusEnergy","floor":13},{"not_picked":["Bromod:Fury","Bromod:Foundry","Bromod:Intensify"],"picked":"Bromod:PointStrike+1","floor":14},{"not_picked":["Bromod:ToxicFlight","Bromod:SplitChamber","Bromod:JaggedEdge"],"picked":"Bromod:ToxicBarrage+1","floor":16},{"not_picked":["Bromod:HornetStrike+1","Bromod:TargetCracker+1","Bromod:EnergySiphon"],"picked":"Bromod:PointStrike+1","floor":17},{"not_picked":["Bromod:FastHands+1","Bromod:SpeedTrigger","Bromod:Foundry","Bromod:PressurePoint"],"picked":"SKIP","floor":18},{"not_picked":["ruina:FadedMemories","ruina:Harvest+1","ruina:BlindRage+1"],"picked":"ruina:GoldRush","floor":20}],"player_experience":1162227,"relics_obtained":[{"floor":7,"key":"LetterFromLob"},{"floor":9,"key":"HornCleat"},{"floor":10,"key":"Question Card"},{"floor":14,"key":"Molten Egg 2"}],"event_choices":[{"damage_healed":0,"gold_gain":0,"player_choice":"Lose Max HP","damage_taken":0,"relics_obtained":["Golden Idol"],"max_hp_gain":0,"max_hp_loss":6,"event_name":"Golden Idol","floor":3,"gold_loss":0},{"damage_healed":0,"gold_gain":0,"player_choice":"Grow","damage_taken":0,"max_hp_gain":0,"max_hp_loss":0,"event_name":"Living Wall","floor":5,"gold_loss":0,"cards_upgraded":["Bromod:QuickThinking"]}],"is_beta":false,"boss_relics":[{"not_picked":["Bromod:ArcaneEnergize","Snecko Eye"],"picked":"Tiny House"}],"items_purged_floors":[0],"is_endless":false,"potions_floor_spawned":[1,10,14],"killed_by":"ruina:3_Bats","ascension_level":6}}