{"host":"ywif2ugnepgiw45s","time":1613777644,"event":{"mods":["Act Like it!","BaseMod","Better Skull","Bossed Relics","Downfall","Elementarium","GifTheSpireLib","Hermit","Lobotomy","Minty Spire (QoL Compilation)","READ ME - Guardian Mod","Shade Mod","Shapeshifter Mod","Shop Mod","StSLib","The Cursed","The Exalted","The Jungle","The Servant 0.9.4"],"gold_per_floor":[10,10,26,101,26,26,26,58,109,109,109,127,7,7,7,111,111,126,146,146,158,169,169,200,200,200,200,216,123,123,123,123,225,225,237,250,250,250],"floor_reached":37,"language":"ENG","playtime":2397,"items_purged":["StSShapeShifter:ShapeShifter_Strike"],"score":385,"play_id":"ef6ff18b-f6f5-4680-aa5e-e31651b13227","local_time":"20210219183404","is_ascension_mode":false,"campfire_choices":[{"data":"StSShapeShifter:BladeOfGrass","floor":6,"key":"SMITH"},{"data":"StSShapeShifter:MysticalSeed","floor":10,"key":"SMITH"},{"floor":15,"key":"REST"},{"data":"StSShapeShifter:Summon_Mountains","floor":23,"key":"SMITH"},{"data":"StSShapeShifter:VineHandcuffs","floor":30,"key":"SMITH"},{"data":"Thinking Ahead","floor":32,"key":"SMITH"}],"circlet_count":0,"master_deck":["StSShapeShifter:ShapeShifter_Strike","StSShapeShifter:ShapeShifter_Defend","StSShapeShifter:ShapeShifter_Defend+1","StSShapeShifter:ShapeShifter_Defend","StSShapeShifter:ShapeShifter_Defend","StSShapeShifter:ShapeShifter_Defend","StSShapeShifter:Tortoise_Form","StSShapeShifter:Lynx_Form","StSShapeShifter:Rabid","StSShapeShifter:BladeOfGrass+1","StSShapeShifter:Summon_Mountains+1","StSShapeShifter:MysticalSeed+1","StSShapeShifter:ShiftingStrike+1","StSShapeShifter:SpiritOfTheEarth","StSShapeShifter:Summon_Mountains+1","StSShapeShifter:MultiSpiritedStrike+1","StSShapeShifter:VineHandcuffs+1","Thinking Ahead+1","StSShapeShifter:Sap_Burst","StSShapeShifter:SquirrelForm+1"],"relics":["StSShapeShifter:AnimalHeart","StSShapeShifter:TheShapeShiftersMagnolia","Calipers","Juzu Bracelet","Omamori","Busted Crown","Boot","Ancient Tea Set","Anchor","Eternal Feather","Bromod:ArcaneAwakening","Elementarium:ElementariumTrophy","Bromod:ArcaneBarrier"],"acts_visited":["Exordium","Exordium","TheBeyond"],"potions_floor_usage":[16,24,28,37,37,37],"damage_taken":[{"damage":0,"enemies":"Jaw Worm","floor":1,"turns":6},{"damage":0,"enemies":"Cultist","floor":3,"turns":4},{"damage":26,"enemies":"3 Sentries","floor":8,"turns":9},{"damage":0,"enemies":"2 Louse","floor":12,"turns":1},{"damage":23,"enemies":"Slime Boss","floor":16,"turns":12},{"damage":0,"enemies":"Elementarium:MUD_AND_TAR_GOLEMS","floor":18,"turns":6},{"damage":0,"enemies":"Elementarium:Cyclone","floor":19,"turns":6},{"damage":2,"enemies":"Elementarium:3_ELEMENTALS","floor":21,"turns":6},{"damage":4,"enemies":"Elementarium:RubyGolem","floor":22,"turns":8},{"damage":18,"enemies":"Elementarium:WarGolem","floor":24,"turns":7},{"damage":0,"enemies":"Elementarium:CYCLONE_AND_ORB_OF_FIRE","floor":28,"turns":8},{"damage":22,"enemies":"Elementarium:GolemEmperor","floor":33,"turns":19},{"damage":2,"enemies":"Orb Walker","floor":35,"turns":6},{"damage":13,"enemies":"3 Darklings","floor":36,"turns":11},{"damage":63,"enemies":"2 Orb Walkers","floor":37,"turns":7}],"seed_played":"-6929254449252300070","potions_obtained":[{"floor":12,"key":"AttackPotion"},{"floor":16,"key":"Energy Potion"},{"floor":21,"key":"SpeedPotion"},{"floor":24,"key":"bronze:BurnAndBuffPotion"},{"floor":28,"key":"champ:CounterPotion"},{"floor":33,"key":"DistilledChaos"},{"floor":35,"key":"champ:CounterPotion"}],"is_trial":false,"path_per_floor":["M","?","M","?","$","R","?","E","T","R","?","M","$","?","R","B",null,"M","M","?","M","M","R","E","?","T","?","M","?","R","?","R","B",null,"M","M","?"],"character_chosen":"SHAPESHIFTER","items_purchased":["StSShapeShifter:SpiritOfTheEarth","PowerPotion"],"campfire_rested":1,"item_purchase_floors":[13,13],"current_hp_per_floor":[78,78,78,67,67,67,67,41,41,41,41,41,41,25,48,25,78,78,78,43,41,37,37,19,19,19,46,46,46,55,55,64,42,78,76,63,0,0],"gold":250,"neow_bonus":"ONE_RARE_RELIC","is_daily":false,"chose_seed":false,"campfire_upgraded":5,"win_rate":0.0,"timestamp":1613777644,"path_taken":["M","?","?","?","$","R","?","E","T","R","?","M","$","?","R","BOSS","M","M","?","M","M","R","E","?","T","?","M","?","R","?","R","BOSS","M","M","?"],"items_purchased_type":["Card","Potion"],"build_version":"2020-12-22","purchased_purges":1,"victory":false,"max_hp_per_floor":[78,78,78,78,78,78,78,78,78,78,78,78,78,78,78,78,78,78,78,78,78,78,78,78,78,78,78,78,78,78,78,78,78,78,78,78,78,78],"card_choices":[{"not_picked":["StSShapeShifter:ShiftingStrike","StSShapeShifter:EagleForm"],"picked":"StSShapeShifter:Rabid","floor":1},{"not_picked":["StSShapeShifter:PorcupineForm","StSShapeShifter:Guard"],"picked":"StSShapeShifter:BladeOfGrass","floor":3},{"not_picked":["StSShapeShifter:Roar","StSShapeShifter:ShiftingStrike"],"picked":"StSShapeShifter:MysticalSeed","floor":8},{"not_picked":["StSShapeShifter:BloomingSlash","StSShapeShifter:ShiftingStrike","StSShapeShifter:HummingbirdForm"],"picked":"SKIP","floor":12},{"not_picked":["StSShapeShifter:RitualOfTheExtinct","StSShapeShifter:WolfsBane"],"picked":"StSShapeShifter:Summon_Mountains","floor":16},{"not_picked":["StSShapeShifter:Roar"],"picked":"SKIP","floor":18},{"not_picked":[],"picked":"StSShapeShifter:MultiSpiritedStrike+1","floor":19},{"not_picked":["StSShapeShifter:RockSlide"],"picked":"SKIP","floor":21},{"not_picked":["StSShapeShifter:RockSlide"],"picked":"SKIP","floor":21},{"not_picked":["StSShapeShifter:Rest"],"picked":"SKIP","floor":22},{"not_picked":["StSShapeShifter:OakBlade"],"picked":"SKIP","floor":24},{"not_picked":[],"picked":"StSShapeShifter:VineHandcuffs","floor":28},{"not_picked":[],"picked":"Thinking Ahead","floor":31},{"not_picked":[],"picked":"StSShapeShifter:Sap_Burst","floor":33},{"not_picked":[],"picked":"StSShapeShifter:SquirrelForm+1","floor":35},{"not_picked":["StSShapeShifter:FesteringBite"],"picked":"SKIP","floor":36}],"player_experience":1812059,"relics_obtained":[{"floor":8,"key":"Juzu Bracelet"},{"floor":9,"key":"Omamori"},{"floor":24,"key":"Anchor"},{"floor":26,"key":"Eternal Feather"}],"event_choices":[{"cards_removed":["StSShapeShifter:ShapeShifter_Strike"],"damage_healed":0,"gold_gain":0,"player_choice":"Offered Basic","damage_taken":0,"max_hp_gain":0,"max_hp_loss":0,"event_name":"Bonfire Elementals","floor":2,"gold_loss":0},{"damage_healed":0,"gold_gain":75,"player_choice":"Gather Gold","damage_taken":11,"max_hp_gain":0,"max_hp_loss":0,"event_name":"World of Goop","floor":4,"gold_loss":0},{"damage_healed":0,"gold_gain":0,"cards_transformed":["StSShapeShifter:ShapeShifter_Strike"],"player_choice":"Transformed","damage_taken":0,"max_hp_gain":0,"max_hp_loss":0,"event_name":"Transmorgrifier","floor":7,"gold_loss":0,"cards_obtained":["StSShapeShifter:Summon_Mountains"]},{"damage_healed":0,"gold_gain":0,"cards_transformed":["StSShapeShifter:ShapeShifter_Strike"],"player_choice":"Change","damage_taken":0,"max_hp_gain":0,"max_hp_loss":0,"event_name":"Living Wall","floor":11,"gold_loss":0,"cards_obtained":["StSShapeShifter:ShiftingStrike"]},{"damage_healed":0,"gold_gain":0,"player_choice":"Entered Light","damage_taken":16,"max_hp_gain":0,"max_hp_loss":0,"event_name":"Shining Light","floor":14,"gold_loss":0,"cards_upgraded":["StSShapeShifter:Summon_Mountains","StSShapeShifter:ShiftingStrike"]},{"damage_healed":0,"gold_gain":0,"player_choice":"RE RE ","damage_taken":39,"relics_obtained":["Boot","Ancient Tea Set"],"max_hp_gain":0,"max_hp_loss":0,"event_name":"betterSkull:BetterSkull","floor":20,"gold_loss":0,"cards_upgraded":[]},{"damage_healed":0,"gold_gain":0,"player_choice":"Pray","damage_taken":0,"max_hp_gain":0,"max_hp_loss":0,"event_name":"Elementarium:VoidShrine","floor":25,"gold_loss":0,"cards_upgraded":["StSShapeShifter:ShapeShifter_Defend"]},{"damage_healed":27,"gold_gain":0,"player_choice":"Drink","damage_taken":0,"max_hp_gain":0,"max_hp_loss":0,"event_name":"Elementarium:StickySituation","floor":27,"gold_loss":0,"cards_obtained":["Elementarium:StickyTar"]},{"damage_healed":0,"gold_gain":0,"player_choice":"Gold","damage_taken":0,"relics_obtained":["Bromod:ArcaneAwakening"],"max_hp_gain":0,"max_hp_loss":0,"event_name":"Elementarium:ShatteredPortal","floor":29,"gold_loss":93},{"damage_healed":0,"gold_gain":0,"player_choice":"Machinery","damage_taken":0,"max_hp_gain":0,"max_hp_loss":0,"event_name":"Elementarium:IncubationChamber","floor":31,"gold_loss":0},{"damage_healed":0,"gold_gain":0,"player_choice":"Fight","damage_taken":0,"max_hp_gain":0,"max_hp_loss":0,"event_name":"Mysterious Sphere","floor":37,"gold_loss":0}],"is_beta":false,"boss_relics":[{"not_picked":["Ectoplasm","Bromod:ArcaneGrace"],"picked":"Busted Crown"},{"not_picked":["bronze:MakeshiftBattery","Pandora\u0027s Box"],"picked":"Bromod:ArcaneBarrier"}],"items_purged_floors":[5],"is_endless":false,"potions_floor_spawned":[12,16,21,24,28,33,35],"killed_by":"2 Orb Walkers","ascension_level":0}}