{"host":"jgl9m63d23sfproq","time":1613707304,"event":{"mods":["Act Like it!","Aspiration","BaseMod","Colored Map","Conspire","Downfall","Hermit","Minty Spire (QoL Compilation)","Replay The Spire","Robot Space Explorer","StSLib","The Bug Knight","The Cursed","The Runesmith","The Servant 0.9.4"],"gold_per_floor":[118,118,118,118,128,162,162,162,162,181,200,32,49,77,77,181,181,201,220,220,237,237,237],"floor_reached":22,"language":"ZHS","playtime":651,"items_purged":[],"score":186,"play_id":"e4e73086-2b42-42e9-8836-f4fe4bb938be","local_time":"20210219120144","is_ascension_mode":false,"campfire_choices":[{"floor":7,"key":"RECALL"},{"floor":15,"key":"REST"}],"circlet_count":0,"master_deck":["Strike_G","Strike_G","Strike_G","Strike_G","Strike_G","Defend_G","Defend_G","Defend_G","Defend_G","Survivor","Neutralize","Hidden Blade","Accuracy","Blur+1","Cloak And Dagger","Replay:Poison Smokescreen","Noxious Fumes","Blade Dance","Hidden Blade","Blade Dance","Burst","Accuracy","Cloak And Dagger","downfall:Bewildered","Hidden Blade"],"relics":["Ring of the Snake","NeowsBlessing","Boot","Byrd Skull","Tiny Chest","WristBlade","sneckomod:BabySnecko"],"acts_visited":["Exordium","TheCity"],"potions_floor_usage":[16,21,21,22],"damage_taken":[{"damage":0,"enemies":"Jaw Worm","floor":1,"turns":1},{"damage":0,"enemies":"Small Slimes","floor":5,"turns":1},{"damage":0,"enemies":"conspire:MimicChest","floor":6,"turns":3},{"damage":0,"enemies":"2 Louse","floor":10,"turns":3},{"damage":13,"enemies":"2 Fungi Beasts","floor":11,"turns":4},{"damage":3,"enemies":"Looter","floor":13,"turns":4},{"damage":24,"enemies":"Lagavulin","floor":14,"turns":5},{"damage":32,"enemies":"The Guardian","floor":16,"turns":10},{"damage":27,"enemies":"conspire:FuzzyDice","floor":18,"turns":5},{"damage":10,"enemies":"Chosen","floor":19,"turns":3},{"damage":21,"enemies":"Shelled Parasite and Fungi","floor":21,"turns":4},{"damage":12,"enemies":"Snecko","floor":22,"turns":3}],"seed_played":"5633355230525105418","potions_obtained":[{"floor":1,"key":"Venom Potion"},{"floor":6,"key":"Block Potion"},{"floor":10,"key":"Fire Potion"},{"floor":18,"key":"champ:CounterPotion"},{"floor":19,"key":"Block Potion"}],"is_trial":false,"path_per_floor":["M","?","?","$","M","?","R","?","T","M","M","$","M","E","R","B",null,"M","M","?","M","M"],"character_chosen":"THE_SILENT","items_purchased":["Noxious Fumes","Blade Dance","Hidden Blade"],"campfire_rested":1,"item_purchase_floors":[12,12,12],"current_hp_per_floor":[70,70,63,63,63,63,63,63,63,63,50,50,47,23,44,12,70,43,33,33,12,0,0],"gold":237,"neow_bonus":"THREE_ENEMY_KILL","is_daily":false,"chose_seed":false,"campfire_upgraded":0,"win_rate":0.0,"timestamp":1613707304,"path_taken":["M","?","?","$","M","?","R","?","T","M","?","$","M","E","R","BOSS","M","M","?","M","M"],"items_purchased_type":["Card","Card","Card"],"build_version":"2020-12-22","purchased_purges":0,"victory":false,"max_hp_per_floor":[70,70,70,70,70,70,70,70,70,70,70,70,70,70,70,70,70,70,70,70,70,70,70],"card_choices":[{"not_picked":["Backflip","Dash"],"picked":"Hidden Blade","floor":1},{"not_picked":["Choke","Slice"],"picked":"Accuracy","floor":5},{"not_picked":["Fluid Movement","Replay:Poison Smokescreen"],"picked":"Cloak And Dagger","floor":10},{"not_picked":["Quick Slash","Dagger Spray"],"picked":"Replay:Poison Smokescreen","floor":11},{"not_picked":["Underhanded Strike","Hidden Blade"],"picked":"Blade Dance","floor":13},{"not_picked":["Reflex","Deflect","Bane"],"picked":"SKIP","floor":14},{"not_picked":["Corpse Explosion","Unload"],"picked":"Burst","floor":16},{"not_picked":["Dodge and Roll","Underhanded Strike"],"picked":"Accuracy","floor":18},{"not_picked":["Poisoned Stab+1","Finisher"],"picked":"Cloak And Dagger","floor":19},{"not_picked":["Dagger Throw","Backstab"],"picked":"Hidden Blade","floor":21}],"player_experience":31495,"relics_obtained":[{"floor":6,"key":"Byrd Skull"},{"floor":14,"key":"Tiny Chest"}],"event_choices":[{"damage_healed":0,"gold_gain":0,"player_choice":"Disagree","damage_taken":0,"max_hp_gain":0,"max_hp_loss":0,"event_name":"conspire:LoneGhost","floor":2,"gold_loss":0},{"damage_healed":0,"gold_gain":0,"player_choice":"Success","damage_taken":7,"relics_obtained":["Boot"],"max_hp_gain":0,"max_hp_loss":0,"event_name":"Scrap Ooze","floor":3,"gold_loss":0}],"is_beta":false,"boss_relics":[{"not_picked":["aspiration:SecretTechniqueScroll","ChewingGum"],"picked":"WristBlade"}],"items_purged_floors":[],"is_endless":false,"potions_floor_spawned":[1,6,10,11,18,19],"killed_by":"Snecko","ascension_level":0}}