{"host":"iudiqz5bwex5meyb","time":1613754588,"event":{"mods":["AchievementEnabler","BaseMod","Block Reminder","Colored Map","Minty Spire (QoL Compilation)","StSLib","ojb\u0027s Better Paths Mod","ojb\u0027s Info Mod"],"gold_per_floor":[116,116,129,148,158,193,211,211,259,279,279,309,326,346,346,449,449,462,479,479,479,495,495,506,541,623,638,638,638,638],"floor_reached":29,"language":"ENG","playtime":3237,"items_purged":[],"score":352,"play_id":"73bc286e-4aa4-4352-814e-9dcfadcf1ffb","local_time":"20210219110948","is_ascension_mode":true,"campfire_choices":[{"data":"Noxious Fumes","floor":8,"key":"SMITH"},{"data":"Footwork","floor":15,"key":"SMITH"},{"data":"Footwork","floor":23,"key":"SMITH"}],"circlet_count":0,"master_deck":["Strike_G","Strike_G","Strike_G","Defend_G","Defend_G","Defend_G+1","Defend_G","Defend_G","Survivor","Neutralize","Cloak And Dagger","Footwork+1","Noxious Fumes+1","Noxious Fumes","Acrobatics","Backflip","Cloak And Dagger","Adrenaline","Footwork+1","Acrobatics","RitualDagger","RitualDagger","Prepared+1","Deflect","Injury"],"relics":["Cursed Key","Oddly Smooth Stone","Gremlin Horn","Empty Cage","Nunchaku","Darkstone Periapt"],"acts_visited":["Exordium","TheCity"],"potions_floor_usage":[5,13,16,22,24,27,27,29],"damage_taken":[{"damage":7,"enemies":"Small Slimes","floor":1,"turns":4},{"damage":0,"enemies":"Jaw Worm","floor":3,"turns":3},{"damage":0,"enemies":"2 Louse","floor":4,"turns":4},{"damage":8,"enemies":"Exordium Thugs","floor":5,"turns":5},{"damage":16,"enemies":"Gremlin Nob","floor":6,"turns":5},{"damage":0,"enemies":"Large Slime","floor":7,"turns":7},{"damage":2,"enemies":"Red Slaver","floor":10,"turns":6},{"damage":3,"enemies":"3 Sentries","floor":12,"turns":6},{"damage":0,"enemies":"Lots of Slimes","floor":13,"turns":3},{"damage":3,"enemies":"Exordium Thugs","floor":14,"turns":5},{"damage":4,"enemies":"Slime Boss","floor":16,"turns":9},{"damage":0,"enemies":"Spheric Guardian","floor":18,"turns":6},{"damage":0,"enemies":"Shell Parasite","floor":19,"turns":8},{"damage":17,"enemies":"Cultist and Chosen","floor":22,"turns":8},{"damage":0,"enemies":"Snake Plant","floor":24,"turns":10},{"damage":24,"enemies":"Slavers","floor":25,"turns":10},{"damage":0,"enemies":"Shelled Parasite and Fungi","floor":27,"turns":10},{"damage":14,"enemies":"Book of Stabbing","floor":29,"turns":6}],"seed_played":"-7430159904478428573","potions_obtained":[{"floor":4,"key":"Regen Potion"},{"floor":10,"key":"Strength Potion"},{"floor":12,"key":"SteroidPotion"},{"floor":13,"key":"CultistPotion"},{"floor":14,"key":"Poison Potion"},{"floor":16,"key":"BlessingOfTheForge"},{"floor":24,"key":"Dexterity Potion"},{"floor":25,"key":"Weak Potion"}],"is_trial":false,"path_per_floor":["M","?","M","M","M","E","M","R","T","M","?","E","M","M","R","B",null,"M","M","?","?","M","R","M","E","T","M","?","E"],"character_chosen":"THE_SILENT","items_purchased":[],"campfire_rested":0,"item_purchase_floors":[],"current_hp_per_floor":[56,42,42,42,48,32,32,32,32,30,23,20,20,17,17,13,56,56,56,50,50,33,33,33,9,9,9,9,0,0],"gold":638,"neow_bonus":"BOSS_RELIC","is_daily":false,"chose_seed":false,"campfire_upgraded":3,"win_rate":0.0,"timestamp":1613754588,"path_taken":["M","?","M","M","M","E","M","R","T","M","?","E","M","M","R","BOSS","M","M","?","?","M","R","M","E","T","?","?","E"],"items_purchased_type":[],"build_version":"2020-12-22","purchased_purges":0,"victory":false,"max_hp_per_floor":[70,70,70,70,70,70,70,70,70,70,70,70,70,70,70,70,70,70,70,70,70,70,70,70,70,70,70,70,70,70],"card_choices":[{"not_picked":["Prepared","Crippling Poison"],"picked":"Cloak And Dagger","floor":1},{"not_picked":["Bane","Deadly Poison"],"picked":"Footwork","floor":3},{"not_picked":["Sucker Punch","Terror"],"picked":"Noxious Fumes","floor":4},{"not_picked":["Deflect","Slice"],"picked":"Noxious Fumes","floor":5},{"not_picked":["Skewer","Tactician","Slice"],"picked":"SKIP","floor":6},{"not_picked":["Riddle With Holes","Poisoned Stab"],"picked":"Acrobatics","floor":7},{"not_picked":["Accuracy","Caltrops"],"picked":"Backflip","floor":10},{"not_picked":["Night Terror","Noxious Fumes","Setup"],"picked":"SKIP","floor":12},{"not_picked":["Poisoned Stab","Slice"],"picked":"Cloak And Dagger","floor":13},{"not_picked":["Dagger Spray","Backflip","All Out Attack"],"picked":"SKIP","floor":14},{"not_picked":["Wraith Form v2","Bullet Time"],"picked":"Adrenaline","floor":16},{"not_picked":["Accuracy+1","PiercingWail"],"picked":"Footwork","floor":18},{"not_picked":["Blade Dance","Dagger Throw"],"picked":"Acrobatics","floor":19},{"not_picked":["Terror","Poisoned Stab","Dagger Spray+1"],"picked":"SKIP","floor":22},{"not_picked":["Slice","Backstab+1"],"picked":"Prepared","floor":24},{"not_picked":["Prepared","Backstab"],"picked":"Deflect","floor":25},{"not_picked":["Eviscerate","Acrobatics","Backstab"],"picked":"SKIP","floor":27}],"player_experience":329334,"relics_obtained":[{"floor":6,"key":"Oddly Smooth Stone"},{"floor":12,"key":"Gremlin Horn"},{"floor":25,"key":"Nunchaku"},{"floor":26,"key":"Darkstone Periapt"}],"event_choices":[{"damage_healed":0,"gold_gain":0,"player_choice":"Entered Light","damage_taken":14,"max_hp_gain":0,"max_hp_loss":0,"event_name":"Shining Light","floor":2,"gold_loss":0,"cards_upgraded":["Strike_G","Defend_G"]},{"cards_removed":["Strike_G"],"damage_healed":0,"gold_gain":0,"player_choice":"Card Removal","damage_taken":7,"max_hp_gain":0,"max_hp_loss":0,"event_name":"Golden Wing","floor":11,"gold_loss":0},{"damage_healed":0,"gold_gain":0,"player_choice":"Joined the Cult","damage_taken":6,"max_hp_gain":0,"max_hp_loss":0,"event_name":"Nest","floor":20,"gold_loss":0,"cards_obtained":["RitualDagger"]},{"damage_healed":0,"gold_gain":0,"player_choice":"Copied","damage_taken":0,"max_hp_gain":0,"max_hp_loss":0,"event_name":"Duplicator","floor":21,"gold_loss":0,"cards_obtained":["RitualDagger"]},{"damage_healed":0,"gold_gain":0,"player_choice":"Upgraded","damage_taken":0,"max_hp_gain":0,"max_hp_loss":0,"event_name":"Upgrade Shrine","floor":28,"gold_loss":0,"cards_upgraded":["Prepared"]}],"is_beta":false,"boss_relics":[{"not_picked":["Astrolabe","SacredBark"],"picked":"Empty Cage"}],"items_purged_floors":[],"is_endless":false,"potions_floor_spawned":[4,10,12,13,14,16,24,25],"killed_by":"Book of Stabbing","ascension_level":7}}