{"host":"sc0o2qwpf9j16a4i","time":1613759848,"event":{"mods":["AchievementEnabler","BaseMod","BetterRewards","Block Reminder","Colored Map","Colored Powertips","Custom Start","Highlight Path","Minty Spire (QoL Compilation)","Relic Stats"],"gold_per_floor":[115,115,127,127,147,147,177,197,197,224,224,238,267,294,294,390,390,405,19,33,60,10,41,41,59,59,89,105,55,108,143,143,242,242,254,271,271,283,292,292,329,369,378,378,419,439,479,497,497,506],"floor_reached":51,"language":"ENG","playtime":2394,"items_purged":["Strike_G","Strike_G","Strike_G"],"score":1468,"play_id":"a10fdc4d-9539-4925-978d-9c37af7a801e","local_time":"20210219203728","daily_mods":["Cursed Run","Vintage","DeadlyEvents"],"is_ascension_mode":false,"campfire_choices":[{"data":"Neutralize","floor":6.0,"key":"SMITH"},{"data":"Malaise","floor":15,"key":"SMITH"},{"data":"Well Laid Plans","floor":24,"key":"SMITH"},{"data":"Calculated Gamble","floor":32,"key":"SMITH"},{"data":"Footwork","floor":40,"key":"SMITH"},{"data":"Calculated Gamble","floor":44,"key":"SMITH"},{"data":"Burst","floor":49,"key":"SMITH"}],"circlet_count":0,"master_deck":["Strike_G+1","Defend_G+1","Defend_G","Survivor+1","Neutralize+1","Caltrops","Injury","Malaise+1","Jack Of All Trades","Dodge and Roll","Cloak And Dagger","Predator","Parasite","Corpse Explosion","CurseOfTheBell","Well Laid Plans+1","Dagger Spray+1","Footwork+1","Parasite","Calculated Gamble+1","Burst+1","Doubt","Die Die Die+1","Skewer+1","Reflex+1","Dash+1","Writhe","PiercingWail","Calculated Gamble+1","Shame","PiercingWail+1","PiercingWail","Injury"],"relics":["Cursed Key","Darkstone Periapt","Du-Vu Doll","Thread and Needle","Pear","Smiling Mask","Bag of Marbles","War Paint","Prayer Wheel","InkBottle","Potion Belt","Paper Crane","Whetstone","Calling Bell","Lantern","Question Card","Torii","Eternal Feather","FossilizedHelix","Pen Nib","Molten Egg 2","The Courier","Bag of Preparation","Bottled Tornado","MealTicket","Tiny Chest","Unceasing Top","PreservedInsect","Astrolabe","Bird Faced Urn","CeramicFish","Pocketwatch","Ninja Scroll","Boot","Happy Flower","Pantograph","Letter Opener","Dream Catcher","Orichalcum","Oddly Smooth Stone"],"acts_visited":["Exordium","TheCity","TheBeyond"],"potions_floor_usage":[13,16,16,23,25,25,27,41,50,50,50,50],"damage_taken":[{"damage":0.0,"enemies":"2 Louse","floor":1.0,"turns":2.0},{"damage":0.0,"enemies":"Cultist","floor":3.0,"turns":4.0},{"damage":0.0,"enemies":"Jaw Worm","floor":5.0,"turns":4.0},{"damage":0.0,"enemies":"3 Sentries","floor":7.0,"turns":7.0},{"damage":0,"enemies":"Looter","floor":8,"turns":2},{"damage":10,"enemies":"Gremlin Nob","floor":10,"turns":5},{"damage":0,"enemies":"3 Louse","floor":12,"turns":3},{"damage":0,"enemies":"Lagavulin","floor":13,"turns":9},{"damage":0,"enemies":"3 Sentries","floor":14,"turns":9},{"damage":0,"enemies":"Hexaghost","floor":16,"turns":9},{"damage":0,"enemies":"Spheric Guardian","floor":18,"turns":5},{"damage":0,"enemies":"2 Thieves","floor":20,"turns":3},{"damage":0,"enemies":"Slavers","floor":21,"turns":2},{"damage":0,"enemies":"Book of Stabbing","floor":23,"turns":5},{"damage":0,"enemies":"Sentry and Sphere","floor":25,"turns":5},{"damage":0,"enemies":"Gremlin Leader","floor":27,"turns":8},{"damage":0,"enemies":"Snecko","floor":28,"turns":5},{"damage":1,"enemies":"Slavers","floor":30,"turns":3},{"damage":0,"enemies":"Book of Stabbing","floor":31,"turns":8},{"damage":1,"enemies":"Champ","floor":33,"turns":13},{"damage":0,"enemies":"Orb Walker","floor":35,"turns":1},{"damage":9,"enemies":"3 Darklings","floor":36,"turns":3},{"damage":0,"enemies":"Maw","floor":38,"turns":8},{"damage":0,"enemies":"Giant Head","floor":41,"turns":9},{"damage":0,"enemies":"Nemesis","floor":42,"turns":3},{"damage":0,"enemies":"Giant Head","floor":45,"turns":7},{"damage":0,"enemies":"Jaw Worm Horde","floor":46,"turns":1},{"damage":0,"enemies":"Nemesis","floor":47,"turns":3},{"damage":0,"enemies":"4 Shapes","floor":48,"turns":3},{"damage":1,"enemies":"Awakened One","floor":50,"turns":15}],"seed_played":"-1801130673600975509","potions_obtained":[{"floor":3.0,"key":"SteroidPotion"},{"floor":4.0,"key":"Strength Potion"},{"floor":4.0,"key":"CunningPotion"},{"floor":10,"key":"SpeedPotion"},{"floor":13,"key":"DuplicationPotion"},{"floor":14,"key":"Poison Potion"},{"floor":18,"key":"SpeedPotion"},{"floor":20,"key":"ColorlessPotion"},{"floor":21,"key":"Energy Potion"},{"floor":31,"key":"SmokeBomb"},{"floor":33,"key":"SneckoOil"},{"floor":35,"key":"Weak Potion"},{"floor":36,"key":"Poison Potion"},{"floor":45,"key":"Regen Potion"},{"floor":48,"key":"CultistPotion"}],"is_trial":true,"path_per_floor":["M","?","M","?","M","R","E","M","T","E","?","M","E","E","R","B",null,"M","$","M","E","$","E","R","M","T","E","M","$","E","E","R","B",null,"M","M","?","M","T","R","E","E","T","R","E","M","E","M","R","B",null],"character_chosen":"THE_SILENT","items_purchased":["FossilizedHelix","Well Laid Plans"],"campfire_rested":0,"item_purchase_floors":[19,19],"current_hp_per_floor":[70,77,77,77,77,77,77,77,83,73,73,73,73,73,73,79,98,98,98,98,98,98,98,98,98,104,104,104,104,103,103,104,109,110,110,101,101,105,111,116,116,116,122,122,122,122,122,122,122,128],"gold":506,"neow_bonus":"","is_daily":false,"chose_seed":false,"campfire_upgraded":7,"win_rate":0.0,"timestamp":1613759848,"path_taken":["M","?","M","?","M","R","?","M","T","E","?","M","?","E","R","BOSS","M","?","M","?","?","E","R","M","T","E","?","$","?","E","R","BOSS","M","M","?","?","?","R","?","?","T","R","E","M","E","M","R","BOSS"],"items_purchased_type":["Relic","Card"],"build_version":"2020-12-22","purchased_purges":3,"victory":true,"max_hp_per_floor":[70,80,80,80,80,80,80,80,86,86,86,86,86,86,86,92,98,98,98,98,98,98,98,98,98,104,104,104,104,104,104,104,110,110,110,110,110,110,116,116,116,116,122,122,122,122,122,122,122,128],"relic_stats":{"Darkstone Periapt":48,"Torii":6,"CeramicFish":63,"Bag of Preparation":[30],"Whetstone":["Strike_G","Strike_G"],"Cursed Key":4,"Smiling Mask":125,"Boot":[0],"Dream Catcher":0,"Pantograph":0,"Prayer Wheel":0,"MealTicket":0,"Tiny Chest":1,"InkBottle":[52],"Happy Flower":[9],"counters":[30,164],"Astrolabe":["Skewer","Reflex","Dash"],"Eternal Feather":6,"Pen Nib":[15],"PreservedInsect":344,"Letter Opener":[86],"War Paint":["Defend_G","Survivor"],"Orichalcum":[30],"Question Card":10,"Bird Faced Urn":[5],"obtain_stats":[{"Darkstone Periapt":0,"Lantern":17,"Torii":17,"CeramicFish":36,"Bag of Preparation":25,"Whetstone":14,"Bottled Tornado":26,"Cursed Key":0,"Smiling Mask":3,"Boot":41,"Dream Catcher":46,"Ninja Scroll":39,"Pantograph":43,"Prayer Wheel":9,"MealTicket":27,"Tiny Chest":28,"InkBottle":10,"Potion Belt":12,"Pear":2,"Happy Flower":42,"Astrolabe":34,"Oddly Smooth Stone":48,"Thread and Needle":1,"Eternal Feather":18,"Pen Nib":20,"The Courier":23,"PreservedInsect":31,"Letter Opener":45,"War Paint":8,"Paper Crane":13,"Orichalcum":47,"Question Card":17,"Du-Vu Doll":0,"Calling Bell":17,"Bird Faced Urn":35,"Molten Egg 2":21,"Bag of Marbles":5,"FossilizedHelix":19,"Unceasing Top":30,"Pocketwatch":38},{"Darkstone Periapt":0,"Lantern":10,"Torii":10,"CeramicFish":22,"Bag of Preparation":15,"Whetstone":9,"Bottled Tornado":15,"Cursed Key":0,"Smiling Mask":2,"Boot":24,"Dream Catcher":27,"Ninja Scroll":23,"Pantograph":25,"Prayer Wheel":5,"MealTicket":16,"Tiny Chest":17,"InkBottle":6,"Potion Belt":7,"Pear":1,"Happy Flower":25,"Astrolabe":20,"Oddly Smooth Stone":29,"Thread and Needle":1,"Eternal Feather":11,"Pen Nib":12,"The Courier":14,"PreservedInsect":19,"Letter Opener":26,"War Paint":5,"Paper Crane":8,"Orichalcum":28,"Question Card":10,"Du-Vu Doll":0,"Calling Bell":10,"Bird Faced Urn":21,"Molten Egg 2":13,"Bag of Marbles":3,"FossilizedHelix":11,"Unceasing Top":18,"Pocketwatch":23},{"Darkstone Periapt":0,"Lantern":54,"Torii":54,"CeramicFish":115,"Bag of Preparation":74,"Whetstone":45,"Bottled Tornado":74,"Cursed Key":0,"Smiling Mask":6,"Boot":132,"Dream Catcher":143,"Ninja Scroll":123,"Pantograph":135,"Prayer Wheel":19,"MealTicket":82,"Tiny Chest":87,"InkBottle":24,"Potion Belt":27,"Pear":2,"Happy Flower":135,"Astrolabe":111,"Oddly Smooth Stone":149,"Thread and Needle":2,"Eternal Feather":59,"Pen Nib":62,"The Courier":69,"PreservedInsect":98,"Letter Opener":142,"War Paint":19,"Paper Crane":36,"Orichalcum":146,"Question Card":54,"Du-Vu Doll":0,"Calling Bell":54,"Bird Faced Urn":112,"Molten Egg 2":64,"Bag of Marbles":10,"FossilizedHelix":59,"Unceasing Top":90,"Pocketwatch":123}],"Unceasing Top":[2],"Pocketwatch":[47]},"card_choices":[{"not_picked":["Backflip","PiercingWail"],"picked":"Caltrops","floor":7},{"not_picked":["Choke","Escape Plan"],"picked":"Malaise","floor":10},{"not_picked":["Flying Knee","Outmaneuver"],"picked":"Cloak And Dagger","floor":13},{"not_picked":["Flying Knee","Outmaneuver"],"picked":"Predator","floor":14},{"not_picked":["Venomology","A Thousand Cuts"],"picked":"Corpse Explosion","floor":16},{"not_picked":["Tactician","Slice+1","Prepared"],"picked":"Dagger Spray+1","floor":21},{"not_picked":["Infinite Blades","Bane+1","Deadly Poison+1"],"picked":"Footwork","floor":23},{"not_picked":["Riddle With Holes+1","Cloak And Dagger","Masterful Stab+1"],"picked":"Calculated Gamble","floor":27},{"not_picked":["Cloak And Dagger+1","Deadly Poison","Caltrops"],"picked":"Burst","floor":30},{"not_picked":["Cloak And Dagger","Doppelganger","Catalyst","Deadly Poison"],"picked":"SKIP","floor":31},{"not_picked":["Storm of Steel","Malaise","Bullet Time"],"picked":"Die Die Die+1","floor":33},{"not_picked":["Acrobatics","Dagger Spray+1","Terror+1"],"picked":"PiercingWail","floor":41},{"not_picked":["Caltrops+1","Escape Plan","Tactician+1"],"picked":"Calculated Gamble","floor":42},{"not_picked":["Backflip","Skewer+1","Distraction+1"],"picked":"PiercingWail+1","floor":45},{"not_picked":["Backflip","Outmaneuver+1","Dodge and Roll+1"],"picked":"PiercingWail","floor":47}],"player_experience":1489906,"relics_obtained":[{"floor":1.0,"key":"Thread and Needle"},{"floor":3.0,"key":"Smiling Mask"},{"floor":5.0,"key":"Bag of Marbles"},{"floor":8,"key":"War Paint"},{"floor":9,"key":"Prayer Wheel"},{"floor":10,"key":"InkBottle"},{"floor":12,"key":"Potion Belt"},{"floor":13,"key":"Paper Crane"},{"floor":14,"key":"Whetstone"},{"floor":17,"key":"Lantern"},{"floor":17,"key":"Question Card"},{"floor":17,"key":"Torii"},{"floor":18,"key":"Eternal Feather"},{"floor":20,"key":"Pen Nib"},{"floor":21,"key":"Molten Egg 2"},{"floor":23,"key":"The Courier"},{"floor":25,"key":"Bag of Preparation"},{"floor":26,"key":"Bottled Tornado"},{"floor":27,"key":"MealTicket"},{"floor":28,"key":"Tiny Chest"},{"floor":30,"key":"Unceasing Top"},{"floor":31,"key":"PreservedInsect"},{"floor":35,"key":"Bird Faced Urn"},{"floor":36,"key":"CeramicFish"},{"floor":38,"key":"Pocketwatch"},{"floor":39,"key":"Ninja Scroll"},{"floor":41,"key":"Boot"},{"floor":42,"key":"Happy Flower"},{"floor":43,"key":"Pantograph"},{"floor":45,"key":"Letter Opener"},{"floor":46,"key":"Dream Catcher"},{"floor":47,"key":"Orichalcum"},{"floor":48,"key":"Oddly Smooth Stone"}],"event_choices":[{"damage_healed":0.0,"max_hp_gain":0.0,"max_hp_loss":0.0,"gold_gain":0.0,"event_name":"Scrap Ooze","player_choice":"Success","floor":2.0,"gold_loss":0.0,"damage_taken":3.0,"relics_obtained":["Pear"]},{"damage_healed":0.0,"max_hp_gain":0.0,"max_hp_loss":0.0,"gold_gain":0.0,"event_name":"Lab","player_choice":"Got Potions","floor":4.0,"gold_loss":0.0,"damage_taken":0.0},{"damage_healed":0,"gold_gain":0,"player_choice":"2 cards matched","damage_taken":0,"max_hp_gain":0,"max_hp_loss":0,"event_name":"Match and Keep!","floor":11,"gold_loss":0,"cards_obtained":["Jack Of All Trades","Dodge and Roll"]},{"cards_removed":["Defend_G"],"damage_healed":0,"gold_gain":0,"player_choice":"Purged","damage_taken":0,"max_hp_gain":0,"max_hp_loss":0,"event_name":"Purifier","floor":37,"gold_loss":0}],"is_beta":false,"boss_relics":[{"not_picked":["Philosopher\u0027s Stone","Busted Crown"],"picked":"Calling Bell"},{"not_picked":["HoveringKite","Empty Cage"],"picked":"Astrolabe"}],"items_purged_floors":[19,22,29],"is_endless":false,"potions_floor_spawned":[3,5,10,13,14,18,20,21,31,33,35,36,45,48],"ascension_level":0}}