{"host":"fbdlh90rovbiajun","time":1613775711,"event":{"mods":["AchievementEnabler","BaseMod","Colored Map","Keyboard Shortcuts","Minty Spire (QoL Compilation)","SuperFastMode"],"gold_per_floor":[109,109,109,34,54,54,89,89,89,19,19,19,50,67,67,166,166,183,83,83,97,107,139,64,99,99,99,99],"floor_reached":27,"language":"KOR","playtime":1209,"items_purged":["Defend_P","Strike_P"],"score":324,"play_id":"3d1adecf-762d-427f-b68a-2ae11df3ce76","local_time":"20210220080151","is_ascension_mode":true,"campfire_choices":[{"data":"Eruption","floor":6.0,"key":"SMITH"},{"data":"SandsOfTime","floor":8.0,"key":"SMITH"},{"data":"Vigilance","floor":12.0,"key":"SMITH"},{"floor":15.0,"key":"REST"}],"circlet_count":0,"master_deck":["Strike_P","Defend_P+1","Defend_P+1","Eruption+1","Vigilance+1","SandsOfTime+1","InnerPeace","Adaptation+1","Adaptation","Vault","DeceiveReality+1","Vengeance+1"],"relics":["VioletLotus","Anchor","Meat on the Bone","MealTicket","Astrolabe","Bag of Marbles","InkBottle","Frozen Egg 2"],"acts_visited":["Exordium","TheCity"],"potions_floor_usage":[23,25],"damage_taken":[{"damage":0.0,"enemies":"Jaw Worm","floor":1.0,"turns":3.0},{"damage":4.0,"enemies":"Small Slimes","floor":5.0,"turns":3.0},{"damage":24.0,"enemies":"Lagavulin","floor":7.0,"turns":6.0},{"damage":4.0,"enemies":"3 Sentries","floor":13.0,"turns":6.0},{"damage":0.0,"enemies":"Cultist","floor":14.0,"turns":2.0},{"damage":35.0,"enemies":"The Guardian","floor":16.0,"turns":11.0},{"damage":0.0,"enemies":"Shell Parasite","floor":18.0,"turns":4.0},{"damage":6.0,"enemies":"Spheric Guardian","floor":21.0,"turns":3.0},{"damage":6.0,"enemies":"Chosen and Byrds","floor":22.0,"turns":6.0},{"damage":0,"enemies":"Gremlin Leader","floor":23,"turns":6},{"damage":18,"enemies":"Slavers","floor":25,"turns":9},{"damage":44,"enemies":"Book of Stabbing","floor":27,"turns":7}],"seed_played":"6372942335762714994","potions_obtained":[{"floor":1.0,"key":"Dexterity Potion"},{"floor":14.0,"key":"StancePotion"},{"floor":22.0,"key":"Energy Potion"}],"is_trial":false,"path_per_floor":["M","?","?","$","M","R","E","R","T","$","?","R","E","M","R","B",null,"M","$","$","M","M","E","?","E","T","E"],"character_chosen":"WATCHER","items_purchased":["Adaptation"],"campfire_rested":1,"item_purchase_floors":[10],"current_hp_per_floor":[72,58,58,58,54,54,30,30,30,30,30,30,38,38,59,36,72,72,72,72,66,60,60,60,42,42,0,0],"gold":99,"neow_bonus":"BOSS_RELIC","is_daily":false,"chose_seed":false,"campfire_upgraded":3,"win_rate":0.0,"timestamp":1613775711,"path_taken":["M","?","?","$","M","R","E","R","T","?","?","R","E","?","R","BOSS","M","?","$","M","M","E","?","E","T","E"],"items_purchased_type":["Card"],"build_version":"2020-12-22","purchased_purges":2,"victory":false,"max_hp_per_floor":[72,72,72,72,72,72,72,72,72,72,72,72,72,72,72,72,72,72,72,72,72,72,72,72,72,72,72,72],"card_choices":[{"not_picked":["Consecrate","CarveReality","EmptyFist"],"picked":"SKIP","floor":1.0},{"not_picked":["BowlingBash","FlyingSleeves"],"picked":"SandsOfTime","floor":5.0},{"not_picked":["Prostrate","Wireheading"],"picked":"InnerPeace","floor":7.0},{"not_picked":["ThirdEye","CrushJoints"],"picked":"Adaptation","floor":13.0},{"not_picked":["Sanctity","Protect","SandsOfTime"],"picked":"SKIP","floor":14.0},{"not_picked":["LessonLearned","DeusExMachina"],"picked":"Vault","floor":16.0},{"not_picked":["Protect","ClearTheMind","SashWhip"],"picked":"SKIP","floor":18.0},{"not_picked":["Protect","Crescendo","Wireheading"],"picked":"SKIP","floor":21.0},{"not_picked":["Crescendo","Sanctity","ThirdEye+1"],"picked":"SKIP","floor":22.0},{"not_picked":["Worship+1","ClearTheMind","FollowUp"],"picked":"SKIP","floor":23},{"not_picked":["MasterReality","WreathOfFlame+1","Indignation"],"picked":"SKIP","floor":25}],"player_experience":102710,"relics_obtained":[{"floor":7.0,"key":"Anchor"},{"floor":9.0,"key":"Meat on the Bone"},{"floor":13.0,"key":"MealTicket"},{"floor":23,"key":"Bag of Marbles"},{"floor":25,"key":"InkBottle"},{"floor":26,"key":"Frozen Egg 2"}],"event_choices":[{"damage_healed":0.0,"max_hp_gain":0.0,"max_hp_loss":0.0,"gold_gain":0.0,"event_name":"Shining Light","player_choice":"Entered Light","floor":2.0,"gold_loss":0.0,"damage_taken":14.0,"cards_upgraded":["Defend_P","Defend_P"]},{"damage_healed":0.0,"max_hp_gain":0.0,"max_hp_loss":0.0,"gold_gain":0.0,"event_name":"Liars Game","player_choice":"Ignored","floor":3.0,"gold_loss":0.0,"damage_taken":0.0},{"damage_healed":0.0,"max_hp_gain":0.0,"max_hp_loss":0.0,"gold_gain":0.0,"event_name":"Accursed Blacksmith","player_choice":"Forge","floor":11.0,"gold_loss":0.0,"damage_taken":0.0,"cards_upgraded":["Adaptation"]},{"cards_removed":["Study"],"damage_healed":0,"gold_gain":0,"player_choice":"Gave Gold","damage_taken":0,"max_hp_gain":0,"max_hp_loss":0,"event_name":"Beggar","floor":24,"gold_loss":75}],"is_beta":false,"boss_relics":[{"not_picked":["Sozu","Pandora\u0027s Box"],"picked":"Astrolabe"}],"items_purged_floors":[4,19],"is_endless":false,"potions_floor_spawned":[1,14,22],"killed_by":"Book of Stabbing","ascension_level":3}}