{"host":"blhqr6uo32maonpv","time":1613717462,"event":{"mods":["BaseMod","Downfall","Minty Spire (QoL Compilation)","Replay The Spire","StSLib","The Bug Knight","The Marked"],"gold_per_floor":[115,115,115,115,25,25,36,50,50,50,50,50,84,84,103,132,132,235,235,253,253,9,9,44,372,372,389,389,389,400,400,433,448,548,648,648,659,674,343,393,273,305,305,331,403,403,104,151,223,279,279,345],"floor_reached":53,"language":"ENG","playtime":3386,"items_purged":["Looming Evil"],"score":1139,"play_id":"02b968a1-2c42-4a5b-b901-3f52d1a41645","local_time":"20210219025102","is_ascension_mode":false,"campfire_choices":[{"data":"Sneak Up","floor":6,"key":"SMITH"},{"data":"Replay:Sssssssssshield","floor":6,"key":"SMITH"},{"data":"Blade Dance","floor":12,"key":"SMITH"},{"data":"Neutralize","floor":12,"key":"SMITH"},{"data":"After Image","floor":26,"key":"SMITH"},{"data":"ReplayTheSpireMod:Scrap Shanks","floor":26,"key":"SMITH"},{"data":"Prepared","floor":29,"key":"SMITH"},{"data":"Calculated Gamble","floor":29,"key":"SMITH"},{"data":"Blade Dance","floor":31,"key":"SMITH"},{"data":"Dodge and Roll","floor":31,"key":"SMITH"},{"data":"Adrenaline","floor":51,"key":"SMITH"},{"data":"ReplayTheSpireMod:Scrap Shanks","floor":51,"key":"SMITH"}],"circlet_count":0,"master_deck":["Strike_G","Strike_G","Strike_G","Defend_G","Defend_G","Defend_G","Defend_G","Survivor","Neutralize+1","Sneak Up+1","Replay:Sssssssssshield+1","Blade Dance+1","Slice","Hidden Blade","Decay","PiercingWail","Prepared+1","After Image+1","CurseOfTheBell","Calculated Gamble+1","ReplayTheSpireMod:Scrap Shanks+1","Blade Dance","Replay:Sssssssssshield+1","Backflip","Backflip","Dodge and Roll+1","Prepared+1","Blade Dance+1","Prepared","Outmaneuver","Footwork+1","Night Terror","Backflip","ReplayTheSpireMod:Tripwire+1","Dagger Throw+1","Fluid Movement","Deflect","ReplayTheSpireMod:Scrap Shanks+1","Acrobatics","ReplayTheSpireMod:Shiv Toss+1","Adrenaline+1","Choke+1","After Image"],"relics":["Ring of the Snake","Replay:Kaleidoscope","Replay:Arrowhead","TungstenRod","Replay:Bottled Flurry","ReplayTheSpireMod:TigerMarble","Calling Bell","Anchor","Kunai","Du-Vu Doll","Happy Flower","ReplayTheSpireMod:CursedCoin","Old Coin","Chameleon Ring","Prayer Wheel","Empty Cage","Divine Protection","Counterbalance","ReplayTheSpireMod:Ninjato","Durian","Gremlin Horn","Ring of Misfortune","ReplayTheSpireMod:Ring of Collecting","Replay:Bandana","Bronze Scales","Replay:Mystery Machine"],"acts_visited":["Exordium","TheCity","TheBeyond"],"potions_floor_usage":[16,18,18,32,33,33,35,40,52],"damage_taken":[{"damage":0,"enemies":"Jaw Worm","floor":1,"turns":3},{"damage":0,"enemies":"Small Slimes","floor":7,"turns":6},{"damage":0,"enemies":"Cultist","floor":8,"turns":4},{"damage":4,"enemies":"Lagavulin","floor":13,"turns":8},{"damage":0,"enemies":"Looter","floor":15,"turns":4},{"damage":13,"enemies":"3 Sentries","floor":16,"turns":6},{"damage":24,"enemies":"The Guardian","floor":18,"turns":15},{"damage":0,"enemies":"3 Byrds","floor":20,"turns":7},{"damage":0,"enemies":"HollowMod:Nosk","floor":25,"turns":10},{"damage":0,"enemies":"Centurion and Healer","floor":27,"turns":7},{"damage":0,"enemies":"Snecko","floor":30,"turns":5},{"damage":0,"enemies":"Book of Stabbing","floor":32,"turns":3},{"damage":0,"enemies":"Snake Plant","floor":33,"turns":2},{"damage":0,"enemies":"Champ","floor":35,"turns":11},{"damage":0,"enemies":"Orb Walker","floor":37,"turns":4},{"damage":5,"enemies":"3 Shapes","floor":38,"turns":6},{"damage":0,"enemies":"Mind Bloom Boss Battle","floor":40,"turns":8},{"damage":0,"enemies":"Reptomancer","floor":42,"turns":6},{"damage":0,"enemies":"HollowMod:StalkingDevout","floor":44,"turns":3},{"damage":0,"enemies":"Sphere and 2 Shapes","floor":48,"turns":2},{"damage":0,"enemies":"Reptomancer","floor":49,"turns":1},{"damage":0,"enemies":"Spire Growth","floor":50,"turns":3},{"damage":0,"enemies":"Donu and Deca","floor":52,"turns":4}],"seed_played":"-4804493168768986064","potions_obtained":[{"floor":1,"key":"Dexterity Potion"},{"floor":15,"key":"Explosive Potion"},{"floor":16,"key":"sneckomod:MuddlingPotion"},{"floor":18,"key":"SpeedPotion"},{"floor":25,"key":"Poison Potion"},{"floor":27,"key":"LiquidBronze"},{"floor":32,"key":"Poison Potion"},{"floor":35,"key":"BlessingOfTheForge"},{"floor":38,"key":"Explosive Potion"},{"floor":42,"key":"FearPotion"},{"floor":48,"key":"bronze:BurnAndBuffPotion"}],"is_trial":false,"path_per_floor":["M","?","T","?","$","R","M","M","T","PTL","PTL","R","E","?","M","E","R","B",null,"M","?","$","?","$","E","R","M","T","R","M","R","E","M","R","B",null,"M","M","$","?","$","E","?","E","T","?","$","M","E","M","R","B",null],"character_chosen":"THE_SILENT","items_purchased":["Replay:Sssssssssshield","ReplayTheSpireMod:Scrap Shanks","Happy Flower","Blade Dance","ReplayTheSpireMod:CursedCoin","Backflip","Divine Protection","Fluid Movement","ReplayTheSpireMod:Scrap Shanks","Acrobatics","Replay:Bandana","Bronze Scales"],"campfire_rested":0,"item_purchase_floors":[5,22,22,22,24,24,39,39,41,41,47,47],"current_hp_per_floor":[77,77,77,52,52,52,52,52,52,52,52,52,48,48,48,35,58,34,77,77,77,77,77,77,77,77,77,77,77,77,77,77,77,77,77,77,77,72,72,72,72,72,72,77,77,77,77,77,77,77,77,77],"gold":345,"neow_bonus":"TEN_PERCENT_HP_BONUS","is_daily":false,"chose_seed":false,"campfire_upgraded":12,"win_rate":0.0,"timestamp":1613717462,"path_taken":["M","?","?","?","?","R","M","?","T","PTL","PTL","R","E","?","?","E","R","BOSS","M","?","$","?","$","E","R","M","T","R","M","R","E","M","R","BOSS","M","?","$","?","$","E","?","E","T","?","?","?","E","M","R","BOSS"],"items_purchased_type":["Card","Card","Relic","Card","Relic","Card","Relic","Card","Card","Card","Relic","Relic"],"build_version":"2020-12-22","purchased_purges":1,"victory":true,"max_hp_per_floor":[77,77,77,77,77,77,77,77,77,77,77,77,77,77,77,77,77,77,77,77,77,77,77,77,77,77,77,77,77,77,77,77,77,77,77,77,77,77,77,77,77,77,77,82,82,82,82,82,82,82,82,82],"card_choices":[{"not_picked":["Outmaneuver","Sucker Punch"],"picked":"Sneak Up","floor":1},{"not_picked":["Endless Agony","Poisoned Stab"],"picked":"Blade Dance","floor":7},{"not_picked":["Masterful Stab","Quick Slash"],"picked":"Slice","floor":8},{"not_picked":["Prepared","Slice"],"picked":"Hidden Blade","floor":13},{"not_picked":["Blade Dance","Acrobatics"],"picked":"PiercingWail","floor":15},{"not_picked":["Deadly Poison","Phantasmal Killer"],"picked":"Prepared","floor":16},{"not_picked":["Adrenaline","Unload"],"picked":"After Image","floor":18},{"not_picked":["Bane","Masterful Stab"],"picked":"Calculated Gamble","floor":20},{"not_picked":["Prepared","Blade Dance"],"picked":"Dodge and Roll","floor":25},{"not_picked":["Backstab+1","Flying Knee"],"picked":"Prepared","floor":27},{"not_picked":["Leg Sweep+1","Atom Bomb"],"picked":"Blade Dance","floor":30},{"not_picked":["Sucker Punch","Quick Slash+1"],"picked":"Prepared","floor":32},{"not_picked":["Catalyst+1","Quick Slash"],"picked":"Outmaneuver","floor":33},{"not_picked":["Backflip","Bane+1"],"picked":"Footwork+1","floor":33},{"not_picked":["ReplayTheSpireMod:Necrosis","Doppelganger"],"picked":"Night Terror","floor":35},{"not_picked":["Dodge and Roll","ReplayTheSpireMod:The Works+1"],"picked":"Backflip","floor":37},{"not_picked":["Prepared+1","Slice"],"picked":"ReplayTheSpireMod:Tripwire+1","floor":37},{"not_picked":["Flying Knee+1","Underhanded Strike+1"],"picked":"Dagger Throw+1","floor":38},{"not_picked":["Infinite Blades","Underhanded Strike","Backflip+1"],"picked":"SKIP","floor":38},{"not_picked":["Poisoned Stab+1","Backflip+1"],"picked":"Deflect","floor":40},{"not_picked":["Sucker Punch","Slice"],"picked":"ReplayTheSpireMod:Shiv Toss+1","floor":42},{"not_picked":["Flying Knee+1","Quick Slash+1"],"picked":"Adrenaline","floor":44},{"not_picked":["Flying Knee","Deadly Poison"],"picked":"Choke+1","floor":48},{"not_picked":["Hidden Blade+1","Backflip","Tactician+1"],"picked":"SKIP","floor":48},{"not_picked":["Predator","All Out Attack"],"picked":"After Image","floor":49},{"not_picked":["Underhanded Strike","Poisoned Stab+1","Hidden Blade"],"picked":"SKIP","floor":50},{"not_picked":["Dagger Spray","Bouncing Flask+1","Flying Knee"],"picked":"SKIP","floor":50}],"player_experience":33205,"relics_obtained":[{"floor":3,"key":"Replay:Kaleidoscope"},{"floor":9,"key":"TungstenRod"},{"floor":13,"key":"Replay:Bottled Flurry"},{"floor":16,"key":"ReplayTheSpireMod:TigerMarble"},{"floor":19,"key":"Anchor"},{"floor":19,"key":"Kunai"},{"floor":19,"key":"Du-Vu Doll"},{"floor":25,"key":"Old Coin"},{"floor":28,"key":"Chameleon Ring"},{"floor":32,"key":"Prayer Wheel"},{"floor":40,"key":"Counterbalance"},{"floor":42,"key":"ReplayTheSpireMod:Ninjato"},{"floor":44,"key":"Durian"},{"floor":45,"key":"Gremlin Horn"},{"floor":46,"key":"Ring of Misfortune"},{"floor":46,"key":"ReplayTheSpireMod:Ring of Collecting"},{"floor":49,"key":"Replay:Mystery Machine"}],"event_choices":[{"damage_healed":0,"gold_gain":0,"player_choice":"Success","damage_taken":25,"relics_obtained":["Replay:Arrowhead"],"max_hp_gain":0,"max_hp_loss":0,"event_name":"Scrap Ooze","floor":4,"gold_loss":0},{"damage_healed":0,"gold_gain":0,"player_choice":"Cursed","damage_taken":0,"max_hp_gain":0,"max_hp_loss":0,"event_name":"Wheel of Change","floor":14,"gold_loss":0,"cards_obtained":["Decay"]},{"damage_healed":0,"gold_gain":0,"player_choice":"Ignored","damage_taken":0,"max_hp_gain":0,"max_hp_loss":0,"event_name":"Vampires","floor":21,"gold_loss":0},{"damage_healed":0,"gold_gain":0,"player_choice":"Copied","damage_taken":0,"max_hp_gain":0,"max_hp_loss":0,"event_name":"Duplicator","floor":23,"gold_loss":0,"cards_obtained":["Replay:Sssssssssshield"]},{"damage_healed":0,"gold_gain":100,"player_choice":"Pray","damage_taken":0,"max_hp_gain":0,"max_hp_loss":0,"event_name":"Golden Shrine","floor":34,"gold_loss":0},{"damage_healed":0,"gold_gain":0,"player_choice":"Fight","damage_taken":0,"max_hp_gain":0,"max_hp_loss":0,"event_name":"MindBloom","floor":40,"gold_loss":0},{"cards_removed":["Strike_G"],"damage_healed":0,"gold_gain":0,"player_choice":"Removed Attack","damage_taken":0,"max_hp_gain":0,"max_hp_loss":0,"event_name":"Falling","floor":43,"gold_loss":0}],"is_beta":false,"boss_relics":[{"not_picked":["Sozu","Cursed Key"],"picked":"Calling Bell"},{"not_picked":["Replay:Drink Me","Busted Crown"],"picked":"Empty Cage"}],"items_purged_floors":[24],"is_endless":false,"potions_floor_spawned":[1,15,16,18,25,27,32,35,38,42,48,50],"ascension_level":0}}