{"host":"2hlhnd4tei6r1t0s","time":1613733551,"event":{"mods":["100% Spire Juice","ATMod(阿瑾Mod)","Act Like it!","Arknights","Aspiration","Astrologer","Bard","BaseMod","Bossed Relics","Chen","Conspire","Downfall","Energized Spire","Evolution","Gensokyo","Gremlin Mod","GungeonMod","Hallownest","Hermit","HololiveMod","HumanHunterMod(怪物杀人mod)","Jedi Mod","Jorbs\u0027s Wanderer Trilogy","KinomotoSakuraMod(木之本樱)","Koishi","Luminous","Mari Mod (Legacy)","Mari\u0027s V1 Patch","Marisa（F雨　魔理沙）","Minty Spire (QoL Compilation)","MostiFishMod","Pale of the Ancients","Potionbrewer","Prisma Mod","Quick Restart","Reimu（博丽灵梦）","Reliquary","Replay The Spire","Robot Space Explorer","RumiaBox-露米娅的神秘盒子","StSLib","TestMod","The Administrix","The Alterego","The Animator","The Blackbeard","The Construct","The Cursed","The Forsaken","The Gatherer","The Hayseed","The Jungle","The Marked","The Mystic","The Runesmith","The Saiyan","The Senshi","The Servant 0.9.4","The Showman","TheHeartMod","TheWitcher","Uncapped","WarShipGirlsR/战舰少女R mod","Yakumo Yukari mod","Yuyuko","[GremlinLeader]The Maniac","[IsaacMod]以撒尖塔","noobMod","【功能Mod】混沌之环修复补丁","【功能Mod】聪明的最终Boss","【遗物卡牌】REMEMod","残留之物","篝火指南"],"gold_per_floor":[9996781],"floor_reached":0,"language":"ZHS","playtime":0,"items_purged":[],"score":50,"play_id":"ecceec98-9e47-43d8-ad87-38144fae6332","local_time":"20210219191911","is_ascension_mode":true,"campfire_choices":[],"circlet_count":0,"master_deck":["theForsaken:RainingSunlight","theForsaken:Thunderbolt","theForsaken:ShieldBash","theForsaken:Smite","theForsaken:Penitence","AT_EssenceShift","Moonworks:AccelHyper","theForsaken:RainingSunlight","ReplayTheSpireMod:Private Reserves","theForsaken:SiphonStrike+1","theForsaken:Purification","theForsaken:RainingSunlight+1","Dramatic Entrance","theForsaken:Thunderbolt","testmod-BackupPower","theForsaken:SpinAttack","theForsaken:RainingSunlight","Dramatic Entrance","theForsaken:CowardsBrand"],"relics":[],"acts_visited":["Exordium"],"potions_floor_usage":[],"damage_taken":[],"seed_played":"-5106403667928295436","potions_obtained":[],"is_trial":false,"path_per_floor":[],"character_chosen":"THE_FORSAKEN","items_purchased":[],"campfire_rested":0,"item_purchase_floors":[],"current_hp_per_floor":[3],"gold":9996781,"neow_bonus":"","is_daily":false,"chose_seed":false,"campfire_upgraded":0,"win_rate":0.0,"timestamp":1613733551,"path_taken":[],"items_purchased_type":[],"build_version":"2020-12-22","purchased_purges":0,"victory":false,"max_hp_per_floor":[89],"card_choices":[],"player_experience":210285,"relics_obtained":[],"event_choices":[],"is_beta":false,"boss_relics":[],"items_purged_floors":[],"is_endless":false,"potions_floor_spawned":[],"killed_by":"Hexaghost","ascension_level":1}}