{"host":"y64g3erquapiaw2n","time":1613757036,"event":{"mods":["BaseMod","Colored Map","Colored Powertips","DeckTracker","Downfall","Googly Eyes","Minty Spire (QoL Compilation)","Quick Restart","Rare Cards Sparkle","StSLib"],"gold_per_floor":[99,99,99,174,274,274,299,318,318,318,348,248,281,300,316,412,412,212,226,244,76,94,105,105,124,144,158,158,158,158],"floor_reached":28,"language":"ENG","playtime":1808,"items_purged":[],"score":230,"play_id":"6ce8fe3f-85ee-4f44-a7aa-067d264b5425","local_time":"20210219125036","is_ascension_mode":false,"campfire_choices":[{"data":"Slimebound:Split","floor":1.0,"key":"SMITH"},{"data":"Slimebound:CorrosiveSpit","floor":9.0,"key":"SMITH"},{"floor":12.0,"key":"RECALL"},{"data":"Slimebound:RainOfGoop","floor":18.0,"key":"SMITH"}],"circlet_count":0,"master_deck":["Slimebound:Strike_Slimebound","Slimebound:Strike_Slimebound","Slimebound:Strike_Slimebound","Slimebound:Tackle","Slimebound:Defend_Slimebound","Slimebound:Defend_Slimebound","Slimebound:Defend_Slimebound","Slimebound:Defend_Slimebound","Slimebound:Split+1","Slimebound:CorrosiveSpit+1","Slimebound:Equalize","Slimebound:GoopSpray","Slimebound:SamplingLick","Slimebound:Equalize","Slimebound:ItLooksTasty","Slimebound:SelfFormingGoo","Slimebound:RainOfGoop+1","Slimebound:SlimeSlap","Slimebound:HauntingLick+1","Slimebound:SamplingLick","Slimebound:RejuvenatingLick+1","Slimebound:LivingWall","Slimebound:Repurpose+1","Slimebound:Nibble","Slimebound:ComboTackle+1","Slimebound:SlimeSpikes","Slimebound:TongueLash","Slimebound:LevelUp","Slimebound:Dissolve"],"relics":["Slimebound:AbsorbEndCombat","downfall:HeartsMalice","Boot","StoneCalendar","downfall:HeartBlessingBlue","Anchor","Black Star","downfall:HeartBlessingRed","downfall:HeartBlessingGreen","Orrery","Gremlin Horn"],"acts_visited":["Exordium","TheCity"],"potions_floor_usage":[],"damage_taken":[{"damage":0.0,"enemies":"Jaw Worm","floor":2.0,"turns":1.0},{"damage":0.0,"enemies":"2 Louse","floor":3.0,"turns":1.0},{"damage":0.0,"enemies":"Cultist","floor":6.0,"turns":1.0},{"damage":3.0,"enemies":"Large Slime","floor":8.0,"turns":5.0},{"damage":20.0,"enemies":"Lagavulin","floor":11.0,"turns":8.0},{"damage":27.0,"enemies":"Gremlin Nob","floor":13.0,"turns":5.0},{"damage":13.0,"enemies":"Exordium Thugs","floor":14.0,"turns":5.0},{"damage":1.0,"enemies":"Lots of Slimes","floor":15.0,"turns":3.0},{"damage":38.0,"enemies":"WA_ARCHETYPE_RETAIN","floor":16.0,"turns":7.0},{"damage":0.0,"enemies":"Chosen","floor":19.0,"turns":3.0},{"damage":34.0,"enemies":"downfall:LooterAlt2","floor":20.0,"turns":5.0},{"damage":8.0,"enemies":"downfall:FleeingMerchant","floor":21.0,"turns":4.0},{"damage":5.0,"enemies":"Snake Plant","floor":22.0,"turns":3.0},{"damage":15.0,"enemies":"Snecko","floor":23.0,"turns":4.0},{"damage":21.0,"enemies":"Chosen and Byrds","floor":25.0,"turns":5.0},{"damage":12,"enemies":"Snake Plant","floor":26,"turns":3},{"damage":17,"enemies":"Snecko","floor":27,"turns":5},{"damage":57,"enemies":"Book of Stabbing","floor":28,"turns":5}],"seed_played":"-5198745984431493301","potions_obtained":[{"floor":8.0,"key":"Energy Potion"},{"floor":11.0,"key":"DuplicationPotion"},{"floor":14.0,"key":"Slimebound:ThreeZeroPotion"},{"floor":22.0,"key":"Slimebound:SlimedPotion"},{"floor":25,"key":"Dexterity Potion"}],"is_trial":false,"path_per_floor":["R","M","M","?","?","M","T","M","R","T","E","R","E","M","M","B",null,"R","M","M","$","M","M","T","M","M","M","E"],"character_chosen":"SLIMEBOUND","items_purchased":["Orrery"],"campfire_rested":0,"item_purchase_floors":[21],"current_hp_per_floor":[65,65,65,65,65,65,65,65,65,65,49,59,56,63,75,37,75,75,75,53,61,66,62,62,57,51,46,0,0,0],"gold":158,"neow_bonus":"THREE_ENEMY_KILL","is_daily":false,"chose_seed":false,"campfire_upgraded":3,"win_rate":0.0,"timestamp":1613757036,"path_taken":["R","M","M","?","?","M","T","M","R","?","E","R","E","?","M","BOSS","R","M","M","$","M","M","T","M","M","M","E"],"items_purchased_type":["Relic"],"build_version":"2020-12-22","purchased_purges":0,"victory":false,"max_hp_per_floor":[65,65,65,65,65,65,65,65,65,65,65,75,75,75,75,75,75,75,75,75,75,75,75,75,75,75,75,75,75,75],"card_choices":[{"not_picked":["Slimebound:RollThrough","Slimebound:SplitAcid"],"picked":"Slimebound:Equalize","floor":2.0},{"not_picked":["Slimebound:SplitMire","Slimebound:LeechEnergy"],"picked":"Slimebound:GoopSpray","floor":3.0},{"not_picked":["Slimebound:ComboTackle","Slimebound:SplitMire","Slimebound:SplitBruiser"],"picked":"SKIP","floor":6.0},{"not_picked":["Slimebound:ComboTackle","Slimebound:LivingWall"],"picked":"Slimebound:SamplingLick","floor":8.0},{"not_picked":["Slimebound:LeechingTouch","Slimebound:Prepare"],"picked":"Slimebound:Equalize","floor":11.0},{"not_picked":["Slimebound:BestDefense","Slimebound:FlameTackle"],"picked":"Slimebound:ItLooksTasty","floor":13.0},{"not_picked":["Slimebound:ForwardTackle","Slimebound:GoopTackle"],"picked":"Slimebound:SelfFormingGoo","floor":14.0},{"not_picked":["Slimebound:Prepare","Slimebound:SlimeBrawl"],"picked":"Slimebound:RainOfGoop","floor":15.0},{"not_picked":["Slimebound:FirmFortitude","Slimebound:DuplicatedForm"],"picked":"Slimebound:SlimeSlap","floor":16.0},{"not_picked":["Slimebound:ComboTackle","Slimebound:SlimeSpikes"],"picked":"Slimebound:HauntingLick+1","floor":19.0},{"not_picked":["Slimebound:Prepare","Slimebound:PressTheAttack","Slimebound:LeechingTouch"],"picked":"SKIP","floor":20.0},{"not_picked":["Slimebound:ComboTackle","Slimebound:SlimeSpikes"],"picked":"Slimebound:SamplingLick","floor":21.0},{"not_picked":["Slimebound:FinishingTackle","Slimebound:SpikyOuterGoop"],"picked":"Slimebound:RejuvenatingLick+1","floor":21.0},{"not_picked":["Slimebound:RollThrough","Slimebound:GoopTackle"],"picked":"Slimebound:LivingWall","floor":21.0},{"not_picked":["Slimebound:SplitAcid+1","Slimebound:FinishingTackle"],"picked":"Slimebound:Repurpose+1","floor":21.0},{"not_picked":["Slimebound:Prepare","Slimebound:LeechEnergy"],"picked":"Slimebound:Nibble","floor":21.0},{"not_picked":["Slimebound:DuplicatedForm","Slimebound:FinishingTackle"],"picked":"Slimebound:ComboTackle+1","floor":21.0},{"not_picked":["Slimebound:SplitBruiser","Slimebound:SplitMire+1"],"picked":"Slimebound:SlimeSpikes","floor":22.0},{"not_picked":["Slimebound:FlameTackle","Slimebound:SlimeBrawl+1"],"picked":"Slimebound:TongueLash","floor":23.0},{"not_picked":["Slimebound:FlameTackle+1","Slimebound:SlimeBrawl","Slimebound:Gluttony"],"picked":"SKIP","floor":25},{"not_picked":["Slimebound:SlimeSpikes","Slimebound:LeadByExample"],"picked":"Slimebound:LevelUp","floor":26},{"not_picked":["Slimebound:OneTwoCombo","Slimebound:LevelUp"],"picked":"Slimebound:Dissolve","floor":27}],"player_experience":73171,"relics_obtained":[{"floor":7.0,"key":"Boot"},{"floor":11.0,"key":"StoneCalendar"},{"floor":13.0,"key":"Anchor"},{"floor":24.0,"key":"Gremlin Horn"}],"event_choices":[],"is_beta":false,"boss_relics":[{"not_picked":["Sozu","SacredBark"],"picked":"Black Star"}],"items_purged_floors":[],"is_endless":false,"potions_floor_spawned":[8,11,14,22,25],"killed_by":"Book of Stabbing","ascension_level":0}}