{"host":"i0m6ffz3lpe3z1ky","time":1613761797,"event":{"mods":["Aspiration","BaseMod","Bestiary","BetterRewards","Colored Map","Conspire","Energized Spire","Highlight Path","Hubris","Ironclad Rager","Minty Spire (QoL Compilation)","Quick Restart","Reliquary","Shop Mod","Spicy Shops","StSLib","Thieving Mod"],"gold_per_floor":[111,111,111,126,126,153,153,184,184,134,164,181,207,226,226,324,324,340,358,376,395,395,420,431,451,497,526,537,537,569,583,583,679,679,699,238,255,255,271,299,317,348,348,402,452,471,491,441,441,441,441,441,5,36,36],"floor_reached":56,"language":"KOR","playtime":3296,"items_purged":["Strike_R","Strike_R"],"score":2309,"play_id":"acfb0bf4-8620-422b-9374-7cdeef0ce3ca","local_time":"20210220040957","is_ascension_mode":true,"campfire_choices":[{"floor":7.0,"key":"RECALL"},{"data":"Body Slam","floor":15.0,"key":"SMITH"},{"data":"Barricade","floor":32.0,"key":"SMITH"},{"data":"Double Tap","floor":49.0,"key":"SMITH"},{"data":"Body Slam","floor":52.0,"key":"SMITH"}],"circlet_count":0,"master_deck":["Strike_R+1","Strike_R+1","Defend_R","Defend_R","Defend_R","Bash","Shrug It Off","Shrug It Off","Shrug It Off","Body Slam+1","Impervious","Inflame","Barricade+1","Juggernaut","Metallicize","Double Tap+1","Body Slam+1","Reaper","Fire Breathing+1","Metallicize+1","Flame Barrier+1","Metallicize","Feel No Pain+1"],"relics":["Burning Blood","ClockworkSouvenir","Vajra","aspiration:Nostalgia","Cracked Core","Frozen Eye","aspiration:Lifesprig","PreservedInsect","Red Skull","Lantern","Juzu Bracelet","TheAbacus","Lee\u0027s Waffle","Pen Nib","Toy Ornithopter","reliquary:PorcupineQuills","hubris:SlimyHat","Magic Flower","White Beast Statue","reliquary:TuningFork","InkBottle","energizedSpire:MagnifyingGlass","Kunai","Whetstone","hubris:CrystalStatue","Bottled Tornado","Bag of Marbles","Smiling Mask","conspire:DecoderRing","hubris:MysteriousPyramids","Thread and Needle","reliquary:Stiletto","Boot","OrangePellets","reliquary:Bookmark","Potion Belt","conspire:DeflatedDodgeball","aspiration:SeaSaltIceCream","Kunai","hubris:CuriousFeather","HandDrill","Bag of Preparation"],"acts_visited":["Exordium","TheCity","TheBeyond","TheEnding"],"potions_floor_usage":[54,54,54,55,55,55],"damage_taken":[{"damage":1.0,"enemies":"Cultist","floor":1.0,"turns":3.0},{"damage":0.0,"enemies":"Small Slimes","floor":4.0,"turns":2.0},{"damage":0.0,"enemies":"Lagavulin","floor":6.0,"turns":4.0},{"damage":10.0,"enemies":"3 Sentries","floor":8.0,"turns":5.0},{"damage":0.0,"enemies":"Lagavulin","floor":11.0,"turns":3.0},{"damage":0.0,"enemies":"Jaw Worm","floor":12.0,"turns":2.0},{"damage":11.0,"enemies":"Gremlin Nob","floor":13.0,"turns":5.0},{"damage":0.0,"enemies":"3 Louse","floor":14.0,"turns":3.0},{"damage":20.0,"enemies":"Slime Boss","floor":16.0,"turns":9.0},{"damage":0.0,"enemies":"Chosen","floor":18.0,"turns":4.0},{"damage":9.0,"enemies":"2 Thieves","floor":19.0,"turns":4.0},{"damage":1.0,"enemies":"3 Cultists","floor":20.0,"turns":6.0},{"damage":14.0,"enemies":"Sentry and Sphere","floor":21.0,"turns":6.0},{"damage":2.0,"enemies":"Gremlin Leader","floor":23.0,"turns":5.0},{"damage":10.0,"enemies":"Cultist and Chosen","floor":24.0,"turns":6.0},{"damage":18.0,"enemies":"Centurion and Healer","floor":25.0,"turns":5.0},{"damage":28.0,"enemies":"Slavers","floor":27.0,"turns":6.0},{"damage":0.0,"enemies":"Snake Plant","floor":28.0,"turns":4.0},{"damage":0.0,"enemies":"Gremlin Leader","floor":30.0,"turns":7.0},{"damage":0.0,"enemies":"Cultist and Chosen","floor":31.0,"turns":5.0},{"damage":20.0,"enemies":"hubris:MusketHawk","floor":33.0,"turns":7.0},{"damage":8.0,"enemies":"3 Shapes","floor":35.0,"turns":6.0},{"damage":0.0,"enemies":"Orb Walker","floor":37.0,"turns":3.0},{"damage":0.0,"enemies":"3 Darklings","floor":39.0,"turns":5.0},{"damage":0.0,"enemies":"Giant Head","floor":40.0,"turns":4.0},{"damage":4.0,"enemies":"Maw","floor":41.0,"turns":5.0},{"damage":31.0,"enemies":"Reptomancer","floor":42.0,"turns":6.0},{"damage":51.0,"enemies":"2 Orb Walkers","floor":44.0,"turns":5.0},{"damage":0.0,"enemies":"Mind Bloom Boss Battle","floor":45.0,"turns":6.0},{"damage":0.0,"enemies":"4 Shapes","floor":46.0,"turns":4.0},{"damage":26.0,"enemies":"Jaw Worm Horde","floor":47.0,"turns":5.0},{"damage":0.0,"enemies":"conspire:OrnateMirror","floor":50.0,"turns":14.0},{"damage":66,"enemies":"Shield and Spear","floor":54,"turns":6},{"damage":52,"enemies":"The Heart","floor":55,"turns":11}],"seed_played":"3283270363772295468","potions_obtained":[{"floor":6.0,"key":"EssenceOfSteel"},{"floor":11.0,"key":"AttackPotion"},{"floor":16.0,"key":"FairyPotion"},{"floor":19.0,"key":"ColorlessPotion"},{"floor":23.0,"key":"Explosive Potion"},{"floor":27.0,"key":"ColorlessPotion"},{"floor":30.0,"key":"LiquidBronze"},{"floor":31.0,"key":"Energy Potion"},{"floor":35.0,"key":"CultistPotion"},{"floor":40.0,"key":"CultistPotion"},{"floor":42.0,"key":"Strength Potion"},{"floor":44.0,"key":"Regen Potion"},{"floor":45.0,"key":"Swift Potion"},{"floor":47.0,"key":"PowerPotion"},{"floor":54,"key":"Block Potion"}],"is_trial":false,"path_per_floor":["M","$","?","M","?","E","R","E","T","?","E","M","E","M","R","B",null,"M","M","M","M","?","E","M","M","T","E","M","?","E","M","R","B",null,"M","$","M","?","M","E","M","E","T","?","?","M","M","$","R","B",null,"R","$","E","B",null],"character_chosen":"IRONCLAD","items_purchased":["ClockworkSouvenir","Vajra","ThievingMod:ThievingPotion","ThievingMod:ThievingPotion","Bottled Tornado","Bag of Marbles","hubris:CuriousFeather","HandDrill"],"campfire_rested":0,"item_purchase_floors":[0,0,0,0,36,36,53,53],"current_hp_per_floor":[87,87,92,92,92,92,92,88,88,88,92,92,90,92,92,81,89,92,92,92,87,87,92,91,82,82,71,80,80,92,92,92,81,89,90,90,92,92,92,92,92,70,70,63,92,92,92,92,92,92,92,92,92,81,92],"gold":36,"neow_bonus":"","is_daily":false,"chose_seed":false,"campfire_upgraded":4,"win_rate":0.0,"timestamp":1613761797,"path_taken":["M","$","?","M","?","E","R","E","T","?","E","M","E","M","R","BOSS","M","M","M","M","?","E","M","M","T","E","M","?","E","M","R","BOSS","M","$","M","?","M","E","M","E","T","?","?","M","M","$","R","BOSS","R","$","E","BOSS"],"items_purchased_type":["Relic","Relic","Potion","Potion","Relic","Relic","Relic","Relic"],"build_version":"2020-12-22","purchased_purges":2,"victory":true,"max_hp_per_floor":[87,87,92,92,92,92,92,92,92,92,92,92,92,92,92,92,92,92,92,92,92,92,92,92,92,92,92,92,92,92,92,92,92,92,92,92,92,92,92,92,92,92,92,92,92,92,92,92,92,92,92,92,92,92,92],"card_choices":[{"not_picked":["Pummel","Wild Strike"],"picked":"Shrug It Off","floor":1.0},{"not_picked":["Sword Boomerang","Cleave","Headbutt"],"picked":"SKIP","floor":4.0},{"not_picked":["Rupture","Second Wind","Blood for Blood"],"picked":"SKIP","floor":6.0},{"not_picked":["Sword Boomerang","Uppercut","Twin Strike"],"picked":"SKIP","floor":8.0},{"not_picked":["Exhume","Headbutt"],"picked":"Body Slam","floor":11.0},{"not_picked":["Feel No Pain","Thunderclap","Clothesline"],"picked":"SKIP","floor":12.0},{"not_picked":["Bloodletting","Dual Wield","Corruption"],"picked":"SKIP","floor":13.0},{"not_picked":["Sword Boomerang","Clothesline","True Grit"],"picked":"SKIP","floor":14.0},{"not_picked":["Immolate","Offering"],"picked":"Impervious","floor":16.0},{"not_picked":["Clothesline","Whirlwind+1","Flex"],"picked":"SKIP","floor":18.0},{"not_picked":["Bloodletting","Perfected Strike"],"picked":"Inflame","floor":19.0},{"not_picked":["Perfected Strike","Thunderclap+1"],"picked":"Inflame","floor":20.0},{"not_picked":["Whirlwind","conspire:ExplosiveBarrier"],"picked":"Barricade","floor":21.0},{"not_picked":["Blood for Blood","True Grit+1","Havoc+1"],"picked":"SKIP","floor":23.0},{"not_picked":["Clash","Sword Boomerang","Armaments+1"],"picked":"SKIP","floor":24.0},{"not_picked":["True Grit","Dark Embrace","conspire:ExplosiveBarrier"],"picked":"SKIP","floor":25.0},{"not_picked":["Evolve+1","Warcry+1"],"picked":"Juggernaut","floor":27.0},{"not_picked":["Thunderclap+1","Sever Soul+1"],"picked":"Metallicize","floor":28.0},{"not_picked":["Perfected Strike+1","Heavy Blade","Combust"],"picked":"SKIP","floor":30.0},{"not_picked":["Sword Boomerang+1","Perfected Strike","Sever Soul+1"],"picked":"SKIP","floor":31.0},{"not_picked":["Immolate","hubris:StunningStrike"],"picked":"Double Tap","floor":33.0},{"not_picked":["Havoc+1","Twin Strike+1","Wild Strike"],"picked":"SKIP","floor":35.0},{"not_picked":["Flex","Iron Wave+1"],"picked":"Body Slam","floor":37.0},{"not_picked":["Hemokinesis+1","Heavy Blade+1","Warcry+1"],"picked":"SKIP","floor":39.0},{"not_picked":["Heavy Blade+1","Headbutt","Wild Strike"],"picked":"SKIP","floor":40.0},{"not_picked":["Twin Strike","hubris:ReadiedAction","Clash"],"picked":"SKIP","floor":41.0},{"not_picked":["Reckless Charge","Anger"],"picked":"Reaper","floor":42.0},{"not_picked":["Flex","hubris:CleavingFinish"],"picked":"Fire Breathing+1","floor":45.0},{"not_picked":["conspire:Charge","hubris:ReadiedAction"],"picked":"Metallicize+1","floor":46.0},{"not_picked":["Shockwave","Sword Boomerang+1"],"picked":"Flame Barrier+1","floor":47.0},{"not_picked":["Second Wind+1","Sever Soul+1"],"picked":"Feel No Pain+1","floor":54}],"player_experience":431555,"relics_obtained":[{"floor":6.0,"key":"hubris:SlimyHat"},{"floor":8.0,"key":"Magic Flower"},{"floor":9.0,"key":"White Beast Statue"},{"floor":11.0,"key":"reliquary:TuningFork"},{"floor":13.0,"key":"InkBottle"},{"floor":23.0,"key":"Kunai"},{"floor":27.0,"key":"Whetstone"},{"floor":30.0,"key":"hubris:CrystalStatue"},{"floor":40.0,"key":"Smiling Mask"},{"floor":42.0,"key":"conspire:DecoderRing"},{"floor":43.0,"key":"hubris:MysteriousPyramids"},{"floor":45.0,"key":"Thread and Needle"},{"floor":54,"key":"Bag of Preparation"}],"event_choices":[{"damage_healed":0.0,"max_hp_gain":5.0,"max_hp_loss":0.0,"gold_gain":0.0,"event_name":"Big Fish","player_choice":"Donut","floor":3.0,"gold_loss":0.0,"damage_taken":0.0},{"cards_removed":["Strike_R"],"damage_healed":0.0,"max_hp_gain":0.0,"max_hp_loss":0.0,"gold_gain":0.0,"event_name":"Living Wall","player_choice":"Forget","floor":5.0,"gold_loss":0.0,"damage_taken":0.0},{"cards_removed":["Defend_R"],"damage_healed":0.0,"max_hp_gain":0.0,"max_hp_loss":0.0,"gold_gain":0.0,"event_name":"The Cleric","player_choice":"Card Removal","floor":10.0,"gold_loss":50.0,"damage_taken":0.0},{"damage_healed":0.0,"max_hp_gain":0.0,"max_hp_loss":0.0,"gold_gain":0.0,"event_name":"Ghosts","player_choice":"Ignored","floor":22.0,"gold_loss":0.0,"damage_taken":0.0},{"damage_healed":0.0,"max_hp_gain":0.0,"max_hp_loss":0.0,"gold_gain":0.0,"event_name":"Cursed Tome","player_choice":"Ignored","floor":29.0,"gold_loss":0.0,"damage_taken":0.0},{"cards_removed":["Inflame"],"damage_healed":0.0,"max_hp_gain":0.0,"max_hp_loss":0.0,"gold_gain":0.0,"event_name":"Falling","player_choice":"Removed Power","floor":38.0,"gold_loss":0.0,"damage_taken":0.0},{"damage_healed":0.0,"max_hp_gain":0.0,"max_hp_loss":0.0,"gold_gain":0.0,"event_name":"Mysterious Sphere","player_choice":"Fight","floor":44.0,"gold_loss":0.0,"damage_taken":0.0},{"damage_healed":0.0,"max_hp_gain":0.0,"max_hp_loss":0.0,"gold_gain":0.0,"event_name":"MindBloom","player_choice":"Fight","floor":45.0,"gold_loss":0.0,"damage_taken":0.0}],"is_beta":false,"boss_relics":[{"not_picked":["aspiration:SecretTechniqueScroll","Runic Dome"],"picked":"energizedSpire:MagnifyingGlass"},{"not_picked":["Sozu","energizedSpire:TabascoSauce","hubris:GrandSneckoEye"]}],"items_purged_floors":[36,48],"is_endless":false,"potions_floor_spawned":[1,6,11,12,13,14,16,18,19,20,21,23,24,25,27,28,30,31,33,35,37,39,40,41,42,44,45,46,47,54],"ascension_level":7}}