{"host":"vx488ommchhibo3k","time":1613717964,"event":{"mods":["BaseMod","BetterRewards","Minty Spire (QoL Compilation)","Shop Mod","StSLib"],"gold_per_floor":[116,136,154,165,179,179,197,197,224,224,238,238,255,275,275,375,375,387,398,31,44,44,44,63,63,63,63,73,6,6,24,24,122,122,133,133,133,133,133,133,159,159,182,182,195,195,73,90,90,90,90,90,40,68,68,68],"floor_reached":55,"language":"JPN","playtime":3579,"items_purged":["Injury"],"score":691,"play_id":"93991bbd-d3f9-429e-96c9-c79dc7d3aff0","local_time":"20210219155924","is_ascension_mode":false,"campfire_choices":[{"floor":6,"key":"RECALL"},{"floor":8,"key":"REST"},{"data":"Apotheosis","floor":12,"key":"SMITH"},{"data":"Demon Form","floor":15,"key":"SMITH"},{"floor":23,"key":"REST"},{"data":"Offering","floor":30,"key":"SMITH"},{"floor":32,"key":"REST"},{"data":"Offering","floor":40,"key":"SMITH"},{"floor":42,"key":"REST"},{"data":"Madness","floor":44,"key":"SMITH"},{"data":"Whirlwind","floor":49,"key":"SMITH"},{"data":"Madness","floor":52,"key":"SMITH"}],"circlet_count":0,"master_deck":["Strike_R+1","Strike_R+1","Strike_R+1","Defend_R+1","Defend_R+1","Defend_R+1","Defend_R+1","Bash","Apotheosis+1","Perfected Strike","Impervious+1","Hemokinesis","Iron Wave","Heavy Blade","Flex","Parasite","Uppercut","Demon Form+1","Headbutt","Offering+1","Clothesline","Intimidate+1","Ghostly Armor","Carnage","Shrug It Off+1","Inflame","Writhe","Headbutt+1","Power Through","Pommel Strike+1","Offering+1","Infernal Blade+1","Madness+1","Madness+1","The Bomb","Disarm+1","Metallicize+1","Whirlwind+1","Shrug It Off+1","Entrench+1"],"relics":["Burning Blood","Incense Burner","Mark of Pain","CaptainsWheel","Ice Cream","War Paint","SlaversCollar","Ancient Tea Set","Toy Ornithopter","Blood Vial"],"acts_visited":["Exordium","TheCity","TheBeyond","TheEnding"],"potions_floor_usage":[16,18,18,19,45,50,54,54,55],"damage_taken":[{"damage":0,"enemies":"2 Louse","floor":1,"turns":4},{"damage":1,"enemies":"Small Slimes","floor":2,"turns":4},{"damage":8,"enemies":"Jaw Worm","floor":3,"turns":4},{"damage":11,"enemies":"2 Fungi Beasts","floor":4,"turns":4},{"damage":4,"enemies":"3 Louse","floor":5,"turns":4},{"damage":34,"enemies":"Gremlin Gang","floor":7,"turns":4},{"damage":7,"enemies":"Looter","floor":11,"turns":2},{"damage":2,"enemies":"Exordium Wildlife","floor":13,"turns":2},{"damage":9,"enemies":"Red Slaver","floor":14,"turns":3},{"damage":54,"enemies":"Hexaghost","floor":16,"turns":7},{"damage":26,"enemies":"3 Byrds","floor":18,"turns":4},{"damage":30,"enemies":"2 Thieves","floor":19,"turns":3},{"damage":19,"enemies":"Centurion and Healer","floor":21,"turns":5},{"damage":13,"enemies":"3 Cultists","floor":24,"turns":6},{"damage":8,"enemies":"Snake Plant","floor":28,"turns":4},{"damage":20,"enemies":"Cultist and Chosen","floor":31,"turns":5},{"damage":9,"enemies":"Champ","floor":33,"turns":7},{"damage":9,"enemies":"Orb Walker","floor":35,"turns":3},{"damage":26,"enemies":"Giant Head","floor":41,"turns":6},{"damage":13,"enemies":"3 Shapes","floor":45,"turns":4},{"damage":12,"enemies":"Sphere and 2 Shapes","floor":48,"turns":4},{"damage":36,"enemies":"Awakened One","floor":50,"turns":11},{"damage":29,"enemies":"Shield and Spear","floor":54,"turns":5},{"damage":69,"enemies":"The Heart","floor":55,"turns":2}],"seed_played":"4253693560481733500","potions_obtained":[{"floor":1,"key":"Block Potion"},{"floor":5,"key":"SteroidPotion"},{"floor":7,"key":"DistilledChaos"},{"floor":13,"key":"BloodPotion"},{"floor":16,"key":"Regen Potion"},{"floor":19,"key":"BloodPotion"},{"floor":21,"key":"Dexterity Potion"},{"floor":35,"key":"LiquidBronze"},{"floor":39,"key":"EssenceOfSteel"}],"is_trial":false,"path_per_floor":["M","M","M","M","M","R","M","R","T","?","M","R","M","M","R","B",null,"M","M","$","M","?","R","M","?","T","?","M","$","R","M","R","B",null,"M","?","?","?","?","R","E","R","T","R","M","?","$","M","R","B",null,"R","$","E","B"],"character_chosen":"IRONCLAD","items_purchased":["Apotheosis","CaptainsWheel","Ghostly Armor","Power Through","AttackPotion","Whirlwind","Swift Potion"],"campfire_rested":4,"item_purchase_floors":[0,20,20,29,47,47,53],"current_hp_per_floor":[62,67,65,60,62,62,34,58,58,78,77,77,80,77,77,29,80,65,57,57,44,44,68,61,61,61,61,59,59,59,45,69,66,80,77,67,67,67,67,67,47,71,71,71,80,80,80,74,74,49,80,80,80,62,0,0],"gold":68,"neow_bonus":"","is_daily":false,"chose_seed":false,"campfire_upgraded":7,"win_rate":0.0,"timestamp":1613717964,"path_taken":["M","M","M","M","M","R","M","R","T","?","M","R","M","M","R","BOSS","M","M","$","M","?","R","M","?","T","?","M","?","R","M","R","BOSS","M","?","?","?","?","R","E","R","T","R","?","?","$","M","R","BOSS","R","$","E","BOSS"],"items_purchased_type":["Card","Relic","Card","Card","Potion","Card","Potion"],"build_version":"2020-12-22","purchased_purges":1,"victory":false,"max_hp_per_floor":[80,80,80,80,80,80,80,80,80,80,80,80,80,80,80,80,80,80,80,80,80,80,80,80,80,80,80,80,80,80,80,80,80,80,80,80,80,80,80,80,80,80,80,80,80,80,80,80,80,80,80,80,80,80,80,80],"card_choices":[{"not_picked":["Armaments","Heavy Blade"],"picked":"Perfected Strike","floor":1},{"not_picked":["Fire Breathing","Armaments"],"picked":"Impervious","floor":2},{"not_picked":["Twin Strike","Pommel Strike"],"picked":"Hemokinesis","floor":3},{"not_picked":["Cleave","Dual Wield"],"picked":"Iron Wave","floor":4},{"not_picked":["Havoc","Clash"],"picked":"Heavy Blade","floor":5},{"not_picked":["Twin Strike","Anger"],"picked":"Flex","floor":7},{"not_picked":["Rampage","Havoc"],"picked":"Uppercut","floor":11},{"not_picked":["Twin Strike","Cleave"],"picked":"Demon Form","floor":13},{"not_picked":["Dark Embrace","Armaments"],"picked":"Headbutt","floor":14},{"not_picked":["Berserk","Exhume"],"picked":"Offering","floor":16},{"not_picked":["Sentinel","Second Wind"],"picked":"Clothesline","floor":18},{"not_picked":["Headbutt","Body Slam"],"picked":"Intimidate+1","floor":19},{"not_picked":["Iron Wave","Pommel Strike"],"picked":"Carnage","floor":21},{"not_picked":["Body Slam","Cleave"],"picked":"Shrug It Off","floor":24},{"not_picked":["Sever Soul+1","Corruption"],"picked":"Headbutt+1","floor":28},{"not_picked":["Bloodletting","True Grit"],"picked":"Pommel Strike+1","floor":31},{"not_picked":["Double Tap","Exhume"],"picked":"Offering","floor":33},{"not_picked":["Combust","Twin Strike+1"],"picked":"Infernal Blade+1","floor":35},{"not_picked":["Bandage Up","PanicButton"],"picked":"The Bomb","floor":38},{"not_picked":["Clash","Armaments+1"],"picked":"Disarm+1","floor":41},{"not_picked":["Intimidate+1","Body Slam"],"picked":"Metallicize+1","floor":45},{"not_picked":["Headbutt","Wild Strike+1"],"picked":"Shrug It Off+1","floor":48},{"not_picked":["Shrug It Off","Armaments+1"],"picked":"Entrench+1","floor":54}],"player_experience":112098,"relics_obtained":[{"floor":26,"key":"Ice Cream"},{"floor":41,"key":"Ancient Tea Set"},{"floor":43,"key":"Toy Ornithopter"},{"floor":54,"key":"Blood Vial"}],"event_choices":[{"damage_healed":20,"gold_gain":0,"player_choice":"Healed and dodged fight","damage_taken":0,"max_hp_gain":0,"max_hp_loss":0,"event_name":"Mushrooms","floor":10,"gold_loss":0,"cards_obtained":["Parasite"]},{"damage_healed":0,"gold_gain":0,"player_choice":"Simplicity","damage_taken":0,"max_hp_gain":0,"max_hp_loss":0,"event_name":"Back to Basics","floor":22,"gold_loss":0,"cards_upgraded":["Strike_R","Strike_R","Strike_R","Strike_R","Strike_R","Defend_R","Defend_R","Defend_R","Defend_R"]},{"damage_healed":0,"gold_gain":0,"player_choice":"Read","damage_taken":0,"max_hp_gain":0,"max_hp_loss":0,"event_name":"The Library","floor":25,"gold_loss":0,"cards_obtained":["Inflame"]},{"damage_healed":0,"gold_gain":0,"player_choice":"Opened","damage_taken":0,"relics_obtained":["War Paint"],"max_hp_gain":0,"max_hp_loss":0,"event_name":"The Mausoleum","floor":27,"gold_loss":0,"cards_obtained":["Writhe"]},{"damage_healed":0,"gold_gain":0,"player_choice":"Embrace Madness","damage_taken":10,"max_hp_gain":0,"max_hp_loss":0,"event_name":"Winding Halls","floor":36,"gold_loss":0,"cards_obtained":["Madness","Madness"]},{"cards_removed":["Strike_R"],"damage_healed":0,"gold_gain":0,"player_choice":"Removed Attack","damage_taken":0,"max_hp_gain":0,"max_hp_loss":0,"event_name":"Falling","floor":37,"gold_loss":0},{"damage_healed":0,"gold_gain":0,"player_choice":"Memory 1","damage_taken":0,"max_hp_gain":0,"max_hp_loss":0,"event_name":"SensoryStone","floor":38,"gold_loss":0},{"damage_healed":0,"gold_gain":0,"player_choice":"Got Potions","damage_taken":0,"max_hp_gain":0,"max_hp_loss":0,"event_name":"Lab","floor":39,"gold_loss":0},{"cards_removed":["Strike_R"],"damage_healed":0,"gold_gain":0,"player_choice":"Card Removal","damage_taken":0,"max_hp_gain":0,"max_hp_loss":0,"event_name":"Wheel of Change","floor":46,"gold_loss":0}],"is_beta":false,"boss_relics":[{"not_picked":["Snecko Eye","Cursed Key"],"picked":"Mark of Pain"},{"not_picked":["Black Blood","Sozu"],"picked":"SlaversCollar"}],"items_purged_floors":[0],"is_endless":false,"potions_floor_spawned":[1,5,7,13,16,19,21,35,48],"killed_by":"The Heart","ascension_level":0}}