{"host":"y4fuci1jk2rsxnep","time":1613761997,"event":{"mods":["AchievementEnabler","BaseMod","Colored Powertips","Custom Start","Defuse TimeMaze Blight","Dio Mod","Downfall","Hermit","Hero for Fun","Hubris","Hunter ??","Infinite Spire","Minty Spire (QoL Compilation)","Quick Restart","Reliquary","Remove Card Discount Mod","Replay The Spire","StSLib","The Blackbeard","The Bug Knight","The Mystic","The Runesmith"],"gold_per_floor":[20,20,195,195,211,228,238,238,238,268,307,337,349,375,387,504,516,538,550,562,574,596,608,620,632,691,703,703],"floor_reached":27,"language":"ENG","playtime":1951,"items_purged":[],"score":245,"play_id":"0c34597e-4090-4a9a-9c09-2d49c5e93b80","local_time":"20210219201317","is_ascension_mode":true,"campfire_choices":[{"data":"hermit:WideOpen","floor":8,"key":"SMITH"},{"floor":15,"key":"REST"},{"data":"infinitespire:Execution","floor":23,"key":"SMITH"},{"data":"hermit:EternalForm","floor":25,"key":"SMITH"}],"circlet_count":0,"master_deck":["hermit:Strike_Hermit","hermit:Strike_Hermit","hermit:Strike_Hermit","hermit:Strike_Hermit","hermit:Defend_Hermit","hermit:Defend_Hermit","hermit:Defend_Hermit","hermit:Defend_Hermit","hermit:Snapshot","hermit:Covet","Sadistic Nature","hermit:BodyArmor","Doubt","hermit:WideOpen+1","hermit:BodyArmor","hermit:Enervate","hermit:Virtue","hermit:Virtue","hermit:Determination","hermit:WideOpen","hermit:EternalForm+1","hermit:HighCaliber+1","Languid","Sickly","infinitespire:Execution+1","hermit:GhostlyPresence"],"relics":["hermit:Momento","MawBank","Happy Flower","Black Star","hubris:BottledHeart","Centennial Puzzle"],"acts_visited":["Exordium","TheCity"],"potions_floor_usage":[11,16,16,18,27],"damage_taken":[{"damage":11,"enemies":"Cultist","floor":1,"turns":4},{"damage":11,"enemies":"Jaw Worm","floor":5,"turns":5},{"damage":9,"enemies":"Small Slimes","floor":6,"turns":3},{"damage":4,"enemies":"Red Slaver","floor":7,"turns":4},{"damage":0,"enemies":"Looter","floor":10,"turns":1},{"damage":16,"enemies":"Gremlin Nob","floor":11,"turns":4},{"damage":0,"enemies":"Large Slime","floor":12,"turns":6},{"damage":0,"enemies":"3 Louse","floor":14,"turns":4},{"damage":32,"enemies":"Slime Boss","floor":16,"turns":10},{"damage":27,"enemies":"2 Thieves","floor":18,"turns":5},{"damage":0,"enemies":"Shell Parasite","floor":22,"turns":6},{"damage":6,"enemies":"Gremlin Leader","floor":27,"turns":4}],"seed_played":"-3524714290068033448","potions_obtained":[{"floor":5,"key":"hermit:Eclipse"},{"floor":6,"key":"bronze:BurnAndBuffPotion"},{"floor":7,"key":"Toxic Potion"},{"floor":14,"key":"hermit:Tonic"},{"floor":16,"key":"hexamod:SoulburnPotion"}],"is_trial":false,"path_per_floor":["M","?","?","?","M","M","M","R","T","M","E","M","$","M","R","B",null,"M","?","?","?","M","R","?","R","T","E"],"character_chosen":"HERMIT","items_purchased":[],"campfire_rested":1,"item_purchase_floors":[],"current_hp_per_floor":[64,64,64,64,53,44,40,40,40,40,24,24,24,24,46,14,75,48,1,1,1,1,1,1,1,1,0,0],"gold":703,"neow_bonus":"RANDOM_COLORLESS_2","is_daily":false,"chose_seed":false,"campfire_upgraded":3,"win_rate":0.0,"timestamp":1613761997,"path_taken":["M","?","?","?","M","M","M","R","T","M","E","M","$","?","R","BOSS","M","?","?","?","M","R","?","R","T","E"],"items_purchased_type":[],"build_version":"2020-12-22","purchased_purges":0,"victory":false,"max_hp_per_floor":[75,75,75,75,75,75,75,75,75,75,75,75,75,75,75,75,75,75,1,1,1,1,1,1,1,1,1,1],"card_choices":[{"not_picked":["ReplayTheSpireMod:Brewmster","Transmutation"],"picked":"Sadistic Nature","floor":0},{"not_picked":["hermit:Snipe","hermit:TakeCover"],"picked":"hermit:BodyArmor","floor":1},{"not_picked":["hermit:SprayPray","hermit:Maintenance"],"picked":"hermit:WideOpen","floor":5},{"not_picked":["hermit:Coalescence","hermit:Roulette"],"picked":"hermit:BodyArmor","floor":6},{"not_picked":["hermit:Showdown","hermit:TakeCover"],"picked":"hermit:Enervate","floor":7},{"not_picked":["hermit:Brawl","hermit:HoleUp"],"picked":"hermit:Virtue","floor":10},{"not_picked":["hermit:Maintenance","hermit:TakeCover"],"picked":"hermit:Virtue","floor":11},{"not_picked":["hermit:Quickdraw","hermit:CalledShot"],"picked":"hermit:Determination","floor":12},{"not_picked":["hermit:CalledShot","hermit:Vantage"],"picked":"hermit:WideOpen","floor":14},{"not_picked":["hermit:FinalCanter","hermit:Purgatory"],"picked":"hermit:EternalForm","floor":16},{"not_picked":["hermit:Grudge","hermit:Showdown"],"picked":"hermit:HighCaliber+1","floor":18},{"not_picked":["infinitespire:Punishment","infinitespire:Gouge"],"picked":"infinitespire:Execution","floor":21},{"not_picked":["hermit:TrackingShot","hermit:Headshot","hermit:TakeAim"],"picked":"SKIP","floor":22}],"player_experience":661904,"relics_obtained":[{"floor":9,"key":"MawBank"},{"floor":11,"key":"Happy Flower"},{"floor":26,"key":"Centennial Puzzle"}],"event_choices":[{"damage_healed":0,"gold_gain":175,"player_choice":"AGREE","damage_taken":0,"max_hp_gain":0,"max_hp_loss":0,"event_name":"Liars Game","floor":3,"gold_loss":0,"cards_obtained":["Doubt"]},{"damage_healed":0,"gold_gain":0,"player_choice":"Bought 0 Potions","damage_taken":0,"max_hp_gain":0,"max_hp_loss":0,"event_name":"The Woman in Blue","floor":4,"gold_loss":0},{"damage_healed":0,"gold_gain":0,"player_choice":"Ignored","damage_taken":0,"max_hp_gain":0,"max_hp_loss":0,"event_name":"Cursed Tome","floor":20,"gold_loss":0},{"damage_healed":0,"gold_gain":0,"player_choice":"Read","damage_taken":0,"max_hp_gain":0,"max_hp_loss":0,"event_name":"The Library","floor":24,"gold_loss":0,"cards_obtained":["hermit:GhostlyPresence"]}],"is_beta":false,"boss_relics":[{"not_picked":["reliquary:Ember","bronze:MakeshiftBattery"],"picked":"Black Star"}],"items_purged_floors":[],"is_endless":false,"potions_floor_spawned":[5,6,7,14,16],"killed_by":"Gremlin Leader","ascension_level":3}}