{"host":"o3b7ow6d1xe49css","time":1613726503,"event":{"mods":["Aspiration","BaseMod","Better Altar","Better Match","Better Note","Better Sensory Stone","Better Skull","Better Third Choice","Colored Powertips","Conspire","Energized Spire","Force Act Four","GifTheSpireLib","Halation","Hubris","Lobotomy","Minty Spire (QoL Compilation)","Relic Filter Mod","Reliquary","Replay The Spire","Spicy Shops","Spikes Relics","StSLib","Stuff the Spire","The Blue Laboratory","Together in Spire"],"gold_per_floor":[116,133,208,1,1,105,105,213,213,213,317,317,331,348,348,449,449,460,478,286,300,15,15,25,41,65,65,65,85,85,102,102,197,197,208,208,218,218,241,353,17,149,149,149,158,278,291,316,316,316,316,316,139,255,255],"floor_reached":56,"language":"ENG","playtime":2425,"items_purged":["Strike_R"],"score":1505,"play_id":"e545040b-68b0-47f8-8b26-b1dbfa119faf","local_time":"20210219002143","is_ascension_mode":false,"campfire_choices":[{"data":"Bash","floor":7,"key":"SMITH"},{"data":"Cleave","floor":10,"key":"SMITH"},{"data":"StuffTheSpire:Incineration","floor":12,"key":"SMITH"},{"data":"Uppercut","floor":15,"key":"SMITH"},{"data":"BarbarianYell","floor":23,"key":"SMITH"},{"floor":27,"key":"REST"},{"data":"Inflame","floor":30,"key":"SMITH"},{"floor":32,"key":"REST"},{"floor":44,"key":"RECALL"},{"data":"1","floor":49,"key":"LIFT"},{"data":"2","floor":52,"key":"LIFT"}],"circlet_count":0,"master_deck":["Strike_R+1","Strike_R+1","Strike_R","Defend_R","Defend_R","Defend_R+1","Defend_R+1","Bash+1","StuffTheSpire:Incineration+1","Cleave+1","Thunderclap","Anger","Uppercut+1","Offering","BarbarianYell+1","Inflame+1","Power Through","Reaper","True Grit","StuffTheSpire:BrainWave","ReplayTheSpireMod:Stacked+1"],"relics":["Burning Blood","aspiration:Nostalgia","Replay:M_SmolderingBlood","StuffTheSpire:TintedRock","StuffTheSpire:OldFever","reliquary:Buckler","The Courier","hubris:64BitClover","aspiration:SecretTechniqueScroll","reliquary:TridentHead","Singing Bowl","GiantMaggot","Busted Crown","CeramicFish","halation:AfternoonTea","White Beast Statue","Replay:Wax Seal","Girya","SnailShell","Replay:Rubber Ducky","Torii","Gremlin Food","Charon\u0027s Ashes","Strawberry","Simple Rune"],"acts_visited":["Exordium","TheCity","TheBeyond","TheEnding"],"potions_floor_usage":[8,11,18,21,24,40,55],"damage_taken":[{"damage":6,"enemies":"2 Louse","floor":1,"turns":2},{"damage":0,"enemies":"conspire:RoseBush","floor":2,"turns":1},{"damage":9,"enemies":"Replay:BlueRogue","floor":6,"turns":2},{"damage":9,"enemies":"3 Sentries","floor":8,"turns":3},{"damage":1,"enemies":"Replay:BlueRogue","floor":11,"turns":3},{"damage":0,"enemies":"Cultist","floor":13,"turns":1},{"damage":0,"enemies":"Exordium Wildlife","floor":14,"turns":1},{"damage":0,"enemies":"Slime Boss","floor":16,"turns":5},{"damage":11,"enemies":"2 Thieves","floor":18,"turns":2},{"damage":15,"enemies":"3 Byrds","floor":19,"turns":3},{"damage":18,"enemies":"3 Cultists","floor":21,"turns":4},{"damage":30,"enemies":"Snake Plant","floor":24,"turns":4},{"damage":6,"enemies":"conspire:HollyBat","floor":25,"turns":4},{"damage":23,"enemies":"Sentry and Sphere","floor":29,"turns":3},{"damage":17,"enemies":"Shelled Parasite and Fungi","floor":31,"turns":3},{"damage":27,"enemies":"Collector","floor":33,"turns":4},{"damage":38,"enemies":"3 Darklings","floor":35,"turns":2},{"damage":6,"enemies":"Orb Walker","floor":37,"turns":2},{"damage":18,"enemies":"Nemesis","floor":40,"turns":4},{"damage":4,"enemies":"R_Hoarder","floor":42,"turns":7},{"damage":0,"enemies":"Reptomancer","floor":46,"turns":3},{"damage":6,"enemies":"Writhing Mass","floor":47,"turns":3},{"damage":6,"enemies":"3 Darklings","floor":48,"turns":2},{"damage":14,"enemies":"Time Eater","floor":50,"turns":8},{"damage":26,"enemies":"Shield and Spear","floor":54,"turns":4},{"damage":41,"enemies":"The Heart","floor":55,"turns":6}],"seed_played":"3859981032453618124","potions_obtained":[{"floor":6,"key":"Block Potion"},{"floor":8,"key":"Weak Potion"},{"floor":11,"key":"SkillPotion"},{"floor":13,"key":"blueLaboratory:IronCompound"},{"floor":18,"key":"Flashbang"},{"floor":21,"key":"blueLaboratory:ForbiddenFruitJuice"},{"floor":25,"key":"blueLaboratory:BubblePotion"},{"floor":29,"key":"blueLaboratory:BottleOfRum"},{"floor":42,"key":"blueLaboratory:Moonshine"},{"floor":47,"key":"blueLaboratory:FrostheartPotion"},{"floor":48,"key":"blueLaboratory:RecallPotion"}],"is_trial":false,"path_per_floor":["M","M","?","$","?","E","R","E","T","R","E","R","M","M","R","B",null,"M","M","$","M","$","R","M","M","T","R","?","M","R","M","R","B",null,"M","?","M","T","T","E","$","E","T","R","?","E","M","M","R","B",null,"R","$","E","B",null],"character_chosen":"IRONCLAD","items_purchased":["StuffTheSpire:TintedRock","Energy Potion","reliquary:TridentHead","Inflame","Singing Bowl","Replay:Wax Seal","Girya","Power Through","Reaper","True Grit","Strawberry"],"campfire_rested":2,"item_purchase_floors":[4,4,20,22,22,41,41,41,41,41,53],"current_hp_per_floor":[80,80,69,69,69,66,66,63,63,63,68,68,74,80,80,80,80,75,66,66,54,54,54,32,34,34,59,59,44,44,35,61,42,90,92,87,89,89,89,91,91,93,93,93,84,86,88,88,88,88,88,88,95,93,80],"gold":255,"neow_bonus":"NOSTALGIA","is_daily":false,"chose_seed":false,"campfire_upgraded":6,"win_rate":0.0,"timestamp":1613726503,"path_taken":["M","M","?","$","?","E","R","E","T","R","E","R","M","M","R","BOSS","M","M","$","M","$","R","M","M","T","R","?","M","R","M","R","BOSS","M","?","M","?","?","E","$","E","T","R","?","E","M","?","R","BOSS","R","$","E","BOSS"],"items_purchased_type":["Relic","Potion","Relic","Card","Relic","Relic","Relic","Card","Card","Card","Relic"],"build_version":"2020-12-22","purchased_purges":1,"victory":true,"max_hp_per_floor":[80,80,80,80,80,80,80,80,80,80,80,80,80,80,80,80,80,80,80,80,80,80,80,82,84,84,84,84,86,86,88,88,90,90,92,87,89,89,89,91,91,93,93,93,84,86,88,88,88,88,88,88,95,97,97],"card_choices":[{"not_picked":["hubris:CleavingFinish","Sentinel"],"picked":"StuffTheSpire:Incineration","floor":1},{"not_picked":["ReachHeaven","Searing Blow"],"picked":"Cleave","floor":2},{"not_picked":["Flex","Clothesline","Disarm"],"picked":"SKIP","floor":6},{"not_picked":["Body Slam","Hemogenesis"],"picked":"Thunderclap","floor":8},{"not_picked":["Fire Breathing","Halt"],"picked":"Anger","floor":11},{"not_picked":["Life Link","ReplayTheSpireMod:Strike From Hell"],"picked":"Uppercut","floor":13},{"not_picked":["Reckless Charge","Exhume","CrushJoints"],"picked":"SKIP","floor":14},{"not_picked":["Eclipse","Berserk"],"picked":"Offering","floor":16},{"not_picked":["Thunderclap","Headbutt","Cleave"],"picked":"SKIP","floor":18},{"not_picked":["Infernal Blade","Body Slam"],"picked":"BarbarianYell","floor":19},{"not_picked":["Sever Soul","Headbutt","ReplayReversal"],"picked":"SKIP","floor":21},{"not_picked":["Thunderclap","Rampage","Whirlwind"],"picked":"Singing Bowl","floor":24},{"not_picked":["Flex","Bloodletting","StuffTheSpire:RockThrow"],"picked":"Singing Bowl","floor":25},{"not_picked":["Bloodletting+1","hubris:ReadiedAction+1","Barricade"],"picked":"Singing Bowl","floor":29},{"not_picked":["Flex","Spot Weakness","Fire Breathing"],"picked":"Singing Bowl","floor":31},{"not_picked":["Demonic Infusion","Juggernaut","Bludgeon"],"picked":"Singing Bowl","floor":33},{"not_picked":["Flex+1"],"picked":"Singing Bowl","floor":35},{"not_picked":["Iron Wave+1"],"picked":"Singing Bowl","floor":37},{"not_picked":["Clothesline+1"],"picked":"Singing Bowl","floor":40},{"not_picked":["Sever Soul"],"picked":"Singing Bowl","floor":42},{"not_picked":["Rampage+1"],"picked":"Singing Bowl","floor":46},{"not_picked":["conspire:Charge+1"],"picked":"Singing Bowl","floor":47},{"not_picked":[],"picked":"ReplayTheSpireMod:Stacked+1","floor":48},{"not_picked":["Thunderclap+1"],"picked":"Singing Bowl","floor":54}],"player_experience":1354095,"relics_obtained":[{"floor":6,"key":"StuffTheSpire:OldFever"},{"floor":8,"key":"reliquary:Buckler"},{"floor":9,"key":"The Courier"},{"floor":11,"key":"hubris:64BitClover"},{"floor":24,"key":"GiantMaggot"},{"floor":38,"key":"CeramicFish"},{"floor":39,"key":"halation:AfternoonTea"},{"floor":40,"key":"White Beast Statue"},{"floor":42,"key":"SnailShell"},{"floor":43,"key":"Replay:Rubber Ducky"},{"floor":46,"key":"Torii"},{"floor":47,"key":"Gremlin Food"},{"floor":54,"key":"Simple Rune"}],"event_choices":[{"damage_healed":0,"gold_gain":75,"player_choice":"Gold","damage_taken":11,"max_hp_gain":0,"max_hp_loss":0,"event_name":"betterThird:BetterGoop","floor":3,"gold_loss":0},{"cards_removed":["Strike_R"],"damage_healed":0,"gold_gain":0,"player_choice":"Purged","damage_taken":0,"max_hp_gain":0,"max_hp_loss":0,"event_name":"Purifier","floor":28,"gold_loss":0},{"damage_healed":0,"gold_gain":0,"player_choice":"Max HP","damage_taken":0,"max_hp_gain":0,"max_hp_loss":5,"event_name":"Winding Halls","floor":36,"gold_loss":0}],"is_beta":false,"boss_relics":[{"not_picked":["energizedSpire:HugeHouse","hubris:VirtuousBlindfold"],"picked":"aspiration:SecretTechniqueScroll"},{"not_picked":["Velvet Choker","Empty Cage"],"picked":"Busted Crown"}],"items_purged_floors":[53],"is_endless":false,"potions_floor_spawned":[6,8,11,13,16,18,21,25,29,33,35,42,46,47,48,54],"ascension_level":0}}