{"host":"l85rtarfuh0ld3b1","time":1613730520,"event":{"mods":["Act Like it!","BaseMod","BetterRewards","CapriCore","Decade(王小明)","Gensokyo","KinomotoSakuraMod(木之本樱)","Koishi","Marisa（F雨　魔理沙）","Minty Spire (QoL Compilation)","Permanent Neow","Reimu（博丽灵梦）","Remilia（蕾米莉亚）","Shop Mod","StSLib","TestMod","The Administrix","The Immortal","The Servant 0.9.4","WarShipGirlsR/战舰少女R mod","Yakumo Yukari mod"],"gold_per_floor":[118,126,134,151,13,42,42,42,64,82,136,136,165,160,160,254,254,277,285,298,248,248,248,270,459,459,226,226,226,262,511,511,619,619,632,632,592,604,621,655,870,904,929,929,955,601,601,407,407,407,407,407,279,306,605],"floor_reached":56,"language":"ZHS","playtime":2818,"items_purged":["rmod:strick","rmod:strick","rmod:strick","rmod:defend","rmod:defend","rmod:defend","rmod:defend","rmod:strick","rmod:maingunfire","rmod:fletcherpendant","rmod:fletcherpendant","rmod:royalracing","rmod:fletcherpendant+1","rmod:goodsister","rmod:tearstotiara+1","rmod:expedition","rmod:ridicule","rmod:circuitoustactics","rmod:lonelyqueen","Pain","rmod:mineteam+1"],"score":2287,"play_id":"3c1acd0c-dd51-4ffa-8a68-b3b671432ec3","local_time":"20210219182840","is_ascension_mode":true,"campfire_choices":[{"data":"rmod:abidefaith","floor":7.0,"key":"SMITH"},{"data":"rmod:expedition+1","floor":12.0,"key":"SMITH"},{"data":"rmod:expedition+2","floor":15.0,"key":"SMITH"},{"floor":23,"key":"RECALL"},{"data":"1","floor":29,"key":"LIFT"},{"data":"2","floor":32,"key":"LIFT"},{"data":"3","floor":47,"key":"LIFT"},{"floor":49,"key":"REST"},{"floor":52,"key":"REST"}],"circlet_count":0,"master_deck":["rmod:basicallowance+1","rmod:sl+1","rmod:fletcherpendant+1","rmod:fletcherpendant+1","rmod:fletcherpendant+1","rmod:abidefaith+1","rmod:fletcherpendant+1","rmod:salvage+1","rmod:fletcherpendant+1","rmod:generalist+1","rmod:fletcherpendant+1","rmod:fletcherpendant+1","rmod:fletcherpendant+1","rmod:goodsister+1","rmod:expedition+3","rmod:ridicule+1","rmod:fletcherpendant+1","rmod:circuitoustactics+1","rmod:wife+1","rmod:ridicule+1","rmod:ridicule+1","rmod:fletcher+1","ButterflyHabitatTemple_purple+1","rmod:lonelyqueen+1","rmod:fletcherpendant+1","Gensokyo:CrescentMoonSlash+1","rmod:fletcherpendant+1","VampireKiss+1","BloodHunter+1","rmod:ridicule+1","Finesse+1","Panache+1","rmod:fletcherpendant+1","rmod:fletcherpendant+1","Gensokyo:TarnishedGold","Gensokyo:ScrapIron","Orbital+1","testmod-Recap+1"],"relics":["rmod:firstchargereward","testmod-TestBox","testmod-RealStoneCalender","MerchantsRug","Membership Card","Prayer Wheel","Frozen Eye","Mastiff:ReiMu","Chemical X","Molten Egg 2","Medical Kit","Juzu Bracelet","Girya","ClockworkSouvenir","Du-Vu Doll","PrismaticShard","testmod-Charity","Blue Candle","Question Card","White Beast Statue","CeramicFish","testmod-CyclicPeriapt","Frozen Egg 2","Toxic Egg 2","Singing Bowl","Bottled Tornado","Tiny Chest","Unceasing Top","testmod-ConstraintPeriapt","Darkstone Periapt","AntiCross","testmod-HeartOfDaVinci","Gensokyo:LunaticRedEyes","Happy Flower","Gensokyo:CelestialsFlawlessClothing","Omamori","Bag of Preparation","testmod-AssaultLearning","Akabeko","rmod:extraamm","SlaversCollar","Gensokyo:ChorusOfJoy","Toy Ornithopter","Ornamental Fan","HandDrill","KSMOD_RollerSkates","testmod-IncinerationGenerator","testmod-Nyarlathotep","AdministrixMod:CrackedTaijitu","testmod-BouquetWithThorns","testmod-IndustrialRevolution","Blood Vial","Vajra","CrazyTorch:ReiMu","Sling","HornCleat","SimpleLauncher","Incense Burner"],"acts_visited":["Gensokyo:Gensokyo","Gensokyo:Gensokyoer","Gensokyo:Gensokyoest","TheEnding"],"potions_floor_usage":[55],"damage_taken":[{"damage":0.0,"enemies":"Gensokyo:Gryphon","floor":1.0,"turns":1.0},{"damage":3.0,"enemies":"Gensokyo:2_Kodama","floor":4.0,"turns":1.0},{"damage":2.0,"enemies":"Gensokyo:Aya","floor":6.0,"turns":1.0},{"damage":5.0,"enemies":"Gensokyo:3_Fairies","floor":10.0,"turns":2.0},{"damage":1.0,"enemies":"Gensokyo:Mamizou","floor":13.0,"turns":1.0},{"damage":1.0,"enemies":"Gensokyo:Reimu","floor":16.0,"turns":1.0},{"damage":0,"enemies":"Gensokyo:2_Gloops","floor":18,"turns":1},{"damage":0,"enemies":"Gensokyo:3_Dogs","floor":20,"turns":1},{"damage":2,"enemies":"Gensokyo:Wraith","floor":24,"turns":2},{"damage":1,"enemies":"Gensokyo:Eiki","floor":33,"turns":1},{"damage":0,"enemies":"Gensokyo:3_Boulders","floor":35,"turns":1},{"damage":0,"enemies":"Gensokyo:3_Bats","floor":38,"turns":1},{"damage":0,"enemies":"Gensokyo:Sharpion","floor":39,"turns":1},{"damage":0,"enemies":"Gensokyo:Marisa","floor":40,"turns":1},{"damage":0,"enemies":"Gensokyo:4_Bats","floor":41,"turns":1},{"damage":0,"enemies":"Gensokyo:Doremy","floor":42,"turns":1},{"damage":0,"enemies":"Gensokyo:Rafflesia","floor":45,"turns":1},{"damage":0,"enemies":"Gensokyo:Shinki","floor":50,"turns":3},{"damage":0,"enemies":"Shield and Spear","floor":54,"turns":1},{"damage":1,"enemies":"The Heart","floor":55,"turns":3}],"seed_played":"-482218833976770408","potions_obtained":[{"floor":0.0,"key":"MagicPotion:ReiMu"},{"floor":0.0,"key":"CultistPotion"},{"floor":0.0,"key":"CultistPotion"},{"floor":0.0,"key":"Block Potion"},{"floor":0.0,"key":"Weak Potion"},{"floor":0.0,"key":"MagicPotion:ReiMu"},{"floor":0.0,"key":"CultistPotion"},{"floor":0.0,"key":"CultistPotion"},{"floor":0.0,"key":"Block Potion"},{"floor":0.0,"key":"Weak Potion"},{"floor":1.0,"key":"ZuzhouPotion:ReiMu"},{"floor":4.0,"key":"Energy Potion"},{"floor":6.0,"key":"Energy Potion"},{"floor":10.0,"key":"PowerPotion"},{"floor":13.0,"key":"Regen Potion"},{"floor":16.0,"key":"FearPotion"},{"floor":18,"key":"PowerPotion"},{"floor":20,"key":"DistilledChaos"},{"floor":24,"key":"ColorlessPotion"},{"floor":33,"key":"GrandPatriotsElixir:ReiMu"},{"floor":35,"key":"Strength Potion"},{"floor":38,"key":"AttackPotion"},{"floor":39,"key":"Strength Potion"},{"floor":40,"key":"PowerPotion"},{"floor":41,"key":"Dexterity Potion"},{"floor":42,"key":"Swift Potion"},{"floor":45,"key":"SpeedPotion"},{"floor":54,"key":"SpeedPotion"}],"is_trial":false,"path_per_floor":["M","?","?","M","COS","E","R","?","T","M","T","R","E","$","R","B",null,"M","?","M","?","?","R","M","$","T","COS","T","R","$","?","R","B",null,"M","?","?","M","M","E","M","E","T","T","M","$","R","COS","R","B",null,"R","$","E","B",null],"character_chosen":"PRAEFECT","items_purchased":["MerchantsRug","rmod:sl","rmod:expedition","Membership Card","Prayer Wheel","rmod:fletcherpendant","EntropicBrew","Frozen Eye","rmod:goodsister","Mastiff:ReiMu","Strawberry","Lee\u0027s Waffle","Chemical X","rmod:fletcherpendant","Molten Egg 2","rmod:fletcherpendant+1","rmod:fletcherpendant+1","rmod:fletcherpendant+1","rmod:fletcherpendant+1","Medical Kit","testmod-SpacePotion","Juzu Bracelet","Girya","ClockworkSouvenir","War Paint","Du-Vu Doll","rmod:tearstotiara+1","PrismaticShard","rmod:ridicule","testmod-Charity","rmod:abidefaith","rmod:royalracing","rmod:circuitoustactics","Blue Candle","Question Card","DollysMirror","rmod:salvage+1","White Beast Statue","rmod:fletcherpendant+1","Calipers","rmod:generalist+1","rmod:fletcherpendant+1","CeramicFish","rmod:fletcherpendant+1","rmod:fletcherpendant+1","Bottled Lightning","testmod-CyclicPeriapt","Frozen Egg 2","rmod:goodsister+1","rmod:expedition+1","Bottled Flame","rmod:lonelyqueen","Matryoshka","Toxic Egg 2","Singing Bowl","testmod-SpacePotion","Cauldron","Fruit Juice","Bottled Tornado","Tiny Chest","Unceasing Top","testmod-ConstraintPeriapt","Darkstone Periapt","Fruit Juice","Fruit Juice","testmod-SpacePotion","Orrery","Fruit Juice","AntiCross","EntropicBrew","Pear","Mango","rmod:ridicule+1","testmod-SpacePotion","rmod:fletcherpendant+1","rmod:circuitoustactics+1","rmod:wife+1","EntropicBrew","testmod-SpacePotion","EntropicBrew","testmod-SpacePotion","testmod-SpacePotion","rmod:ridicule+1","rmod:ridicule+1","EntropicBrew","Fruit Juice","Fruit Juice","rmod:fletcher+1","testmod-HeartOfDaVinci","TheEssenceOfRealm","rmod:lonelyqueen+1","rmod:extraamm","EntropicBrew","rmod:ridicule+1","rmod:fletcherpendant+1","Finesse+1","Sling","HornCleat","testmod-Recap+1","Block Potion","Strength Potion"],"campfire_rested":2,"item_purchase_floors":[0,0,0,0,0,0,0,0,0,0,0,0,0,0,0,0,0,0,0,0,0,0,0,0,0,0,0,0,0,0,0,0,0,0,0,0,0,0,0,0,0,0,0,0,0,0,0,0,0,0,0,0,0,0,0,0,0,0,0,0,0,0,0,0,0,0,0,0,0,0,0,0,0,0,0,0,0,0,0,0,0,0,0,0,0,0,0,0,0,0,0,14,14,25,25,30,46,46,53,53,53],"current_hp_per_floor":[222,229,196,199,202,203,203,143,144,143,144,144,146,163,163,185,271,275,276,281,288,288,288,293,302,302,305,305,305,307,308,308,311,311,316,190,200,205,210,214,220,234,235,235,259,267,267,271,368,368,368,368,369,372,373],"gold":605,"neow_bonus":"","is_daily":false,"chose_seed":false,"campfire_upgraded":3,"win_rate":0.0,"timestamp":1613730520,"path_taken":["M","?","?","M","COS","E","R","?","T","M","?","R","E","$","R","BOSS","M","?","M","?","?","R","M","$","T","COS","?","R","$","?","R","BOSS","M","?","?","M","M","E","M","E","T","?","M","$","R","COS","R","BOSS","R","$","E","BOSS"],"items_purchased_type":["Relic","Card","Card","Relic","Relic","Card","Potion","Relic","Card","Relic","Relic","Relic","Relic","Card","Relic","Card","Card","Card","Card","Relic","Potion","Relic","Relic","Relic","Relic","Relic","Card","Relic","Card","Relic","Card","Card","Card","Relic","Relic","Relic","Card","Relic","Card","Relic","Card","Card","Relic","Card","Card","Relic","Relic","Relic","Card","Card","Relic","Card","Relic","Relic","Relic","Potion","Relic","Potion","Relic","Relic","Relic","Relic","Relic","Potion","Potion","Potion","Relic","Potion","Relic","Potion","Relic","Relic","Card","Potion","Card","Card","Card","Potion","Potion","Potion","Potion","Potion","Card","Card","Potion","Potion","Potion","Card","Relic","Relic","Card","Relic","Potion","Card","Card","Card","Relic","Relic","Card","Potion","Potion"],"build_version":"2020-12-22","purchased_purges":21,"victory":true,"max_hp_per_floor":[222,229,230,236,239,242,242,242,243,247,248,248,251,268,268,271,271,275,276,281,288,288,288,294,303,303,306,306,306,308,309,309,311,311,316,316,326,331,336,339,345,349,350,350,356,364,364,368,368,368,368,368,369,372,373],"card_choices":[{"not_picked":["testmod-BackupPower+1","Decade_Defend2+1","StarOfDavid+1","FormRideStorm+1"],"picked":"Singing Bowl","floor":0.0},{"not_picked":["AdministrixMod:HaveItAll+1","Headbutt+1","CutThroughFate+1","Dark Shackles+1"],"picked":"Singing Bowl","floor":0.0},{"not_picked":["Blizzard+1","MokouMod:ControlledCombustion+1","AdministrixMod:RegentEdict+1","ClowCardTheSnow+1"],"picked":"Singing Bowl","floor":0.0},{"not_picked":["Bait_HighSpeedFlying_purple+1","FastForward+1","Boundary_LightAndDark_purple+1","KamenRideDecade+1"],"picked":"Singing Bowl","floor":0.0},{"not_picked":["Blade_Metal+1","Yakumo_Ran_purple+1","Sword Boomerang+1","DenO_Sword+1"],"picked":"Singing Bowl","floor":0.0},{"not_picked":["SpreadBorder2:ReiMu+1","Wireheading+1","UnderTheZenith+1","MokouMod:HeatFactory+1"],"picked":"Singing Bowl","floor":1.0},{"not_picked":["LuminesStrike+1","AdministrixMod:BloodlessSapphire+1","Reflex+1","DenO_Ax+1"],"picked":"Singing Bowl","floor":1.0},{"not_picked":["MokouMod:IcarusDive+1","UnarmedAttack5+1","rmod:luckystar+1","CareerPray:ReiMu+1"],"picked":"Singing Bowl","floor":4.0},{"not_picked":["Mirror_FormAndEmptin_purple+1","Finisher+1","AdministrixMod:Transition+1","RunawayExorcism:ReiMu+1"],"picked":"Singing Bowl","floor":4.0},{"not_picked":["GalacticHalo+1","Evaluate+1","Chaos+1","UnderTheZenith+1"],"picked":"Singing Bowl","floor":6.0},{"not_picked":["AdministrixMod:CenturiesAscent+1","Ball Lightning+1","testmod-LifeRuler+1","Nirvana+1"],"picked":"Singing Bowl","floor":10.0},{"not_picked":["Leap+1","MeetDecomposer_purple+1","FormRideBasshaa+1"],"picked":"VampireKiss+1","floor":10.0},{"not_picked":["MokouMod:RetainTemperature+1","MokouMod:EnchantingBambooForest+1","Self Repair+1","WasteNot+1"],"picked":"Singing Bowl","floor":13.0},{"not_picked":["Meteor Strike+1","Koishi:PerfectMindControl+1","LightFlow+1","Koishi:Heartbroken+1"],"picked":"Singing Bowl","floor":16.0},{"not_picked":["DenO_Gun+1","RideBooker_Skill_1+1","Dodge and Roll+1","ClowCardTheGlow+1"],"picked":"Singing Bowl","floor":18},{"not_picked":["Quick Slash+1","Boundary_DreamRealityDamnation_purple+1","AdministrixMod:LightOfYourLife+1"],"picked":"BloodHunter+1","floor":18},{"not_picked":["Barrage+1","Tools of the Trade+1","EmptyMind+1","MokouMod:ResonanceReactor+1"],"picked":"Singing Bowl","floor":20},{"not_picked":["MokouMod:UncontrollableSolarReaction+1","Prostrate+1","MokouMod:IgnitionBlast+1","Choke+1"],"picked":"Singing Bowl","floor":20},{"not_picked":["Leg Sweep+1","ChainGang+1","rmod:goodsister+1","AdministrixMod:ImmortalPurity+1"],"picked":"Singing Bowl","floor":24},{"not_picked":["Mirror_Drifter_purple+1","MokouMod:Combust+1","ClowCardTheShot+1","MokouMod:EternalBurstReactor+1"],"picked":"Singing Bowl","floor":24},{"not_picked":["MasterReality+1","testmod-ChaoticCore+1","DependentForm:ReiMu+1"],"picked":"Panache+1","floor":33},{"not_picked":["AdministrixMod:DiversionaryTactic+1","FlurryOfBlows+1","DenO_Rod+1","Armaments+1"],"picked":"Singing Bowl","floor":35},{"not_picked":["ScarletNetherworld+1","Barrage+1","ClowCardTheLock+1","Acrobatics+1"],"picked":"Singing Bowl","floor":35},{"not_picked":["rmod:robin"],"picked":"Singing Bowl","floor":37},{"not_picked":["rmod:unsinkable"],"picked":"Singing Bowl","floor":37},{"not_picked":["rmod:shuttlebombing"],"picked":"Singing Bowl","floor":37},{"not_picked":["rmod:firesupport"],"picked":"Singing Bowl","floor":37},{"not_picked":["rmod:auspiciousomen"],"picked":"Singing Bowl","floor":37},{"not_picked":["Koishi:DanmakuParanoia+1","Distraction+1","Caltrops+1","Amulet:ReiMu+1"],"picked":"Singing Bowl","floor":38},{"not_picked":["BowlingBash+1","FormRideStorm+1","Mirror_FourBoundary_purple+1","AdvanceAttack_purple+1"],"picked":"Singing Bowl","floor":38},{"not_picked":["ClowCardTheFirey+1","Evaluate+1","Trip+1","Acceleration+1"],"picked":"Singing Bowl","floor":39},{"not_picked":["MokouMod:Firecracker+1","GalacticHalo+1","Cleave+1","Havoc+1"],"picked":"Singing Bowl","floor":39},{"not_picked":["TrueSight+1","MokouMod:Trailblazer+1","rmod:spoils+1","testmod-AdversityCounterattack+1"],"picked":"Singing Bowl","floor":40},{"not_picked":["Anti_communist_purple+1","Flex+1","Worldmountain_purple+1","AdministrixMod:UnstableVigor+1"],"picked":"Singing Bowl","floor":41},{"not_picked":["SealNeedle:ReiMu+1","White Noise+1","Dagger Spray+1","Catalyst+1"],"picked":"Singing Bowl","floor":41},{"not_picked":["TimeWarp+1","Electrodynamics+1","Prostrate+1","Bouncing Flask+1"],"picked":"Singing Bowl","floor":42},{"not_picked":["UnstableMagic+1","Intimidate+1","UnarmedAttack8+1","MokouMod:HeatCyclone+1"],"picked":"Singing Bowl","floor":45},{"not_picked":["SpreadBorder2:ReiMu+1","Cloak And Dagger+1","DragShield","FormRide+1"],"picked":"Singing Bowl","floor":45},{"not_picked":["Crescendo+1","FantasyMoon:ReiMu+1","ClowCardTheDream+1","Koishi:CatchAndRose+1"],"picked":"Singing Bowl","floor":54}],"player_experience":637890,"relics_obtained":[{"floor":6.0,"key":"Happy Flower"},{"floor":9.0,"key":"Omamori"},{"floor":9.0,"key":"Oddly Smooth Stone"},{"floor":11.0,"key":"testmod-AssaultLearning"},{"floor":13.0,"key":"Akabeko"},{"floor":26,"key":"Ornamental Fan"},{"floor":28,"key":"Dead Branch"},{"floor":33,"key":"KSMOD_RollerSkates"},{"floor":40,"key":"testmod-BouquetWithThorns"},{"floor":42,"key":"Blood Vial"},{"floor":43,"key":"Vajra"},{"floor":44,"key":"CrazyTorch:ReiMu"},{"floor":54,"key":"Incense Burner"}],"event_choices":[],"is_beta":false,"boss_relics":[{"not_picked":["testmod-Recursion","Sozu"],"picked":"SlaversCollar"},{"not_picked":["Seventeenyearold_girl_Forever","Runic Dome"],"picked":"testmod-IncinerationGenerator"}],"items_purged_floors":[0,0,0,0,0,0,0,0,0,0,0,0,0,0,0,0,0,0,0,14,46],"is_endless":false,"potions_floor_spawned":[1,4,6,10,13,16,18,20,24,33,35,38,39,40,41,42,45,54],"ascension_level":4}}