{"host":"5ob2rl967gmq8n3v","time":1613744234,"event":{"mods":["BaseMod","Downfall","Minty Spire (QoL Compilation)","StSLib"],"gold_per_floor":[99,99,99,99,99,124,148,174,174,194,220,230,30,41,54,154,154,154,168,168,216,216,99,99,16,16,47,47,247,285,321,340,470,470,370,395,468,505,505,195,195,195,215,261,288,288,288,288],"floor_reached":46,"language":"ENG","playtime":3463,"items_purged":["sneckomod:Strike","downfall:Haunted"],"score":681,"play_id":"75a0bc2f-2354-4b27-86fa-605fbc739cfa","local_time":"20210220001714","is_ascension_mode":true,"campfire_choices":[{"floor":1,"key":"RECALL"},{"floor":13,"key":"REST"},{"data":"sneckomod:UnknownRareAttack","floor":18,"key":"SMITH"},{"data":"sneckomod:Unknown3Cost","floor":26,"key":"SMITH"},{"data":"sneckomod:GlitteringGambit","floor":28,"key":"SMITH"}],"circlet_count":0,"master_deck":["sneckomod:Defend","sneckomod:Defend","sneckomod:Defend","sneckomod:TailWhip","sneckomod:SnekBite","sneckomod:Unknown","sneckomod:Unknown+1","sneckomod:UnknownBlock","sneckomod:WideSting","sneckomod:Unknown3Cost+1","sneckomod:Nope","sneckomod:WideSting","sneckomod:SnekBeam","sneckomod:TrashToTreasure","sneckomod:QuickBite","sneckomod:UnknownRareAttack+1","sneckomod:Memorize+1","sneckomod:UnknownUncommonPower","sneckomod:UnknownWeak","sneckomod:DiceBlock","sneckomod:UnknownUncommonPower","sneckomod:UnknownRareAttack","sneckomod:GlitteringGambit+1","sneckomod:ImprovisedGuard+1","sneckomod:QuickBite","sneckomod:UnknownDexterity","sneckomod:Transmogrify","bronze:Fortify+1","sneckomod:UnknownDraw+1","expansioncontent:AwakenDeath","expansioncontent:LastStand","expansioncontent:PrepareCrush","Apotheosis","Doubt","Parasite","sneckomod:QuickBite"],"relics":["sneckomod:SneckoSoul","downfall:HeartsMalice","downfall:ShatteredFragment","War Paint","Smiling Mask","Calipers","downfall:HeartBlessingGreen","downfall:HeartBlessingRed","expansioncontent:StudyCardRelic","Pantograph","Centennial Puzzle","Busted Crown","downfall:HeartBlessingBlue","Unceasing Top","Pocketwatch","Sundial","Regal Pillow","Guardian:PocketSentry","Guardian:GemstoneGun","OrangePellets"],"acts_visited":["Exordium","TheCity","TheBeyond"],"potions_floor_usage":[16,23,27,31,33,46,46],"damage_taken":[{"damage":0,"enemies":"2 Louse","floor":2,"turns":1},{"damage":0,"enemies":"Jaw Worm","floor":5,"turns":1},{"damage":0,"enemies":"Lagavulin","floor":6,"turns":1},{"damage":5,"enemies":"3 Sentries","floor":8,"turns":4},{"damage":0,"enemies":"Cultist","floor":10,"turns":4},{"damage":18,"enemies":"Lagavulin","floor":11,"turns":5},{"damage":0,"enemies":"2 Fungi Beasts","floor":12,"turns":2},{"damage":6,"enemies":"Exordium Wildlife","floor":14,"turns":3},{"damage":0,"enemies":"Large Slime","floor":15,"turns":4},{"damage":14,"enemies":"SI_SHIV_ARCHETYPE","floor":16,"turns":8},{"damage":0,"enemies":"Spheric Guardian","floor":19,"turns":2},{"damage":5,"enemies":"downfall:FleeingMerchant","floor":23,"turns":4},{"damage":0,"enemies":"downfall:FleeingMerchant","floor":25,"turns":4},{"damage":7,"enemies":"Book of Stabbing","floor":27,"turns":5},{"damage":43,"enemies":"Gremlin Leader","floor":30,"turns":6},{"damage":2,"enemies":"Shell Parasite","floor":31,"turns":5},{"damage":0,"enemies":"Shelled Parasite and Fungi","floor":32,"turns":4},{"damage":38,"enemies":"WA_ARCHETYPE_CALM","floor":33,"turns":10},{"damage":14,"enemies":"3 Shapes","floor":36,"turns":4},{"damage":34,"enemies":"2 Orb Walkers","floor":37,"turns":5},{"damage":8,"enemies":"Orb Walker","floor":38,"turns":3},{"damage":0,"enemies":"downfall:FleeingMerchant","floor":40,"turns":2},{"damage":60,"enemies":"Writhing Mass","floor":43,"turns":6},{"damage":62,"enemies":"Giant Head","floor":44,"turns":9},{"damage":10,"enemies":"Maw","floor":45,"turns":6},{"damage":32,"enemies":"Reptomancer","floor":46,"turns":2}],"seed_played":"-2140178830142772754","potions_obtained":[{"floor":6,"key":"BlessingOfTheForge"},{"floor":8,"key":"Swift Potion"},{"floor":14,"key":"LiquidBronze"},{"floor":16,"key":"ColorlessPotion"},{"floor":27,"key":"FairyPotion"},{"floor":30,"key":"PowerPotion"},{"floor":32,"key":"GamblersBrew"},{"floor":36,"key":"Ancient Potion"},{"floor":37,"key":"SteroidPotion"},{"floor":44,"key":"champ:CounterPotion"},{"floor":45,"key":"Guardian:BlockOnCardUsePotion"}],"is_trial":false,"path_per_floor":["R","M","?","?","M","E","T","E","?","M","E","M","R","M","M","B",null,"R","M","?","T","?","$","T","$","R","E","R","?","E","M","M","B",null,"R","M","?","M","?","$","T","?","M","E","M","E"],"character_chosen":"THE_SNECKO","items_purchased":["sneckomod:DiceBlock","sneckomod:UnknownRareAttack","OrangePellets","Apotheosis","Pocketwatch"],"campfire_rested":1,"item_purchase_floors":[23,25,40,40,40],"current_hp_per_floor":[90,90,90,69,69,69,69,64,64,64,46,46,88,82,82,68,90,90,90,90,90,72,67,67,67,67,60,60,60,17,15,15,2,95,105,91,57,49,39,39,39,105,45,31,21,0,0,0],"gold":288,"neow_bonus":"THREE_ENEMY_KILL","is_daily":false,"chose_seed":false,"campfire_upgraded":3,"win_rate":0.0,"timestamp":1613744234,"path_taken":["R","M","?","?","M","E","T","E","?","M","E","?","R","M","M","BOSS","R","M","?","?","?","?","T","$","R","E","R","?","E","?","M","BOSS","R","M","?","M","?","$","T","?","M","E","M","E"],"items_purchased_type":["Card","Card","Relic","Card","Relic"],"build_version":"2020-12-22","purchased_purges":2,"victory":false,"max_hp_per_floor":[90,90,90,90,90,90,90,90,90,90,90,90,90,90,90,90,90,90,90,90,90,95,95,95,95,95,95,95,95,95,95,95,95,95,105,105,105,105,105,105,105,105,105,105,105,105,105,105],"card_choices":[{"not_picked":["sneckomod:UnknownCommonAttack","sneckomod:SoulRoll"],"picked":"sneckomod:UnknownDexterity","floor":2},{"not_picked":["sneckomod:QuickMove","sneckomod:Nope"],"picked":"sneckomod:UnknownBlock","floor":5},{"not_picked":["sneckomod:UnknownStrike","sneckomod:UnknownBlock"],"picked":"sneckomod:WideSting","floor":6},{"not_picked":["sneckomod:UnendingSupply","sneckomod:DiceBlock"],"picked":"sneckomod:Unknown3Cost","floor":8},{"not_picked":["sneckomod:UnknownDraw","sneckomod:UnknownCommonSkill"],"picked":"sneckomod:WideSting","floor":10},{"not_picked":["sneckomod:PureSnecko","sneckomod:SoulDraw"],"picked":"sneckomod:SnekBeam","floor":11},{"not_picked":["sneckomod:Memorize","sneckomod:UnknownCommonAttack"],"picked":"sneckomod:TrashToTreasure","floor":12},{"not_picked":["sneckomod:QuickMove","sneckomod:UnknownDraw"],"picked":"sneckomod:QuickBite","floor":14},{"not_picked":["sneckomod:WideSting","sneckomod:DangerNoodle","sneckomod:UnknownVulnerable"],"picked":"SKIP","floor":15},{"not_picked":["sneckomod:SoulExchange","sneckomod:Transmogrify"],"picked":"sneckomod:UnknownRareAttack","floor":16},{"not_picked":["sneckomod:UnknownClassTHE_BRONZE_AUTOMATON","sneckomod:UnknownCommonSkill"],"picked":"sneckomod:Memorize+1","floor":19},{"not_picked":["sneckomod:UnknownClassTHE_CHAMP_GRAY","sneckomod:Unknown1Cost"],"picked":"sneckomod:UnknownWeak","floor":23},{"not_picked":["sneckomod:UnknownClassGREEN","sneckomod:IronFang"],"picked":"sneckomod:UnknownUncommonPower","floor":25},{"not_picked":["sneckomod:Rotation","sneckomod:MixItUp"],"picked":"sneckomod:GlitteringGambit","floor":27},{"not_picked":["sneckomod:SnakeSap","sneckomod:UnknownUncommonPower+1"],"picked":"sneckomod:ImprovisedGuard+1","floor":30},{"not_picked":["sneckomod:DiceBoulder","sneckomod:RainOfDice"],"picked":"sneckomod:QuickBite","floor":31},{"not_picked":["sneckomod:UnknownDraw+1","sneckomod:CheapStock"],"picked":"sneckomod:UnknownDexterity","floor":32},{"not_picked":["sneckomod:Restock","sneckomod:UnknownBoss"],"picked":"sneckomod:Transmogrify","floor":33},{"not_picked":["sneckomod:DiceBoulder"],"picked":"SKIP","floor":36},{"not_picked":[],"picked":"sneckomod:UnknownDraw+1","floor":38},{"not_picked":["expansioncontent:PolyBeam","expansioncontent:HyperBeam"],"picked":"expansioncontent:AwakenDeath","floor":39},{"not_picked":["expansioncontent:Hexaburn","expansioncontent:YouAreMine"],"picked":"expansioncontent:LastStand","floor":39},{"not_picked":["expansioncontent:HyperBeam","expansioncontent:Chronoboost"],"picked":"expansioncontent:PrepareCrush","floor":39},{"not_picked":["sneckomod:IronFang"],"picked":"SKIP","floor":40},{"not_picked":["sneckomod:UnknownCommonAttack+1"],"picked":"SKIP","floor":43},{"not_picked":[],"picked":"sneckomod:QuickBite","floor":44},{"not_picked":["sneckomod:WideSting"],"picked":"SKIP","floor":45}],"player_experience":1577463,"relics_obtained":[{"floor":6,"key":"Regal Pillow"},{"floor":7,"key":"War Paint"},{"floor":8,"key":"Smiling Mask"},{"floor":11,"key":"Calipers"},{"floor":24,"key":"Pantograph"},{"floor":27,"key":"Akabeko"},{"floor":30,"key":"Centennial Puzzle"},{"floor":37,"key":"Unceasing Top"},{"floor":41,"key":"Sundial"},{"floor":43,"key":"Regal Pillow"},{"floor":44,"key":"Guardian:PocketSentry"},{"floor":44,"key":"Guardian:GemstoneGun"},{"floor":45,"key":"OrangePellets"}],"event_choices":[{"damage_healed":0,"gold_gain":0,"player_choice":"Read","damage_taken":0,"max_hp_gain":0,"max_hp_loss":0,"event_name":"The Library","floor":20,"gold_loss":0,"cards_obtained":["sneckomod:UnknownUncommonPower"]},{"damage_healed":0,"gold_gain":0,"player_choice":"Fight","damage_taken":0,"max_hp_gain":0,"max_hp_loss":0,"event_name":"Mysterious Sphere","floor":37,"gold_loss":0}],"is_beta":false,"boss_relics":[{"not_picked":["Coffee Dripper","Fusion Hammer"],"picked":"expansioncontent:StudyCardRelic"},{"not_picked":["sneckomod:SneckoBoss","Astrolabe"],"picked":"Busted Crown"}],"items_purged_floors":[23,40],"is_endless":false,"potions_floor_spawned":[6,8,14,16,27,30,32,36,37,44,45],"killed_by":"Reptomancer","ascension_level":3}}