{"host":"ocllwaoi18j60ltd","time":1613714675,"event":{"mods":["BaseMod","DeckTracker","Minty Spire (QoL Compilation)","Permanent Neow","Quick Restart","StSLib","SuperFastMode"],"gold_per_floor":[119,136,146,146,71,71,92,106,106,106,131,186,513,525,525,525,525],"floor_reached":16,"language":"KOR","playtime":423,"items_purged":[],"score":270,"play_id":"3f632705-816a-4d2b-bc5f-725a82ddb38d","local_time":"20210219150435","is_ascension_mode":true,"campfire_choices":[{"data":"Go for the Eyes","floor":6.0,"key":"SMITH"},{"data":"Coolheaded","floor":10.0,"key":"SMITH"},{"data":"Gash","floor":15,"key":"SMITH"}],"circlet_count":0,"master_deck":["AscendersBane","Strike_B","Defend_B","Defend_B","Defend_B","Defend_B","Zap","Dualcast+1","Coolheaded+1","Electrodynamics+1","Barrage","Go for the Eyes+1","BootSequence","Gash+1","Conserve Battery"],"relics":["Cracked Core","Odd Mushroom","Pear","Lantern","Strawberry","Old Coin"],"acts_visited":["Exordium"],"potions_floor_usage":[11,12,13,16],"damage_taken":[{"damage":2.0,"enemies":"Jaw Worm","floor":1.0,"turns":3.0},{"damage":0.0,"enemies":"Small Slimes","floor":2.0,"turns":2.0},{"damage":0.0,"enemies":"2 Louse","floor":3.0,"turns":2.0},{"damage":0.0,"enemies":"The Mushroom Lair","floor":7.0,"turns":2.0},{"damage":0.0,"enemies":"Lots of Slimes","floor":8.0,"turns":1.0},{"damage":3,"enemies":"Gremlin Nob","floor":11,"turns":3},{"damage":26,"enemies":"Lagavulin Event","floor":12,"turns":7},{"damage":0,"enemies":"3 Sentries","floor":13,"turns":1},{"damage":0,"enemies":"3 Louse","floor":14,"turns":2},{"damage":35,"enemies":"Hexaghost","floor":16,"turns":11}],"seed_played":"261511978783604149","potions_obtained":[{"floor":1.0,"key":"FearPotion"},{"floor":7.0,"key":"SkillPotion"},{"floor":11,"key":"DuplicationPotion"},{"floor":12,"key":"Ancient Potion"},{"floor":14,"key":"FearPotion"}],"is_trial":false,"path_per_floor":["M","M","M","?","?","R","?","M","T","R","E","?","E","M","R","B"],"character_chosen":"DEFECT","items_purchased":[],"campfire_rested":0,"item_purchase_floors":[],"current_hp_per_floor":[62,62,62,43,43,43,43,43,53,53,50,31,31,31,31,0,0],"gold":525,"neow_bonus":"TRANSFORM_TWO_CARDS","is_daily":false,"chose_seed":false,"campfire_upgraded":3,"win_rate":0.0,"timestamp":1613714675,"path_taken":["M","M","M","?","?","R","?","M","T","R","E","?","E","M","R","BOSS"],"items_purchased_type":[],"build_version":"2020-12-22","purchased_purges":0,"victory":false,"max_hp_per_floor":[64,64,64,64,64,64,64,64,74,74,74,81,81,81,81,81,81],"card_choices":[{"not_picked":["Leap","Steam"],"picked":"Barrage","floor":1.0},{"not_picked":["Barrage","Streamline"],"picked":"Go for the Eyes","floor":2.0},{"not_picked":["Barrage","Scrape","Recycle"],"picked":"SKIP","floor":3.0},{"not_picked":["Coolheaded","Cold Snap"],"picked":"BootSequence","floor":7.0},{"not_picked":["Sweeping Beam","Turbo","Stack"],"picked":"SKIP","floor":8.0},{"not_picked":["Barrage","Cold Snap","Fusion"],"picked":"SKIP","floor":11},{"not_picked":["Skim","Blizzard"],"picked":"Gash","floor":12},{"not_picked":["Streamline","Auto Shields"],"picked":"Conserve Battery","floor":13},{"not_picked":["Conserve Battery","Rebound","Turbo"],"picked":"SKIP","floor":14}],"player_experience":854553,"relics_obtained":[{"floor":7.0,"key":"Odd Mushroom"},{"floor":9.0,"key":"Pear"},{"floor":11,"key":"Lantern"},{"floor":12,"key":"Strawberry"},{"floor":13,"key":"Old Coin"}],"event_choices":[{"damage_healed":0.0,"max_hp_gain":0.0,"max_hp_loss":0.0,"gold_gain":0.0,"event_name":"Shining Light","player_choice":"Entered Light","floor":4.0,"gold_loss":0.0,"damage_taken":19.0,"cards_upgraded":["Dualcast","Electrodynamics"]},{"cards_removed":["Strike_B"],"damage_healed":0.0,"max_hp_gain":0.0,"max_hp_loss":0.0,"gold_gain":0.0,"event_name":"The Cleric","player_choice":"Card Removal","floor":5.0,"gold_loss":75.0,"damage_taken":0.0},{"damage_healed":0.0,"max_hp_gain":0.0,"max_hp_loss":0.0,"gold_gain":0.0,"event_name":"Mushrooms","player_choice":"Fought Mushrooms","floor":7.0,"gold_loss":0.0,"damage_taken":0.0},{"damage_healed":0,"gold_gain":30,"player_choice":"Searched \u00273\u0027 times","damage_taken":0,"max_hp_gain":0,"max_hp_loss":0,"event_name":"Dead Adventurer","floor":12,"gold_loss":0}],"is_beta":false,"boss_relics":[],"items_purged_floors":[],"is_endless":false,"potions_floor_spawned":[1,7,11,12,14],"killed_by":"Hexaghost","ascension_level":20}}