{"host":"zu1swnxjkaahohqc","time":1613703133,"event":{"mods":["BaseMod","Hubris","Minty Spire (QoL Compilation)","Replay The Spire","StSLib"],"gold_per_floor":[112,124,135,135,154,164,164,89,89,89,89],"floor_reached":10,"language":"ENG","playtime":413,"items_purged":["Strike_P","Defend_P"],"score":72,"play_id":"3010e5f9-639c-492c-a40b-b69e03373724","local_time":"20210218215213","is_ascension_mode":true,"campfire_choices":[],"circlet_count":0,"master_deck":["Strike_P","Strike_P","Strike_P","Defend_P","Defend_P","Defend_P","Eruption","Vigilance","CrushJoints","FollowUp"],"relics":["hubris:CrackedHourglass","Replay:Kaleidoscope","CaptainsWheel"],"acts_visited":["Exordium"],"potions_floor_usage":[],"damage_taken":[{"damage":0,"enemies":"Cultist","floor":1,"turns":2},{"damage":2,"enemies":"Jaw Worm","floor":2,"turns":2},{"damage":4,"enemies":"Small Slimes","floor":3,"turns":3},{"damage":15,"enemies":"3 Louse","floor":5,"turns":4},{"damage":11,"enemies":"Large Slime","floor":6,"turns":5},{"damage":30,"enemies":"Lagavulin","floor":10,"turns":3}],"seed_played":"1602060503186764470","potions_obtained":[{"floor":1,"key":"Dexterity Potion"},{"floor":6,"key":"Languid Potion"}],"is_trial":false,"path_per_floor":["M","M","M","?","M","M","$","$","T","E"],"character_chosen":"WATCHER","items_purchased":[],"campfire_rested":0,"item_purchase_floors":[],"current_hp_per_floor":[72,70,66,66,51,40,35,35,35,5,5],"gold":89,"neow_bonus":"BOSS_RELIC","is_daily":false,"chose_seed":false,"campfire_upgraded":0,"win_rate":0.0,"timestamp":1613703133,"path_taken":["M","M","M","?","M","M","?","$","T","E"],"items_purchased_type":[],"build_version":"2020-12-13","purchased_purges":2,"victory":false,"max_hp_per_floor":[72,72,72,72,72,72,72,72,72,72,72],"card_choices":[{"not_picked":["DeceiveReality","Replay:ManipulateFuture"],"picked":"CrushJoints","floor":1},{"not_picked":["CrushJoints","EmptyBody","EmptyFist"],"picked":"SKIP","floor":2},{"not_picked":["CutThroughFate","Replay:Vibes","Judgement"],"picked":"SKIP","floor":3},{"not_picked":["Halt","FlurryOfBlows","Replay:Anticipation"],"picked":"SKIP","floor":5},{"not_picked":["Replay:AtTheReady","InnerPeace"],"picked":"FollowUp","floor":6}],"player_experience":18274,"relics_obtained":[{"floor":9,"key":"CaptainsWheel"}],"event_choices":[{"damage_healed":0,"gold_gain":0,"player_choice":"Gave Potion","damage_taken":0,"relics_obtained":["Replay:Kaleidoscope"],"max_hp_gain":0,"max_hp_loss":0,"event_name":"WeMeetAgain","floor":4,"gold_loss":0}],"is_beta":false,"boss_relics":[],"items_purged_floors":[7,8],"is_endless":false,"potions_floor_spawned":[1,6],"killed_by":"Lagavulin","ascension_level":4}}