{"host":"g7uq9uzahx9e0kti","time":1613744610,"event":{"mods":["100% Spire Juice","AchievementEnabler","Act Like it!","Arknights","BaseMod","CapriCore","Hermit","Koishi","Minty Spire (QoL Compilation)","Prisma Mod","Quick Restart","StSLib","SuperFastMode","The Bug Knight","The Cursed","The Hierophant","Together in Spire","WarShipGirlsR/??á´Ò³R mod"],"gold_per_floor":[115,134,134,309,309,334,334,349,349,77,87,117,117,127,127,225,225,236,254,254,265,285,285,320,320,393,404,60,75,85,119,119,219,219,236,236,254,304,324,324,324],"floor_reached":40,"language":"KOR","playtime":1858,"items_purged":["Regret","Doubt"],"score":537,"play_id":"b1687c8d-160f-4337-97f1-067848267608","local_time":"20210219232330","is_ascension_mode":true,"campfire_choices":[{"data":"Bash","floor":7,"key":"SMITH"},{"data":"Twin Strike","floor":15,"key":"SMITH"},{"data":"Impervious","floor":23,"key":"SMITH"},{"data":"Spot Weakness","floor":25,"key":"SMITH"},{"data":"Fire Breathing","floor":32,"key":"SMITH"}],"circlet_count":0,"master_deck":["Strike_R","Strike_R","Strike_R","Strike_R","Strike_R","Defend_R","Defend_R","Defend_R","Defend_R","Bash+1","Twin Strike+1","Pommel Strike+1","Wild Strike+1","Dual Wield","Twin Strike+1","Spot Weakness+1","Impervious+1","Clash+1","Feed+1","Reckless Charge+1","Thunderclap+1","Hemokinesis+1","Perfected Strike+1","Mind Blast+1","Fire Breathing+1","Shockwave+1","Perfected Strike+1","Immolate+1","Feed+1","Demon Form","Wild Strike+1","Seeing Red+1","Warcry+1","Hemokinesis+1"],"relics":["Black Blood","NeowsBlessing","Letter Opener","Self Forming Clay","Medical Kit","Molten Egg 2","Darkstone Periapt","Philosopher\u0027s Stone","Regal Pillow","Toxic Egg 2","Lizard Tail","Du-Vu Doll"],"acts_visited":["Exordium","TheCity","TheBeyond"],"potions_floor_usage":[12,12,16,18,21,24,31,33,38,40],"damage_taken":[{"damage":0,"enemies":"2 Louse","floor":1,"turns":1},{"damage":0,"enemies":"Jaw Worm","floor":2,"turns":1},{"damage":5,"enemies":"3 Sentries","floor":6,"turns":2},{"damage":10,"enemies":"Small Slimes","floor":8,"turns":3},{"damage":9,"enemies":"Looter","floor":11,"turns":3},{"damage":16,"enemies":"Gremlin Nob","floor":12,"turns":3},{"damage":16,"enemies":"Exordium Thugs","floor":14,"turns":4},{"damage":16,"enemies":"Hexaghost","floor":16,"turns":8},{"damage":12,"enemies":"Spheric Guardian","floor":18,"turns":3},{"damage":11,"enemies":"3 Byrds","floor":19,"turns":5},{"damage":12,"enemies":"3 Cultists","floor":21,"turns":4},{"damage":2,"enemies":"Sentry and Sphere","floor":22,"turns":4},{"damage":35,"enemies":"Slavers","floor":24,"turns":5},{"damage":0,"enemies":"Snecko","floor":27,"turns":3},{"damage":11,"enemies":"Cultist and Chosen","floor":29,"turns":3},{"damage":29,"enemies":"Snake Plant","floor":30,"turns":2},{"damage":14,"enemies":"Book of Stabbing","floor":31,"turns":2},{"damage":53,"enemies":"Collector","floor":33,"turns":8},{"damage":17,"enemies":"Orb Walker","floor":35,"turns":2},{"damage":13,"enemies":"3 Shapes","floor":37,"turns":2},{"damage":51,"enemies":"Mind Bloom Boss Battle","floor":38,"turns":4},{"damage":36,"enemies":"Maw","floor":39,"turns":6},{"damage":38,"enemies":"Reptomancer","floor":40,"turns":2}],"seed_played":"4594724697146543781","potions_obtained":[{"floor":8,"key":"DuplicationPotion"},{"floor":11,"key":"SneckoOil"},{"floor":12,"key":"EntropicBrew"},{"floor":18,"key":"Block Potion"},{"floor":22,"key":"DuplicationPotion"},{"floor":27,"key":"Explosive Potion"},{"floor":33,"key":"FearPotion"},{"floor":37,"key":"SteroidPotion"},{"floor":38,"key":"DuplicationPotion"}],"is_trial":false,"path_per_floor":["M","M","?","?","?","E","R","M","T","$","M","E","T","M","R","B",null,"M","M","?","M","M","R","E","R","T","M","$","M","M","E","R","B",null,"M","?","M","?","M","E"],"character_chosen":"IRONCLAD","items_purchased":["Medical Kit","Twin Strike","Mind Blast+1","Fire Breathing","Shockwave+1"],"campfire_rested":0,"item_purchase_floors":[10,10,28,28,28],"current_hp_per_floor":[80,80,64,64,64,65,65,61,61,61,58,48,48,38,38,28,80,74,73,73,71,75,75,50,50,50,56,56,51,32,24,24,27,96,95,95,94,55,35,0,0],"gold":324,"neow_bonus":"THREE_ENEMY_KILL","is_daily":false,"chose_seed":false,"campfire_upgraded":5,"win_rate":0.0,"timestamp":1613744610,"path_taken":["M","M","?","?","?","E","R","M","T","$","M","E","?","?","R","BOSS","M","M","?","M","?","R","E","R","T","M","$","M","M","E","R","BOSS","M","?","M","?","M","E"],"items_purchased_type":["Relic","Card","Card","Card","Card"],"build_version":"2020-12-22","purchased_purges":2,"victory":false,"max_hp_per_floor":[80,80,80,80,80,80,80,80,80,80,80,80,80,80,80,80,80,80,84,84,88,88,88,92,92,92,92,92,92,96,96,96,96,96,100,100,100,100,104,104,104],"card_choices":[{"not_picked":["True Grit","Clothesline"],"picked":"Twin Strike","floor":1},{"not_picked":["Twin Strike","Disarm"],"picked":"Pommel Strike","floor":2},{"not_picked":["Power Through","Sword Boomerang"],"picked":"Wild Strike","floor":6},{"not_picked":["Heavy Blade","Thunderclap"],"picked":"Dual Wield","floor":8},{"not_picked":["Warcry","Shrug It Off"],"picked":"Spot Weakness","floor":11},{"not_picked":["Havoc","Heavy Blade+1"],"picked":"Impervious","floor":12},{"not_picked":["Bloodletting","True Grit"],"picked":"Clash+1","floor":14},{"not_picked":["Barricade","Corruption"],"picked":"Feed+1","floor":16},{"not_picked":["Armaments","Sever Soul+1"],"picked":"Reckless Charge+1","floor":18},{"not_picked":["Clothesline+1","Sword Boomerang+1"],"picked":"Thunderclap+1","floor":19},{"not_picked":["Rampage+1","Havoc","Anger+1"],"picked":"SKIP","floor":21},{"not_picked":["Cleave+1","Rupture"],"picked":"Hemokinesis+1","floor":22},{"not_picked":["Dropkick+1","Heavy Blade+1","Warcry"],"picked":"SKIP","floor":24},{"not_picked":["Clothesline+1","Sword Boomerang+1"],"picked":"Perfected Strike+1","floor":27},{"not_picked":["Twin Strike+1","Burning Pact+1"],"picked":"Perfected Strike+1","floor":29},{"not_picked":["Metallicize","Twin Strike+1"],"picked":"Immolate+1","floor":30},{"not_picked":["Reckless Charge+1","Rampage+1"],"picked":"Feed+1","floor":31},{"not_picked":["Exhume+1","Limit Break+1"],"picked":"Demon Form","floor":33},{"not_picked":["Cleave+1","Rampage+1"],"picked":"Wild Strike+1","floor":35},{"not_picked":["Dropkick+1","Heavy Blade+1"],"picked":"Seeing Red+1","floor":37},{"not_picked":["Iron Wave+1","True Grit+1"],"picked":"Warcry+1","floor":38},{"not_picked":["Body Slam+1","Sword Boomerang+1"],"picked":"Hemokinesis+1","floor":39}],"player_experience":131731,"relics_obtained":[{"floor":6,"key":"Self Forming Clay"},{"floor":12,"key":"Molten Egg 2"},{"floor":13,"key":"Darkstone Periapt"},{"floor":24,"key":"Regal Pillow"},{"floor":26,"key":"Toxic Egg 2"},{"floor":31,"key":"Lizard Tail"},{"floor":38,"key":"Du-Vu Doll"}],"event_choices":[{"damage_healed":0,"gold_gain":0,"player_choice":"Entered Light","damage_taken":16,"max_hp_gain":0,"max_hp_loss":0,"event_name":"Shining Light","floor":3,"gold_loss":0,"cards_upgraded":["Pommel Strike","Twin Strike"]},{"damage_healed":0,"gold_gain":175,"player_choice":"AGREE","damage_taken":0,"max_hp_gain":0,"max_hp_loss":0,"event_name":"Liars Game","floor":4,"gold_loss":0,"cards_obtained":["Doubt"]},{"damage_healed":0,"gold_gain":0,"player_choice":"Box","damage_taken":0,"relics_obtained":["Letter Opener"],"max_hp_gain":0,"max_hp_loss":0,"event_name":"Big Fish","floor":5,"gold_loss":0,"cards_obtained":["Regret"]},{"damage_healed":0,"gold_gain":0,"player_choice":"Upgraded","damage_taken":0,"max_hp_gain":0,"max_hp_loss":0,"event_name":"Upgrade Shrine","floor":20,"gold_loss":0,"cards_upgraded":["Wild Strike"]},{"damage_healed":0,"gold_gain":0,"player_choice":"Ignored","damage_taken":0,"max_hp_gain":0,"max_hp_loss":0,"event_name":"Tomb of Lord Red Mask","floor":36,"gold_loss":0},{"damage_healed":0,"gold_gain":0,"player_choice":"Fight","damage_taken":0,"max_hp_gain":0,"max_hp_loss":0,"event_name":"MindBloom","floor":38,"gold_loss":0}],"is_beta":false,"boss_relics":[{"not_picked":["Runic Cube","Velvet Choker"],"picked":"Philosopher\u0027s Stone"},{"not_picked":["Runic Pyramid","Empty Cage"],"picked":"Black Blood"}],"items_purged_floors":[10,28],"is_endless":false,"potions_floor_spawned":[8,11,12,16,18,22,27,33,37,38],"killed_by":"Reptomancer","ascension_level":2}}