{"host":"nwd160me4iqdtr8u","time":1613768507,"event":{"mods":["AchievementEnabler","Act Like it!","BaseMod","Colored Map","DeckTracker","Keyboard Shortcuts","Minty Spire (QoL Compilation)","Quick Restart","Rare Cards Sparkle","Smile Girya","StSLib","SuperFastMode","everything is the same but u backflip on backflip"],"gold_per_floor":[117,133,152,172,15,44,44,44,44,62,78,78,106,124,124,227,227,243,168,12,29,46,46,60,93,93,93,93,109,134,148,148,246,246,264,264,282,294,344,377,377,377,377,377,403,422,192,210,210,210],"floor_reached":51,"language":"KOR","playtime":3134,"items_purged":["Strike_B","Scrape"],"score":1128,"play_id":"78077195-8be6-4f34-8459-3ca857b1df46","local_time":"20210220060147","is_ascension_mode":true,"campfire_choices":[{"data":"White Noise","floor":7.0,"key":"SMITH"},{"floor":12.0,"key":"REST"},{"data":"Glacier","floor":15.0,"key":"SMITH"},{"data":"Chaos","floor":23.0,"key":"SMITH"},{"floor":28.0,"key":"REST"},{"data":"Redo","floor":32.0,"key":"SMITH"},{"data":"Defragment","floor":41.0,"key":"SMITH"},{"data":"Buffer","floor":44.0,"key":"SMITH"},{"data":"Echo Form","floor":49.0,"key":"SMITH"}],"circlet_count":0,"master_deck":["Zap","Dualcast","Panacea","Glacier+1","Ball Lightning","Genetic Algorithm","White Noise+1","Seek","Undo","Hologram","Buffer+1","Compile Driver","Electrodynamics","Force Field+1","Chaos+1","Cold Snap","FTL","Redo+1","Echo Form+1","Coolheaded","Go for the Eyes","Static Discharge","Undo","Defragment+1","Fusion+1","Hologram+1","Rebound","Self Repair+1","Chaos","Steam+1","Defragment"],"relics":["Cracked Core","Oddly Smooth Stone","Ginger","Cables","Matryoshka","Cursed Key","Bottled Tornado","Mango","Pandora\u0027s Box","Pocketwatch","Regal Pillow","StrikeDummy"],"acts_visited":["Exordium","TheCity","TheBeyond"],"potions_floor_usage":[50,50],"damage_taken":[{"damage":1.0,"enemies":"Cultist","floor":1.0,"turns":3.0},{"damage":2.0,"enemies":"Jaw Worm","floor":2.0,"turns":5.0},{"damage":0.0,"enemies":"Small Slimes","floor":3.0,"turns":2.0},{"damage":5.0,"enemies":"Blue Slaver","floor":4.0,"turns":4.0},{"damage":9.0,"enemies":"Lagavulin","floor":6.0,"turns":5.0},{"damage":5.0,"enemies":"Exordium Thugs","floor":10.0,"turns":4.0},{"damage":17.0,"enemies":"3 Louse","floor":11.0,"turns":3.0},{"damage":4.0,"enemies":"3 Sentries","floor":13.0,"turns":10.0},{"damage":0.0,"enemies":"Large Slime","floor":14.0,"turns":5.0},{"damage":12.0,"enemies":"The Guardian","floor":16.0,"turns":14.0},{"damage":0.0,"enemies":"Chosen","floor":18.0,"turns":5.0},{"damage":12.0,"enemies":"2 Thieves","floor":21.0,"turns":3.0},{"damage":2.0,"enemies":"Snake Plant","floor":22.0,"turns":4.0},{"damage":0.0,"enemies":"3 Cultists","floor":24.0,"turns":4.0},{"damage":10.0,"enemies":"Slavers","floor":25.0,"turns":5.0},{"damage":0.0,"enemies":"Centurion and Healer","floor":29.0,"turns":7.0},{"damage":0.0,"enemies":"Gremlin Leader","floor":30.0,"turns":5.0},{"damage":7.0,"enemies":"Snake Plant","floor":31.0,"turns":4.0},{"damage":13.0,"enemies":"Champ","floor":33.0,"turns":14.0},{"damage":16.0,"enemies":"3 Darklings","floor":35.0,"turns":3.0},{"damage":0.0,"enemies":"3 Shapes","floor":37.0,"turns":2.0},{"damage":2.0,"enemies":"Spire Growth","floor":38.0,"turns":7.0},{"damage":0.0,"enemies":"Mind Bloom Boss Battle","floor":39.0,"turns":10.0},{"damage":0.0,"enemies":"Reptomancer","floor":40.0,"turns":9.0},{"damage":3.0,"enemies":"Giant Head","floor":45.0,"turns":10.0},{"damage":4.0,"enemies":"Jaw Worm Horde","floor":46.0,"turns":5.0},{"damage":2.0,"enemies":"3 Darklings","floor":48.0,"turns":5.0},{"damage":26,"enemies":"Time Eater","floor":50,"turns":24}],"seed_played":"-5722813315351780967","potions_obtained":[{"floor":1.0,"key":"EssenceOfDarkness"},{"floor":11.0,"key":"FocusPotion"},{"floor":14.0,"key":"Weak Potion"},{"floor":16.0,"key":"Swift Potion"},{"floor":18.0,"key":"SpeedPotion"},{"floor":24.0,"key":"Swift Potion"},{"floor":25.0,"key":"SteroidPotion"},{"floor":29.0,"key":"SkillPotion"},{"floor":31.0,"key":"LiquidMemories"},{"floor":33.0,"key":"Strength Potion"},{"floor":39.0,"key":"PotionOfCapacity"},{"floor":40.0,"key":"DistilledChaos"}],"is_trial":false,"path_per_floor":["M","M","M","M","$","E","R","?","T","M","M","R","E","M","R","B",null,"M","?","$","M","M","R","M","E","T","?","R","M","E","M","R","B",null,"M","?","M","M","?","E","R","?","T","R","E","M","$","M","R","B",null],"character_chosen":"DEFECT","items_purchased":["Seek","Electrodynamics","Defragment","ColorlessPotion"],"campfire_rested":2,"item_purchase_floors":[5,20,47,47],"current_hp_per_floor":[67,65,65,60,60,51,51,51,51,46,29,51,47,47,47,35,65,65,65,65,53,51,51,51,41,41,27,51,51,65,58,58,45,82,66,66,66,64,64,74,74,74,74,74,81,87,87,89,89,73],"gold":210,"neow_bonus":"RANDOM_COLORLESS","is_daily":false,"chose_seed":false,"campfire_upgraded":7,"win_rate":0.0,"timestamp":1613768507,"path_taken":["M","M","M","?","$","E","R","?","T","M","?","R","E","M","R","BOSS","M","?","$","M","M","R","M","E","T","?","R","M","E","?","R","BOSS","M","?","M","M","?","E","R","?","T","R","E","M","$","M","R","BOSS"],"items_purchased_type":["Card","Card","Card","Potion"],"build_version":"2020-12-22","purchased_purges":2,"victory":true,"max_hp_per_floor":[75,75,75,75,75,75,75,75,75,75,75,75,75,75,75,75,75,75,75,75,75,75,75,75,75,75,80,80,80,94,94,94,94,94,94,94,94,94,94,94,94,89,89,89,89,89,89,89,89,89],"card_choices":[{"not_picked":["Impatience","Jack Of All Trades"],"picked":"Panacea","floor":0.0},{"not_picked":["Go for the Eyes","Barrage"],"picked":"Glacier","floor":1.0},{"not_picked":["Skim","Steam"],"picked":"Ball Lightning","floor":2.0},{"not_picked":["Storm","Hologram"],"picked":"Genetic Algorithm","floor":3.0},{"not_picked":["Ball Lightning","Rebound"],"picked":"White Noise","floor":4.0},{"not_picked":["Static Discharge","Leap"],"picked":"Hologram","floor":6.0},{"not_picked":["Static Discharge","Hello World"],"picked":"Undo","floor":10.0},{"not_picked":["Beam Cell","Streamline"],"picked":"Hologram","floor":11.0},{"not_picked":["Stack","Sweeping Beam"],"picked":"Streamline","floor":13.0},{"not_picked":["Hologram","Thunder Strike","Recycle"],"picked":"SKIP","floor":14.0},{"not_picked":["Thunder Strike","Core Surge"],"picked":"Buffer","floor":16.0},{"not_picked":["Hologram","Heatsinks"],"picked":"Compile Driver","floor":18.0},{"not_picked":["Ball Lightning","Hologram+1"],"picked":"Force Field+1","floor":21.0},{"not_picked":["Redo","Conserve Battery"],"picked":"Chaos","floor":22.0},{"not_picked":["Melter+1","Hologram","Chaos"],"picked":"SKIP","floor":24.0},{"not_picked":["Ball Lightning","Sweeping Beam"],"picked":"Cold Snap","floor":25.0},{"not_picked":["Force Field","Steam","Compile Driver"],"picked":"SKIP","floor":29.0},{"not_picked":["Fission","Auto Shields"],"picked":"FTL","floor":30.0},{"not_picked":["Doom and Gloom","Sweeping Beam"],"picked":"Redo","floor":31.0},{"not_picked":["Multi-Cast","Reboot"],"picked":"Echo Form","floor":33.0},{"not_picked":["Sweeping Beam","Gash"],"picked":"Fusion+1","floor":35.0},{"not_picked":["Stack","Sweeping Beam"],"picked":"Hologram+1","floor":37.0},{"not_picked":["Gash","Sunder"],"picked":"Rebound","floor":38.0},{"not_picked":["Turbo","Genetic Algorithm+1"],"picked":"Self Repair+1","floor":39.0},{"not_picked":["Coolheaded+1","Reprogram+1"],"picked":"Chaos","floor":40.0},{"not_picked":["Electrodynamics","Rebound+1"],"picked":"Steam+1","floor":45.0},{"not_picked":["Sunder+1","Gash","Sweeping Beam+1"],"picked":"SKIP","floor":46.0},{"not_picked":["Reprogram+1","Amplify","Leap"],"picked":"SKIP","floor":48.0}],"player_experience":428730,"relics_obtained":[{"floor":6.0,"key":"Oddly Smooth Stone"},{"floor":9.0,"key":"Cables"},{"floor":13.0,"key":"Matryoshka"},{"floor":25.0,"key":"Bottled Tornado"},{"floor":30.0,"key":"Mango"},{"floor":39.0,"key":"Pocketwatch"},{"floor":40.0,"key":"Regal Pillow"},{"floor":45.0,"key":"StrikeDummy"}],"event_choices":[{"cards_removed":["Hologram"],"damage_healed":0.0,"max_hp_gain":0.0,"max_hp_loss":0.0,"gold_gain":0.0,"event_name":"WeMeetAgain","player_choice":"Gave Card","floor":8.0,"gold_loss":0.0,"damage_taken":0.0,"relics_obtained":["Ginger"]},{"cards_removed":["Strike_B"],"damage_healed":0.0,"max_hp_gain":0.0,"max_hp_loss":0.0,"gold_gain":0.0,"event_name":"Beggar","player_choice":"Gave Gold","floor":19.0,"gold_loss":75.0,"damage_taken":0.0},{"damage_healed":0.0,"max_hp_gain":5.0,"max_hp_loss":0.0,"gold_gain":0.0,"event_name":"Forgotten Altar","player_choice":"Shed Blood","floor":27.0,"gold_loss":0.0,"damage_taken":19.0},{"cards_removed":["Streamline"],"damage_healed":0.0,"max_hp_gain":0.0,"max_hp_loss":0.0,"gold_gain":0.0,"event_name":"Falling","player_choice":"Removed Attack","floor":36.0,"gold_loss":0.0,"damage_taken":0.0},{"damage_healed":0.0,"max_hp_gain":0.0,"max_hp_loss":0.0,"gold_gain":0.0,"event_name":"MindBloom","player_choice":"Fight","floor":39.0,"gold_loss":0.0,"damage_taken":0.0},{"damage_healed":0.0,"max_hp_gain":0.0,"max_hp_loss":5.0,"gold_gain":0.0,"event_name":"Winding Halls","player_choice":"Max HP","floor":42.0,"gold_loss":0.0,"damage_taken":0.0}],"is_beta":false,"boss_relics":[{"not_picked":["Empty Cage","Snecko Eye"],"picked":"Cursed Key"},{"not_picked":["Fusion Hammer","Velvet Choker"],"picked":"Pandora\u0027s Box"}],"items_purged_floors":[20,47],"is_endless":false,"potions_floor_spawned":[1,11,14,16,18,24,25,29,31,33,39,40],"ascension_level":9}}