{"host":"sxnl403xm2xmiyj1","time":1613761684,"event":{"mods":["BaseMod","Colored Map","Keyboard Shortcuts","Koishi","Minty Spire (QoL Compilation)","Quick Restart","StSLib","SuperFastMode"],"gold_per_floor":[115,57,57,57,73,106,106,136,212,212,212,243,253,265,265,265,265],"floor_reached":16,"language":"KOR","playtime":213,"items_purged":[],"score":265,"play_id":"bab561bf-3b69-4a64-b1e0-1e7b109dd5b3","local_time":"20210220040804","is_ascension_mode":true,"campfire_choices":[{"data":"Koishi:RacingHeart","floor":7.0,"key":"SMITH"},{"data":"Koishi:TerrifyingSpectre","floor":11.0,"key":"SMITH"},{"floor":15,"key":"REST"}],"circlet_count":0,"master_deck":["AscendersBane","Koishi:BasicStrike","Koishi:BasicStrike","Koishi:BasicStrike","Koishi:BasicDefend","Koishi:BasicDefend","Koishi:BasicDefend","Koishi:BasicDefend","Koishi:Provoke","Koishi:HauntingSlash","Koishi:Catatonia","Koishi:RacingHeart+1","Koishi:DanmakuParanoia","Koishi:TerrifyingSpectre+1"],"relics":["Koishi:ImaginaryFriend","NeowsBlessing","Smiling Mask","Centennial Puzzle","Blue Candle","Gremlin Horn","Potion Belt"],"acts_visited":["Exordium"],"potions_floor_usage":[],"damage_taken":[{"damage":0.0,"enemies":"2 Louse","floor":1.0,"turns":2.0},{"damage":0.0,"enemies":"Small Slimes","floor":5.0,"turns":1.0},{"damage":0.0,"enemies":"Gremlin Nob","floor":6.0,"turns":1.0},{"damage":20.0,"enemies":"Lagavulin","floor":8.0,"turns":7.0},{"damage":24.0,"enemies":"Gremlin Nob","floor":12.0,"turns":4.0},{"damage":0.0,"enemies":"Cultist","floor":13.0,"turns":3.0},{"damage":4,"enemies":"3 Louse","floor":14,"turns":5},{"damage":26,"enemies":"Slime Boss","floor":16,"turns":8}],"seed_played":"-1690747188868790642","potions_obtained":[{"floor":1.0,"key":"SkillPotion"},{"floor":6.0,"key":"DuplicationPotion"},{"floor":13.0,"key":"SmokeBomb"}],"is_trial":false,"path_per_floor":["M","$","?","?","M","E","R","E","T","?","R","E","M","M","R","B"],"character_chosen":"KOISHI","items_purchased":["Koishi:RacingHeart"],"campfire_rested":1,"item_purchase_floors":[2],"current_hp_per_floor":[51,51,33,38,38,38,38,26,26,26,26,10,14,12,30,4,4],"gold":265,"neow_bonus":"THREE_ENEMY_KILL","is_daily":false,"chose_seed":false,"campfire_upgraded":2,"win_rate":0.0,"timestamp":1613761684,"path_taken":["M","$","?","?","M","E","R","E","T","?","R","E","?","M","R","BOSS"],"items_purchased_type":["Card"],"build_version":"2020-12-22","purchased_purges":0,"victory":false,"max_hp_per_floor":[57,57,57,62,62,62,62,62,62,62,62,62,62,62,62,62,62],"card_choices":[{"not_picked":["Koishi:GhostParty","Koishi:BloodcurdlingScream"],"picked":"Koishi:Catatonia","floor":1.0},{"not_picked":["Koishi:HeartfeltFancy","Koishi:Prune","Koishi:PhantomStrike"],"picked":"SKIP","floor":5.0},{"not_picked":["Koishi:SubterraneanRose","Koishi:UnansweredLove"],"picked":"Koishi:DanmakuParanoia","floor":6.0},{"not_picked":["Koishi:ReflexRadar","Koishi:GhostParty","Koishi:Prune"],"picked":"SKIP","floor":8.0},{"not_picked":["Koishi:HeartfeltFancy","Koishi:PhilosophyOfTheDespised","Koishi:DNAsFlaw"],"picked":"SKIP","floor":12.0},{"not_picked":["Koishi:GeneticsOfTheUnconscious","Koishi:SubconsciousSweep","Koishi:Prune"],"picked":"SKIP","floor":13.0},{"not_picked":["Koishi:Whimsy","Koishi:ApparitionsStalkTheNight","Koishi:UnansweredLove"],"picked":"SKIP","floor":14}],"player_experience":277805,"relics_obtained":[{"floor":6.0,"key":"Centennial Puzzle"},{"floor":8.0,"key":"Blue Candle"},{"floor":9.0,"key":"Gremlin Horn"},{"floor":12.0,"key":"Potion Belt"}],"event_choices":[{"damage_healed":0.0,"max_hp_gain":0.0,"max_hp_loss":0.0,"gold_gain":0.0,"event_name":"Scrap Ooze","player_choice":"Success","floor":3.0,"gold_loss":0.0,"damage_taken":18.0,"relics_obtained":["Smiling Mask"]},{"damage_healed":0.0,"max_hp_gain":5.0,"max_hp_loss":0.0,"gold_gain":0.0,"event_name":"Big Fish","player_choice":"Donut","floor":4.0,"gold_loss":0.0,"damage_taken":0.0},{"damage_healed":0.0,"max_hp_gain":0.0,"max_hp_loss":0.0,"gold_gain":0.0,"cards_transformed":["Koishi:BasicStrike"],"event_name":"Transmorgrifier","player_choice":"Transformed","floor":10.0,"gold_loss":0.0,"damage_taken":0.0,"cards_obtained":["Koishi:TerrifyingSpectre"]}],"is_beta":false,"boss_relics":[],"items_purged_floors":[],"is_endless":false,"potions_floor_spawned":[1,6,13],"killed_by":"Slime Boss","ascension_level":17}}