{"host":"fkig9nrckec4xsh0","time":1613698733,"event":{"mods":["Act Like it!","BaseMod","Colored Map","Gensokyo","Hermit","Marisa????????","Minty Spire (QoL Compilation)","Quick Restart","Replay The Spire","StSLib","The Cursed","The Necromancer","The Servant 0.9.4"],"gold_per_floor":[113,193,205,205,224,255,255,290,290,290,309,309,323,323,323,419,419,429,429,441,441,456,456,491,491,517,552,603,82,114,114,114,211,211,226,241,252,252,252,252,270,305,354,403,403,40,40,60,60,60,60,60,60,88,88],"floor_reached":56,"language":"ENG","playtime":2125,"items_purged":["Regret"],"score":1504,"play_id":"1554242d-03ce-4a02-970c-64331808b554","local_time":"20210218203853","is_ascension_mode":true,"campfire_choices":[{"data":"Sadistic Nature","floor":7,"key":"SMITH"},{"data":"Blood_Curse","floor":7,"key":"SMITH"},{"data":"Death_March_Dance","floor":12,"key":"SMITH"},{"data":"Uncharnel","floor":12,"key":"SMITH"},{"data":"Siphon_Strength","floor":15,"key":"SMITH"},{"data":"Negative_Energy_Javelin","floor":15,"key":"SMITH"},{"data":"RitualDagger","floor":23,"key":"SMITH"},{"data":"Summon_Death_Knight","floor":23,"key":"SMITH"},{"data":"Hellfire","floor":25,"key":"SMITH"},{"data":"Pandemic","floor":25,"key":"SMITH"},{"data":"Discovery","floor":32,"key":"SMITH"},{"data":"Sadistic Nature","floor":32,"key":"SMITH"},{"data":"Summon_Vampire_Lady","floor":40,"key":"SMITH"},{"data":"Hellfire","floor":40,"key":"SMITH"},{"floor":45,"key":"RECALL"},{"data":"Magnetism","floor":47,"key":"SMITH"},{"data":"Discovery","floor":47,"key":"SMITH"},{"data":"Shade_Step","floor":49,"key":"SMITH"},{"data":"Shade_Step","floor":49,"key":"SMITH"},{"data":"Spectral_Walk","floor":52,"key":"SMITH"},{"data":"Negative_Energy_Arrows","floor":52,"key":"SMITH"}],"circlet_count":0,"master_deck":["Strike_W","Strike_W","Strike_W","Strike_W","Defend_W","Defend_W","Defend_W","Defend_W","Negative_Energy_Arrows+1","Bone_Wall","Sadistic Nature+1","Siphon_Strength+1","Death_March_Dance+1","Blood_Curse+1","Uncharnel+1","Negative_Energy_Javelin+1","Summon_Death_Knight+1","Pandemic+1","RitualDagger+1","Violent_Necrosis+1","Hellfire+1","Summon_Lich+1","Shade_Step+1","Spectral_Walk+1","Shade_Step+1","Sadistic Nature+1","Discovery+1","Discovery+1","Hellfire+1","Summon_Vampire_Lady+1","Siphon_Strength+1","Toxic_Smoke_Screen+1","Negative_Energy_Mist+1","Blood_Curse+1","Magnetism+1","Scare+1","Summon_Vampire_Lady+1"],"relics":["Vampire_Amulet","Omamori","Replay:Arrowhead","Garlic","Bottled Flame","Pantograph","Philosopher\u0027s Stone","Calipers","Question Card","Happy Flower","Replay:Bottled Flurry","Kunai","ReplayTheSpireMod:ShopPack","Sundial","CaptainsWheel","InkBottle","Replay:Grab Bag","Coffee Dripper","Busted Crown","SlaversCollar","Du-Vu Doll","Nunchaku","Torii","ReplayTheSpireMod:Lightbulb","Golden Egg"],"acts_visited":["Exordium","TheCity","TheBeyond","TheEnding"],"potions_floor_usage":[6,18,24,27,33,33,50,50],"damage_taken":[{"damage":4.0,"enemies":"Cultist","floor":1.0,"turns":4.0},{"damage":2,"enemies":"Jaw Worm","floor":3,"turns":3},{"damage":7,"enemies":"Small Slimes","floor":5,"turns":5},{"damage":24,"enemies":"3 Sentries","floor":6,"turns":9},{"damage":7,"enemies":"Lagavulin","floor":8,"turns":5},{"damage":0,"enemies":"2 Fungi Beasts","floor":11,"turns":2},{"damage":7,"enemies":"Large Slime","floor":13,"turns":4},{"damage":56,"enemies":"Slime Boss","floor":16,"turns":8},{"damage":12,"enemies":"2 Thieves","floor":18,"turns":3},{"damage":9,"enemies":"Shell Parasite","floor":20,"turns":3},{"damage":9,"enemies":"Snake Plant","floor":22,"turns":2},{"damage":8,"enemies":"Gremlin Leader","floor":24,"turns":4},{"damage":16,"enemies":"Replay:Snechameleon","floor":27,"turns":5},{"damage":8,"enemies":"Gremlin Leader","floor":30,"turns":5},{"damage":31,"enemies":"Champ","floor":33,"turns":7},{"damage":18,"enemies":"3 Shapes","floor":35,"turns":3},{"damage":0,"enemies":"Orb Walker","floor":36,"turns":2},{"damage":8,"enemies":"4 Shapes","floor":37,"turns":3},{"damage":0,"enemies":"Spire Growth","floor":41,"turns":2},{"damage":0,"enemies":"Giant Head","floor":42,"turns":5},{"damage":17,"enemies":"2 Orb Walkers","floor":44,"turns":4},{"damage":28,"enemies":"Jaw Worm Horde","floor":48,"turns":3},{"damage":38,"enemies":"Awakened One","floor":50,"turns":6},{"damage":7,"enemies":"Shield and Spear","floor":54,"turns":4},{"damage":76,"enemies":"The Heart","floor":55,"turns":6}],"seed_played":"1847438694254998165","potions_obtained":[{"floor":5,"key":"PowerPotion"},{"floor":13,"key":"Doom Potion"},{"floor":16,"key":"Swift Potion"},{"floor":18,"key":"Swift Potion"},{"floor":22,"key":"Adrenaline Potion"},{"floor":27,"key":"AttackPotion"},{"floor":35,"key":"SkillPotion"},{"floor":36,"key":"FearPotion"}],"is_trial":false,"path_per_floor":["M","?","M","?","M","E","R","E","T","T","M","R","M","T","R","B",null,"M","?","M","?","M","R","E","R","T","E","?","$","E","T","R","B",null,"M","M","M","?","?","R","M","E","T","?","R","$","R","M","R","B",null,"R","$","E","B",null],"character_chosen":"NECROMANCER","items_purchased":["ReplayTheSpireMod:ShopPack","Shade_Step","Sundial","ReplayTheSpireMod:Lightbulb","Magnetism"],"campfire_rested":0,"item_purchase_floors":[29,29,29,46,46],"current_hp_per_floor":[66,66,66,66,63,45,45,40,40,40,44,44,41,41,41,18,68,60,54,47,47,40,40,38,38,38,24,24,24,24,24,24,23,68,56,58,67,57,68,68,68,68,68,55,55,55,55,39,39,46,68,68,68,68,9],"gold":88,"neow_bonus":"RANDOM_COLORLESS_2","is_daily":false,"chose_seed":false,"campfire_upgraded":20,"win_rate":0.0,"timestamp":1613698733,"path_taken":["M","?","M","?","M","E","R","E","T","?","?","R","M","?","R","BOSS","M","?","M","?","M","R","E","R","T","E","?","$","E","?","R","BOSS","M","M","M","?","?","R","?","E","T","?","R","?","R","M","R","BOSS","R","$","E","BOSS"],"items_purchased_type":["Relic","Card","Relic","Relic","Card"],"build_version":"2020-12-22","purchased_purges":1,"victory":true,"max_hp_per_floor":[68,68,68,68,68,68,68,68,68,68,68,68,68,68,68,68,68,68,68,68,68,68,68,68,68,68,68,68,68,68,68,68,68,68,68,68,68,68,68,68,68,68,68,68,68,68,68,68,68,68,68,68,68,68,68],"card_choices":[{"not_picked":["Violence","Apotheosis"],"picked":"Sadistic Nature","floor":0.0},{"not_picked":["Negative_Energy_Shield","Finger_Of_Death"],"picked":"Siphon_Strength","floor":1.0},{"not_picked":["Shackles_Of_Pain","Death_Coil"],"picked":"Death_March_Dance","floor":3},{"not_picked":["Spectral_Armor","Chill_Blood","Bone_Spikes"],"picked":"SKIP","floor":5},{"not_picked":["Necrotic_Claws","Plague_Bolt"],"picked":"Blood_Curse","floor":6},{"not_picked":["Shade_Step","Bone_Bullets"],"picked":"Uncharnel","floor":8},{"not_picked":["Finger_Of_Death","Bone_Armor"],"picked":"Negative_Energy_Javelin","floor":11},{"not_picked":["Bone_Armor","Negative_Energy_Shield","Bone_Shift"],"picked":"SKIP","floor":13},{"not_picked":["Skeleton_Dragon","Negative_Energy_Bomb"],"picked":"Summon_Death_Knight","floor":16},{"not_picked":["Blood_Shield+1","Blood_Whip"],"picked":"Pandemic","floor":18},{"not_picked":["Vampiric_Strike","Toxic_Smoke_Screen"],"picked":"Violent_Necrosis+1","floor":20},{"not_picked":["Deaths_Shadow","Slay_Living","Vampiric_Strike"],"picked":"SKIP","floor":22},{"not_picked":["Bone_Bullets","Strike_from_Beyond"],"picked":"Hellfire","floor":24},{"not_picked":["Cloudkill","Finger_Of_Death","Shade_Step"],"picked":"Summon_Lich+1","floor":27},{"not_picked":["Shackles_Of_Pain","Vampiric_Strike","Bone_Shift"],"picked":"Shade_Step","floor":28},{"not_picked":["Bone_Armor","Bones_to_Steel","Bone_Spikes"],"picked":"Spectral_Walk","floor":28},{"not_picked":["Metamorphosis","Crow Ritual","Secret Weapon"],"picked":"Sadistic Nature","floor":29},{"not_picked":["Magnetism","Deep Breath","Replay:Bootleg Shield Generator"],"picked":"Discovery","floor":29},{"not_picked":["Madness","Mind Blast","Replay:Sssssssssstrike"],"picked":"Discovery","floor":29},{"not_picked":["Finger_Of_Death","Negative_Energy_Sphere","Death_March_Dance+1"],"picked":"Hellfire","floor":30},{"not_picked":["Skeleton_Dragon","Requiem","Blood_Magic"],"picked":"Summon_Vampire_Lady","floor":33},{"not_picked":["Blood_Curse"],"picked":"Siphon_Strength+1","floor":35},{"not_picked":["Negative_Energy_Javelin+1"],"picked":"Toxic_Smoke_Screen+1","floor":36},{"not_picked":["Blood_Curse"],"picked":"Negative_Energy_Mist+1","floor":37},{"not_picked":["Consume_Illness+1","Summon_Undead_Army"],"picked":"SKIP","floor":41},{"not_picked":["Strike_from_Beyond","Finger_Of_Death+1"],"picked":"SKIP","floor":42},{"not_picked":["Exploit"],"picked":"Blood_Curse+1","floor":44},{"not_picked":["Chill_Blood+1"],"picked":"Scare+1","floor":48},{"not_picked":["Bone_Armory"],"picked":"Summon_Vampire_Lady","floor":54}],"player_experience":464632,"relics_obtained":[{"floor":6,"key":"Replay:Arrowhead"},{"floor":8,"key":"Garlic"},{"floor":9,"key":"Bottled Flame"},{"floor":10,"key":"Pantograph"},{"floor":24,"key":"Question Card"},{"floor":26,"key":"Happy Flower"},{"floor":27,"key":"Replay:Bottled Flurry"},{"floor":28,"key":"Kunai"},{"floor":30,"key":"CaptainsWheel"},{"floor":31,"key":"InkBottle"},{"floor":42,"key":"Du-Vu Doll"},{"floor":43,"key":"Nunchaku"},{"floor":44,"key":"Torii"},{"floor":54,"key":"Golden Egg"}],"event_choices":[{"damage_healed":0,"gold_gain":0,"player_choice":"Box","damage_taken":0,"relics_obtained":["Omamori"],"max_hp_gain":0,"max_hp_loss":0,"event_name":"Big Fish","floor":4,"gold_loss":0,"cards_obtained":["Regret"]},{"damage_healed":0,"gold_gain":0,"player_choice":"Joined the Cult","damage_taken":6,"max_hp_gain":0,"max_hp_loss":0,"event_name":"Nest","floor":19,"gold_loss":0,"cards_obtained":["RitualDagger"]},{"damage_healed":0,"gold_gain":0,"player_choice":"Memory 3","damage_taken":10,"max_hp_gain":0,"max_hp_loss":0,"event_name":"SensoryStone","floor":38,"gold_loss":0},{"cards_removed":["Shade_Step"],"damage_healed":11,"gold_gain":0,"player_choice":"Offered Uncommon","damage_taken":0,"max_hp_gain":0,"max_hp_loss":0,"event_name":"Bonfire Elementals","floor":39,"gold_loss":0},{"damage_healed":0,"gold_gain":0,"player_choice":"Fight","damage_taken":0,"max_hp_gain":0,"max_hp_loss":0,"event_name":"Mysterious Sphere","floor":44,"gold_loss":0}],"is_beta":false,"boss_relics":[{"not_picked":["Runic Pyramid","Kintsugi"],"picked":"Philosopher\u0027s Stone"},{"not_picked":["Replay:Bronze Core","Fusion Hammer"],"picked":"Replay:Grab Bag"},{"not_picked":["Replay:Wanted Poster","Sozu"],"picked":"Coffee Dripper"},{"not_picked":["Velvet Choker","ReplayTheSpireMod:DimensionalGlitch"],"picked":"Busted Crown"},{"not_picked":["Ring of Chaos","SacredBark"],"picked":"SlaversCollar"}],"items_purged_floors":[29],"is_endless":false,"potions_floor_spawned":[5,13,16,18,22,27,35,36],"ascension_level":4}}