{"host":"tod","time":1613738306,"event":{"mods":["ATMod(∞¢Ë™Mod)","AchievementEnabler","Act Like it!","BaseMod","CapriCore","Energized Spire","Highlight Path","Lobotomy","Marisa£®ÏF”Í°°ƒß¿Ì…≥£©","Minty Spire (QoL Compilation)","Quick Restart","Reimu£®≤©¿ˆ¡È√Œ£©","Relic Filter Mod","Relic Stats","Remilia£®¿Ÿ√◊¿Ú—«£©","Replay The Spire","Shop Mod","StSLib","The Cursed","The Immortal","Yakumo Yukari mod","Youmu£®ªÍ∆«—˝√Œ£©"],"gold_per_floor":[109,109,127,52,67,102,102,45,45,59,87,97,129,140,140,213,213,227,242,57,72,72,72,72],"floor_reached":23,"language":"ZHS","playtime":933,"items_purged":["Strike_R","Strike_R"],"score":476,"play_id":"509b8613-9301-4993-a21c-434428cd297c","local_time":"20210219203826","is_ascension_mode":true,"campfire_choices":[{"data":"Barricade","floor":7,"key":"SMITH"},{"data":"True Grit","floor":15,"key":"SMITH"}],"circlet_count":0,"master_deck":["AscendersBane","Strike_R","Strike_R","Defend_R","Defend_R","Defend_R","Defend_R","Bash","AT_OneInchPunch+1","Barricade+1","Dropkick+1","True Grit+1","ReplayTheSpireMod:Limb From Limb","Limit Break","Spot Weakness","AT_IchimonjiDouble"],"relics":["Burning Blood","AT_ATBox","ReplayTheSpireMod:Spearhead","Durian","Replay:PocketPolymizer","CaptainsWheel","InkBottle","energizedSpire:NeverEndingSparkler"],"acts_visited":["Exordium","TheCity"],"potions_floor_usage":[16],"damage_taken":[{"damage":8,"enemies":"2 Louse","floor":1,"turns":2},{"damage":0,"enemies":"Cultist","floor":3,"turns":1},{"damage":0,"enemies":"Small Slimes","floor":5,"turns":2},{"damage":8,"enemies":"Gremlin Nob","floor":6,"turns":3},{"damage":6,"enemies":"Looter","floor":10,"turns":2},{"damage":11,"enemies":"3 Sentries","floor":11,"turns":11},{"damage":19,"enemies":"Gremlin Gang","floor":12,"turns":4},{"damage":0,"enemies":"Lagavulin","floor":13,"turns":6},{"damage":7,"enemies":"Red Slaver","floor":14,"turns":2},{"damage":36,"enemies":"Hexaghost","floor":16,"turns":6},{"damage":20,"enemies":"Shell Parasite","floor":18,"turns":4},{"damage":0,"enemies":"Spheric Guardian","floor":19,"turns":1},{"damage":19,"enemies":"Snake Plant","floor":21,"turns":4},{"damage":30,"enemies":"3 Cultists","floor":23,"turns":5}],"seed_played":"9187539063501341849","potions_obtained":[{"floor":3,"key":"CultistPotion"},{"floor":5,"key":"Energy Potion"},{"floor":13,"key":"SmokeBomb"},{"floor":16,"key":"LiquidBronze"},{"floor":18,"key":"SkillPotion"}],"is_trial":false,"path_per_floor":["M","?","M","$","M","E","R","$","T","M","E","M","E","M","R","B",null,"M","M","$","M","?","M"],"character_chosen":"IRONCLAD","items_purchased":["Dropkick+1","Spot Weakness"],"campfire_rested":0,"item_purchase_floors":[8,20],"current_hp_per_floor":[66,66,72,72,75,78,78,78,78,78,73,60,66,65,65,35,69,55,61,61,48,48,18,18],"gold":72,"neow_bonus":"RANDOM_COMMON_RELIC","is_daily":false,"chose_seed":false,"campfire_upgraded":2,"win_rate":0.0,"timestamp":1613738306,"path_taken":["M","?","M","$","M","E","R","$","T","M","E","?","E","M","R","BOSS","M","M","$","M","?","M"],"items_purchased_type":["Card","Card"],"build_version":"2020-12-18","purchased_purges":2,"victory":false,"max_hp_per_floor":[75,75,75,75,75,80,80,80,80,80,80,80,80,80,80,80,80,80,80,80,80,80,80,80],"relic_stats":{"counters":[14,53],"obtain_stats":[{"ReplayTheSpireMod:Spearhead":0,"CaptainsWheel":11,"AT_ATBox":0,"Replay:PocketPolymizer":9,"energizedSpire:NeverEndingSparkler":17,"Durian":6,"Burning Blood":0,"InkBottle":13},{"ReplayTheSpireMod:Spearhead":0,"CaptainsWheel":6,"AT_ATBox":0,"Replay:PocketPolymizer":4,"energizedSpire:NeverEndingSparkler":10,"Durian":4,"Burning Blood":0,"InkBottle":8},{"ReplayTheSpireMod:Spearhead":0,"CaptainsWheel":21,"AT_ATBox":0,"Replay:PocketPolymizer":8,"energizedSpire:NeverEndingSparkler":39,"Durian":8,"Burning Blood":0,"InkBottle":31}],"Burning Blood":75,"InkBottle":[4]},"card_choices":[{"not_picked":["Wild Strike","Body Slam","Heavy Blade"],"picked":"SKIP","floor":1},{"not_picked":["Abandon","ReplayTheSpireMod:LeadingStrike","Pommel Strike"],"picked":"SKIP","floor":3},{"not_picked":["Run Through","AT_ShrugMaster","Body Slam"],"picked":"SKIP","floor":5},{"not_picked":["Run Through","AT_ShrugMaster","Body Slam"],"picked":"SKIP","floor":5},{"not_picked":["Battle Trance","AT_CaressingTears"],"picked":"Barricade","floor":6},{"not_picked":["Body Slam","ReplayTheSpireMod:Muscle Training"],"picked":"True Grit","floor":10},{"not_picked":["Seeing Red","Headbutt","AT_ManFootWork"],"picked":"SKIP","floor":11},{"not_picked":["Inflame","Thunderclap"],"picked":"ReplayTheSpireMod:Limb From Limb","floor":12},{"not_picked":["Metallicize","AT_BodySlamDance","Clothesline"],"picked":"SKIP","floor":13},{"not_picked":["Feed","Abandon","AT_IchimonjiDouble"],"picked":"SKIP","floor":14},{"not_picked":["Iron Wave","Run Through","ReplayTheSpireMod:Muscle Training"],"picked":"SKIP","floor":18},{"not_picked":["Shrug It Off","AT_BodySlamDance","Headbutt"],"picked":"SKIP","floor":19},{"not_picked":["AT_GerminateFire","ReplayTheSpireMod:LeadingStrike","Pommel Strike+1"],"picked":"SKIP","floor":21}],"player_experience":403579,"relics_obtained":[{"floor":6,"key":"Durian"},{"floor":9,"key":"Replay:PocketPolymizer"},{"floor":11,"key":"CaptainsWheel"},{"floor":13,"key":"InkBottle"}],"event_choices":[{"damage_healed":0,"gold_gain":0,"player_choice":"Forge","damage_taken":0,"max_hp_gain":0,"max_hp_loss":0,"event_name":"Accursed Blacksmith","floor":2,"gold_loss":0,"cards_upgraded":["AT_OneInchPunch"]},{"damage_healed":0,"gold_gain":0,"player_choice":"Read","damage_taken":0,"max_hp_gain":0,"max_hp_loss":0,"event_name":"The Library","floor":22,"gold_loss":0,"cards_obtained":["AT_IchimonjiDouble"]}],"is_beta":true,"boss_relics":[{"not_picked":["Ooze Armor","Busted Crown"],"picked":"energizedSpire:NeverEndingSparkler"}],"items_purged_floors":[4,20],"is_endless":false,"potions_floor_spawned":[3,5,6,13,14,16,18],"killed_by":"3 Cultists","ascension_level":20}}