{"host":"jlz4is0nf6zo9oab","time":1613763574,"event":{"mods":["AchievementEnabler","BaseMod","Colored Map","Colored Powertips","Highlight Path","Minty Spire (QoL Compilation)","StSLib"],"gold_per_floor":[116,116,133,64,80,80,109,109,109,119,119,137,137,148,148,148,148],"floor_reached":16,"language":"SPA","playtime":361,"items_purged":[],"score":173,"play_id":"dbb08661-b2f6-4f7b-9f3f-eeb26dd3d4dc","local_time":"20210219203934","is_ascension_mode":true,"campfire_choices":[{"data":"Noxious Fumes","floor":6,"key":"SMITH"},{"floor":8,"key":"REST"},{"floor":11,"key":"REST"},{"floor":13,"key":"REST"},{"floor":15,"key":"REST"}],"circlet_count":0,"master_deck":["AscendersBane","Strike_G","Strike_G","Strike_G","Strike_G","Strike_G","Defend_G","Defend_G","Defend_G","Defend_G","Defend_G","Survivor","Neutralize","Acrobatics+1","Noxious Fumes+1","Caltrops","Bane","Poisoned Stab","Deflect","Crippling Poison"],"relics":["Ring of the Snake","NeowsBlessing","Ornamental Fan","Oddly Smooth Stone"],"acts_visited":["Exordium"],"potions_floor_usage":[10,12,16],"damage_taken":[{"damage":0,"enemies":"Small Slimes","floor":1,"turns":2},{"damage":0,"enemies":"Cultist","floor":3,"turns":1},{"damage":0,"enemies":"2 Louse","floor":5,"turns":1},{"damage":37,"enemies":"Gremlin Nob","floor":7,"turns":5},{"damage":36,"enemies":"Gremlin Gang","floor":10,"turns":4},{"damage":14,"enemies":"3 Louse","floor":12,"turns":4},{"damage":11,"enemies":"Exordium Wildlife","floor":14,"turns":4},{"damage":39,"enemies":"Slime Boss","floor":16,"turns":5}],"seed_played":"-8169701805369709651","potions_obtained":[{"floor":3,"key":"Dexterity Potion"},{"floor":7,"key":"Weak Potion"},{"floor":12,"key":"Poison Potion"}],"is_trial":false,"path_per_floor":["M","?","M","$","M","R","E","R","T","M","R","M","R","M","R","B"],"character_chosen":"THE_SILENT","items_purchased":["Caltrops"],"campfire_rested":4,"item_purchase_floors":[4],"current_hp_per_floor":[59,59,59,59,59,59,22,41,41,5,24,10,29,18,37,0,0],"gold":148,"neow_bonus":"THREE_ENEMY_KILL","is_daily":false,"chose_seed":false,"campfire_upgraded":1,"win_rate":0.0,"timestamp":1613763574,"path_taken":["M","?","M","?","?","R","E","R","T","?","R","M","R","M","R","BOSS"],"items_purchased_type":["Card"],"build_version":"2020-12-22","purchased_purges":0,"victory":false,"max_hp_per_floor":[66,66,66,66,66,66,66,66,66,66,66,66,66,66,66,66,66],"card_choices":[{"not_picked":["Deflect","Dodge and Roll"],"picked":"Acrobatics","floor":1},{"not_picked":["Dodge and Roll","Setup"],"picked":"Noxious Fumes","floor":3},{"not_picked":["Quick Slash","Blade Dance"],"picked":"Bane","floor":5},{"not_picked":["Dagger Spray","Storm of Steel","Flying Knee"],"picked":"SKIP","floor":7},{"not_picked":["Deflect","Setup"],"picked":"Poisoned Stab","floor":10},{"not_picked":["Reflex","Infinite Blades"],"picked":"Deflect","floor":12},{"not_picked":["Leg Sweep","Deadly Poison"],"picked":"Crippling Poison","floor":14}],"player_experience":980851,"relics_obtained":[{"floor":7,"key":"Ornamental Fan"},{"floor":9,"key":"Oddly Smooth Stone"}],"event_choices":[{"damage_healed":0,"gold_gain":0,"player_choice":"Upgraded","damage_taken":0,"max_hp_gain":0,"max_hp_loss":0,"event_name":"Upgrade Shrine","floor":2,"gold_loss":0,"cards_upgraded":["Acrobatics"]}],"is_beta":false,"boss_relics":[],"items_purged_floors":[],"is_endless":false,"potions_floor_spawned":[3,7,12],"killed_by":"Slime Boss","ascension_level":14}}