{"host":"7wi4qgm5yw4j7oz0","time":1613728739,"event":{"mods":["AchievementEnabler","BaseMod","Block Reminder","Colored Map","Colored Powertips","Highlight Path","Minty Spire (QoL Compilation)","Permanent Neow","Random Character Button","StSLib","SuperFastMode","everything is the same but u backflip on backflip"],"gold_per_floor":[112,122,136,155,169,169,194,194,194,144,162,162,162,188,188,264,264,281,297,309,234,56,56,56],"floor_reached":23,"language":"KOR","playtime":1020,"items_purged":[],"score":345,"play_id":"e25988be-5b28-491c-bb52-ae425513ee61","local_time":"20210219185859","is_ascension_mode":true,"campfire_choices":[{"data":"Flex","floor":6,"key":"SMITH"},{"data":"Armaments","floor":12,"key":"SMITH"},{"data":"Pommel Strike","floor":15,"key":"SMITH"}],"circlet_count":0,"master_deck":["AscendersBane","Strike_R","Strike_R","Strike_R","Defend_R","Defend_R","Defend_R","Defend_R","Bash","Panacea","Wild Strike","Cleave","Flex+1","Pommel Strike+1","Iron Wave","Armaments+1","Shrug It Off","Offering","CurseOfTheBell","Heavy Blade","Fire Breathing","Apotheosis"],"relics":["Burning Blood","Mummified Hand","HornCleat","Vajra","Calling Bell","Tiny Chest","Ornamental Fan","Shovel"],"acts_visited":["Exordium","TheCity"],"potions_floor_usage":[3,11,14,23],"damage_taken":[{"damage":7.0,"enemies":"Small Slimes","floor":1.0,"turns":3.0},{"damage":16,"enemies":"2 Louse","floor":2,"turns":2},{"damage":12,"enemies":"Jaw Worm","floor":3,"turns":2},{"damage":7,"enemies":"Looter","floor":4,"turns":3},{"damage":0,"enemies":"Exordium Wildlife","floor":5,"turns":2},{"damage":25,"enemies":"3 Sentries","floor":7,"turns":7},{"damage":3,"enemies":"Blue Slaver","floor":11,"turns":3},{"damage":15,"enemies":"Lagavulin","floor":14,"turns":5},{"damage":42,"enemies":"Hexaghost","floor":16,"turns":10},{"damage":15,"enemies":"Spheric Guardian","floor":18,"turns":4},{"damage":25,"enemies":"3 Byrds","floor":19,"turns":7},{"damage":16,"enemies":"3 Cultists","floor":20,"turns":5},{"damage":39,"enemies":"Slavers","floor":23,"turns":4}],"seed_played":"-7479929948561949454","potions_obtained":[{"floor":1,"key":"ColorlessPotion"},{"floor":3,"key":"Fruit Juice"},{"floor":7,"key":"DistilledChaos"},{"floor":14,"key":"Regen Potion"}],"is_trial":false,"path_per_floor":["M","M","M","M","M","R","E","?","T","?","M","R","?","E","R","B",null,"M","M","M","?","$","E"],"character_chosen":"IRONCLAD","items_purchased":["Apotheosis"],"campfire_rested":0,"item_purchase_floors":[22],"current_hp_per_floor":[67,57,56,55,61,61,42,35,35,35,38,38,58,49,49,13,63,54,35,25,25,25,0,0],"gold":56,"neow_bonus":"RANDOM_COLORLESS","is_daily":false,"chose_seed":false,"campfire_upgraded":3,"win_rate":0.0,"timestamp":1613728739,"path_taken":["M","M","M","M","M","R","E","?","T","?","M","R","?","E","R","BOSS","M","M","M","?","$","E"],"items_purchased_type":["Card"],"build_version":"2020-12-22","purchased_purges":0,"victory":false,"max_hp_per_floor":[75,75,80,80,80,80,80,80,80,80,80,80,80,80,80,80,80,80,80,80,77,77,77,77],"card_choices":[{"not_picked":["Impatience","Forethought"],"picked":"Panacea","floor":0.0},{"not_picked":["Sword Boomerang","Thunderclap"],"picked":"Wild Strike","floor":1},{"not_picked":["Shockwave","Anger"],"picked":"Cleave","floor":2},{"not_picked":["Pommel Strike","Armaments"],"picked":"Flex","floor":3},{"not_picked":["Havoc","Sentinel"],"picked":"Pommel Strike","floor":4},{"not_picked":["Clothesline","Pummel"],"picked":"Iron Wave","floor":5},{"not_picked":["Clash","Exhume"],"picked":"Armaments","floor":7},{"not_picked":["Sword Boomerang","Twin Strike","Iron Wave"],"picked":"SKIP","floor":11},{"not_picked":["Sentinel","Sword Boomerang"],"picked":"Shrug It Off","floor":14},{"not_picked":["Exhume","Limit Break"],"picked":"Offering","floor":16},{"not_picked":["True Grit","Bloodletting"],"picked":"Heavy Blade","floor":18},{"not_picked":["Combust","Wild Strike"],"picked":"Fire Breathing","floor":19},{"not_picked":["Inflame","Metallicize","Rampage"],"picked":"SKIP","floor":20}],"player_experience":329815,"relics_obtained":[{"floor":7,"key":"Mummified Hand"},{"floor":9,"key":"HornCleat"},{"floor":14,"key":"Vajra"},{"floor":17,"key":"Tiny Chest"},{"floor":17,"key":"Ornamental Fan"},{"floor":17,"key":"Shovel"}],"event_choices":[{"cards_removed":["Strike_R"],"damage_healed":0,"gold_gain":0,"player_choice":"Card Removal","damage_taken":7,"max_hp_gain":0,"max_hp_loss":0,"event_name":"Golden Wing","floor":8,"gold_loss":0},{"cards_removed":["Strike_R"],"damage_healed":0,"gold_gain":0,"player_choice":"Card Removal","damage_taken":0,"max_hp_gain":0,"max_hp_loss":0,"event_name":"The Cleric","floor":10,"gold_loss":50},{"damage_healed":20,"gold_gain":0,"player_choice":"Healed and dodged fight","damage_taken":0,"max_hp_gain":0,"max_hp_loss":0,"event_name":"Mushrooms","floor":13,"gold_loss":0,"cards_obtained":["Parasite"]},{"cards_removed":["Parasite"],"damage_healed":0,"gold_gain":0,"player_choice":"Gave Gold","damage_taken":0,"max_hp_gain":0,"max_hp_loss":0,"event_name":"Beggar","floor":21,"gold_loss":75}],"is_beta":false,"boss_relics":[{"not_picked":["Astrolabe","Velvet Choker"],"picked":"Calling Bell"}],"items_purged_floors":[],"is_endless":false,"potions_floor_spawned":[1,3,7,14],"killed_by":"Slavers","ascension_level":14}}