{"host":"z37g2hkgkh2zjyzk","time":1613692918,"event":{"mods":["2.2 Compatiblity","AchievementEnabler","BaseMod","Bestiary","Colored Map","Colored Powertips","Curses Come First","Keyboard Shortcuts","Minty Spire (QoL Compilation)","Relic Stats","StSLib","SuperFastMode"],"gold_per_floor":[367,14,28,28,48,48,48,48,48,48,64,80,255,284,284,379,379,394,81,95,95,95],"floor_reached":21,"language":"ENG","playtime":1491,"items_purged":["Injury","Doubt"],"score":197,"play_id":"1f09383f-d5d5-4dfb-8e1c-b910887aa9a3","local_time":"20210219010158","is_ascension_mode":true,"campfire_choices":[{"data":"Loop","floor":6,"key":"SMITH"},{"data":"Zap","floor":8,"key":"SMITH"},{"data":"Dualcast","floor":10,"key":"SMITH"},{"floor":15,"key":"REST"}],"circlet_count":0,"master_deck":["Strike_B","Strike_B+1","Strike_B","Strike_B+1","Defend_B","Defend_B","Defend_B","Defend_B","Zap+1","Dualcast+1","Scrape","Loop+1","Hologram","Conserve Battery","Skim","Reprogram","Melter","Echo Form","All For One","Hyperbeam","Conserve Battery"],"relics":["Cracked Core","Happy Flower","Nunchaku","Art of War","Inserter","Vajra"],"acts_visited":["Exordium","TheCity"],"potions_floor_usage":[12,21],"damage_taken":[{"damage":1,"enemies":"Cultist","floor":1,"turns":3},{"damage":7,"enemies":"Small Slimes","floor":3,"turns":3},{"damage":9,"enemies":"2 Louse","floor":5,"turns":2},{"damage":8,"enemies":"Blue Slaver","floor":11,"turns":2},{"damage":0,"enemies":"3 Louse","floor":12,"turns":2},{"damage":17,"enemies":"3 Sentries","floor":14,"turns":6},{"damage":18,"enemies":"The Guardian","floor":16,"turns":14},{"damage":19,"enemies":"Shell Parasite","floor":18,"turns":5},{"damage":17,"enemies":"2 Thieves","floor":20,"turns":2},{"damage":53,"enemies":"Cultist and Chosen","floor":21,"turns":7}],"seed_played":"3517396762597299555","potions_obtained":[{"floor":1,"key":"SkillPotion"},{"floor":5,"key":"Regen Potion"},{"floor":11,"key":"PotionOfCapacity"}],"is_trial":false,"path_per_floor":["M","$","M","T","M","R","?","R","T","R","M","M","?","E","R","B",null,"M","$","M","M"],"character_chosen":"DEFECT","items_purchased":["Loop","Hologram","Happy Flower","Hyperbeam","Vajra"],"campfire_rested":1,"item_purchase_floors":[2,2,2,19,19],"current_hp_per_floor":[74,74,67,67,58,58,43,43,43,43,35,35,35,18,40,22,75,56,56,39,0,0],"gold":95,"neow_bonus":"TWO_FIFTY_GOLD","is_daily":false,"chose_seed":false,"campfire_upgraded":3,"win_rate":0.0,"timestamp":1613692918,"path_taken":["M","$","M","?","?","R","?","R","T","R","M","M","?","E","R","BOSS","M","$","M","M"],"items_purchased_type":["Card","Card","Relic","Card","Relic"],"build_version":"2020-12-22","purchased_purges":2,"victory":false,"max_hp_per_floor":[75,75,75,75,75,75,75,75,75,75,75,75,75,75,75,75,75,75,75,75,75,75],"relic_stats":{"Nunchaku":[6],"Inserter":[7],"Happy Flower":[14],"counters":[10,46],"Art of War":[8],"obtain_stats":[{"Nunchaku":9,"Inserter":17,"Happy Flower":2,"Vajra":19,"Art of War":14,"Cracked Core":0},{"Nunchaku":3,"Inserter":7,"Happy Flower":1,"Vajra":8,"Art of War":6,"Cracked Core":0},{"Nunchaku":8,"Inserter":32,"Happy Flower":3,"Vajra":37,"Art of War":18,"Cracked Core":0}]},"card_choices":[{"not_picked":["Rip and Tear","Beam Cell"],"picked":"Scrape","floor":1},{"not_picked":["Beam Cell","Genetic Algorithm"],"picked":"Conserve Battery","floor":3},{"not_picked":["Rebound","Beam Cell"],"picked":"Skim","floor":5},{"not_picked":["Skim","Beam Cell"],"picked":"Reprogram","floor":11},{"not_picked":["Heatsinks","Rip and Tear"],"picked":"Melter","floor":12},{"not_picked":["Sunder","Blizzard"],"picked":"Echo Form","floor":14},{"not_picked":["Core Surge","Multi-Cast"],"picked":"All For One","floor":16},{"not_picked":["Double Energy","Turbo","Hologram+1"],"picked":"SKIP","floor":18},{"not_picked":["Stack","Turbo"],"picked":"Conserve Battery","floor":20}],"player_experience":111116,"relics_obtained":[{"floor":9,"key":"Nunchaku"},{"floor":14,"key":"Art of War"}],"event_choices":[{"damage_healed":0,"gold_gain":0,"player_choice":"Entered Light","damage_taken":15,"max_hp_gain":0,"max_hp_loss":0,"event_name":"Shining Light","floor":7,"gold_loss":0,"cards_upgraded":["Strike_B","Strike_B"]},{"damage_healed":0,"gold_gain":175,"player_choice":"AGREE","damage_taken":0,"max_hp_gain":0,"max_hp_loss":0,"event_name":"Liars Game","floor":13,"gold_loss":0,"cards_obtained":["Doubt"]}],"is_beta":false,"boss_relics":[{"not_picked":["Philosopher\u0027s Stone","SlaversCollar"],"picked":"Inserter"}],"items_purged_floors":[2,19],"is_endless":false,"potions_floor_spawned":[1,5,11],"killed_by":"Cultist and Chosen","ascension_level":2}}