{"host":"hrvs05np4ys7itky","time":1613701581,"event":{"mods":["BaseMod","Colored Map","Colored Powertips","Downfall","Emptier Cage","Hermit","Highlight Path","Minty Spire (QoL Compilation)","Permanent Neow","Rare Cards Sparkle","Relic Stats","StSLib","everything is the same but u backflip on backflip"],"gold_per_floor":[115,115,15,35,55,55,85,85,160,170,202,202,221,236,236,334,384,403,422,441,441,441,441,441,441],"floor_reached":24,"language":"ENG","playtime":1407,"items_purged":["Defend_P"],"score":354,"play_id":"d09d384d-4e10-4277-9a82-ce7638e5bd4a","local_time":"20210218212621","is_ascension_mode":true,"campfire_choices":[{"data":"Protect","floor":6,"key":"SMITH"},{"data":"TalkToTheHand","floor":8,"key":"SMITH"},{"data":"Eruption","floor":12,"key":"SMITH"},{"data":"Perseverance","floor":15,"key":"SMITH"},{"data":"MasterReality","floor":23,"key":"SMITH"}],"circlet_count":0,"master_deck":["Strike_P+1","Strike_P+1","Strike_P+1","Strike_P+1","Defend_P+1","Defend_P+1","Defend_P+1","Eruption+1","Vigilance","BattleHymn+1","Protect+1","EmptyBody","Tantrum","TalkToTheHand+1","Evaluate","WheelKick","Perseverance+1","MasterReality+1","FearNoEvil","Prostrate","Evaluate","Consecrate","Decay"],"relics":["Coffee Dripper","Centennial Puzzle","Pantograph","Blue Candle","Tiny House"],"acts_visited":["Exordium","TheCity"],"potions_floor_usage":[7,18,19],"damage_taken":[{"damage":0,"enemies":"Small Slimes","floor":1,"turns":2},{"damage":0,"enemies":"Cultist","floor":4,"turns":2},{"damage":1,"enemies":"2 Louse","floor":5,"turns":2},{"damage":0,"enemies":"Gremlin Nob","floor":7,"turns":2},{"damage":0,"enemies":"Blue Slaver","floor":10,"turns":2},{"damage":0,"enemies":"Lagavulin","floor":11,"turns":5},{"damage":5,"enemies":"Looter","floor":13,"turns":2},{"damage":1,"enemies":"Gremlin Gang","floor":14,"turns":4},{"damage":0,"enemies":"Slime Boss","floor":16,"turns":3},{"damage":12,"enemies":"3 Byrds","floor":18,"turns":3},{"damage":8,"enemies":"Shell Parasite","floor":19,"turns":2},{"damage":0,"enemies":"Sentry and Sphere","floor":20,"turns":3},{"damage":14,"enemies":"Slavers","floor":24,"turns":2}],"seed_played":"-5874855010619715098","potions_obtained":[{"floor":5,"key":"EntropicBrew"},{"floor":11,"key":"Swift Potion"},{"floor":17,"key":"DuplicationPotion"},{"floor":18,"key":"Ancient Potion"}],"is_trial":false,"path_per_floor":["M","?","$","M","M","R","E","R","T","M","E","R","M","M","R","B",null,"M","M","M","?","?","R","E"],"character_chosen":"WATCHER","items_purchased":["Protect"],"campfire_rested":0,"item_purchase_floors":[3],"current_hp_per_floor":[72,72,72,72,71,71,71,71,71,71,71,71,66,65,65,72,77,65,57,57,57,57,57,43,43],"gold":441,"neow_bonus":"BOSS_RELIC","is_daily":false,"chose_seed":false,"campfire_upgraded":5,"win_rate":0.0,"timestamp":1613701581,"path_taken":["M","?","$","M","M","R","E","R","T","M","E","R","?","M","R","BOSS","M","M","M","?","?","R","E"],"items_purchased_type":["Card"],"build_version":"2020-12-22","purchased_purges":1,"victory":false,"max_hp_per_floor":[72,72,72,72,72,72,72,72,72,72,72,72,72,72,72,72,77,77,77,77,77,77,77,77,77],"relic_stats":{"Centennial Puzzle":[15],"counters":[13,34],"Pantograph":7,"Blue Candle":[0],"obtain_stats":[{"Centennial Puzzle":7,"Tiny House":17,"Pantograph":9,"Blue Candle":11,"Coffee Dripper":0,"PureWater":0},{"Centennial Puzzle":4,"Tiny House":9,"Pantograph":4,"Blue Candle":6,"Coffee Dripper":0,"PureWater":0},{"Centennial Puzzle":8,"Tiny House":24,"Pantograph":8,"Blue Candle":15,"Coffee Dripper":0,"PureWater":0}]},"card_choices":[{"not_picked":["FlurryOfBlows","FlyingSleeves"],"picked":"BattleHymn","floor":1},{"not_picked":["CarveReality","FlyingSleeves"],"picked":"EmptyBody","floor":4},{"not_picked":["WindmillStrike","DeceiveReality"],"picked":"Tantrum","floor":5},{"not_picked":["PathToVictory","Vengeance"],"picked":"TalkToTheHand","floor":7},{"not_picked":["SashWhip","ForeignInfluence"],"picked":"Evaluate","floor":10},{"not_picked":["WindmillStrike","Collect"],"picked":"WheelKick","floor":11},{"not_picked":["DeceiveReality","Wallop"],"picked":"Perseverance","floor":13},{"not_picked":["Meditate","CarveReality","BattleHymn"],"picked":"SKIP","floor":14},{"not_picked":["SpiritShield","Devotion"],"picked":"MasterReality","floor":16},{"not_picked":["FlyingSleeves","Perseverance"],"picked":"FearNoEvil","floor":17},{"not_picked":["PathToVictory","SandsOfTime"],"picked":"Prostrate","floor":18},{"not_picked":["SashWhip","WindmillStrike+1"],"picked":"Evaluate","floor":19},{"not_picked":["FearNoEvil+1","Crescendo+1"],"picked":"Consecrate","floor":20}],"player_experience":1101255,"relics_obtained":[{"floor":7,"key":"Centennial Puzzle"},{"floor":9,"key":"Pantograph"},{"floor":11,"key":"Blue Candle"}],"event_choices":[{"damage_healed":0,"gold_gain":0,"player_choice":"Upgraded","damage_taken":0,"max_hp_gain":0,"max_hp_loss":0,"event_name":"Upgrade Shrine","floor":2,"gold_loss":0,"cards_upgraded":["BattleHymn"]},{"damage_healed":0,"gold_gain":0,"player_choice":"Simplicity","damage_taken":0,"max_hp_gain":0,"max_hp_loss":0,"event_name":"Back to Basics","floor":21,"gold_loss":0,"cards_upgraded":["Strike_P","Strike_P","Strike_P","Defend_P","Defend_P","Defend_P"]},{"damage_healed":0,"gold_gain":0,"player_choice":"Smashed Altar","damage_taken":0,"max_hp_gain":0,"max_hp_loss":0,"event_name":"Forgotten Altar","floor":22,"gold_loss":0,"cards_obtained":["Decay"]}],"is_beta":false,"boss_relics":[{"not_picked":["SacredBark","bronze:MakeshiftBattery"],"picked":"Tiny House"}],"items_purged_floors":[3],"is_endless":false,"potions_floor_spawned":[5,7,11,16,18],"killed_by":"Slavers","ascension_level":3}}