{"host":"snn1c4qsf0fj7fzf","time":1613704422,"event":{"mods":["AchievementEnabler","Act Like it!","Aspiration","Astrologer","BaseMod","Colored Powertips","Downfall","Gensokyo","Hermit","Hubris","Infinite Spire","Lobotomy","Minty Spire (QoL Compilation)","Random Character Button","Rare Cards Sparkle","Reimu??????","Reliquary","Replay The Spire","Shop Mod","Spire Arcade","StSLib","The Administrix","The Bug Knight","The Cursed","The Gatherer","The Hierophant","The Poker Player","The Runesmith"],"gold_per_floor":[99,111,128,128,142,171,171,171,182,182,282,282,282,282],"floor_reached":12,"language":"ENG","playtime":879,"items_purged":[],"score":78,"play_id":"7227b858-c711-4966-be83-c97d0d1ee6c1","local_time":"20210219111342","is_ascension_mode":false,"campfire_choices":[{"data":"sneckomod:Unknown","floor":1,"key":"SMITH"},{"data":"sneckomod:SoulCleanse","floor":10,"key":"SMITH"}],"circlet_count":0,"master_deck":["sneckomod:Strike","sneckomod:Strike","sneckomod:Defend","sneckomod:Defend","sneckomod:TailWhip","sneckomod:SnekBite","sneckomod:Unknown+1","sneckomod:Unknown","sneckomod:IronFang","sneckomod:IronFang","sneckomod:UnknownDraw","sneckomod:UnknownRarePower","sneckomod:SoulCleanse+1","sneckomod:SoulCleanse+1"],"relics":["sneckomod:SneckoSoul","reliquary:SharkskinSheath","reliquary:Aerogel"],"acts_visited":["Exordium"],"potions_floor_usage":[6],"damage_taken":[{"damage":1,"enemies":"Jaw Worm","floor":2,"turns":4},{"damage":0,"enemies":"Cultist","floor":3,"turns":3},{"damage":0,"enemies":"2 Louse","floor":5,"turns":3},{"damage":32,"enemies":"Lagavulin","floor":6,"turns":9},{"damage":3,"enemies":"downfall:LooterAlt","floor":9,"turns":3},{"damage":27,"enemies":"3 Sentries","floor":12,"turns":2}],"seed_played":"5000804940447629749","potions_obtained":[{"floor":3,"key":"Fire Potion"},{"floor":5,"key":"Ancient Potion"},{"floor":6,"key":"sneckomod:DiceRollPotion"}],"is_trial":false,"path_per_floor":["R","M","M","?","M","E","T","?","M","R","?","E"],"character_chosen":"THE_SNECKO","items_purchased":[],"campfire_rested":0,"item_purchase_floors":[],"current_hp_per_floor":[63,62,62,62,62,30,30,30,27,27,27,0,0,0],"gold":282,"neow_bonus":"REMOVE_TWO","is_daily":false,"chose_seed":false,"campfire_upgraded":2,"win_rate":0.0,"timestamp":1613704422,"path_taken":["R","M","M","?","?","E","T","?","M","R","?","E"],"items_purchased_type":[],"build_version":"2020-12-22","purchased_purges":0,"victory":false,"max_hp_per_floor":[90,90,90,90,90,90,90,90,90,90,90,90,90,90],"card_choices":[{"not_picked":["sneckomod:WideSting","sneckomod:Memorize"],"picked":"sneckomod:IronFang","floor":2},{"not_picked":["sneckomod:Unknown2Cost","sneckomod:SnekBeam"],"picked":"sneckomod:UnknownUncommonPower","floor":3},{"not_picked":["sneckomod:SoulRoll","sneckomod:MasterEye"],"picked":"sneckomod:UnknownDraw","floor":5},{"not_picked":["sneckomod:SnekBeam","sneckomod:Nope"],"picked":"sneckomod:UnknownRarePower","floor":6},{"not_picked":["sneckomod:UnknownVulnerable","sneckomod:UnknownExhaust"],"picked":"sneckomod:SoulCleanse","floor":9}],"player_experience":440812,"relics_obtained":[{"floor":6,"key":"reliquary:SharkskinSheath"},{"floor":7,"key":"reliquary:Aerogel"}],"event_choices":[],"is_beta":false,"boss_relics":[],"items_purged_floors":[],"is_endless":false,"potions_floor_spawned":[3,5,6],"killed_by":"3 Sentries","ascension_level":0}}