{"host":"rantoq7h0pygex6x","time":1613761017,"event":{"mods":["AchievementEnabler","BaseMod","BetterRewards","Minty Spire (QoL Compilation)","SuperFastMode"],"gold_per_floor":[111,122,140,153,153,153,153,168,168,168,168,68,68,84,84,84,84],"floor_reached":16,"language":"ENG","playtime":299,"items_purged":["Strike_R"],"score":284,"play_id":"88e0e169-4b03-4c4a-8ca1-17ddc3b94d16","local_time":"20210220025657","is_ascension_mode":true,"campfire_choices":[{"data":"Metallicize","floor":6,"key":"SMITH"},{"data":"Feel No Pain","floor":11,"key":"SMITH"},{"data":"Armaments","floor":13,"key":"SMITH"},{"floor":15,"key":"REST"}],"circlet_count":0,"master_deck":["AscendersBane","Strike_R","Strike_R","Strike_R","Strike_R","Defend_R","Defend_R","Defend_R","Defend_R","Bash","Armaments+1","Reckless Charge","Feel No Pain+1","Uppercut","Heavy Blade","True Grit","Headbutt","Feel No Pain+1","Metallicize+1","Cleave","Anger","Rage"],"relics":["Burning Blood","Mummified Hand","Champion Belt","Magic Flower","Singing Bowl"],"acts_visited":["Exordium"],"potions_floor_usage":[16],"damage_taken":[{"damage":0,"enemies":"Cultist","floor":1,"turns":5},{"damage":4,"enemies":"2 Louse","floor":2,"turns":3},{"damage":4,"enemies":"Jaw Worm","floor":3,"turns":3},{"damage":13,"enemies":"2 Fungi Beasts","floor":4,"turns":4},{"damage":17,"enemies":"Exordium Thugs","floor":8,"turns":6},{"damage":3,"enemies":"Looter","floor":14,"turns":4},{"damage":57,"enemies":"Slime Boss","floor":16,"turns":9}],"seed_played":"-4306775801758588974","potions_obtained":[{"floor":1,"key":"Regen Potion"},{"floor":3,"key":"FearPotion"}],"is_trial":false,"path_per_floor":["M","M","M","M","?","R","T","M","T","?","R","$","R","M","R","B"],"character_chosen":"IRONCLAD","items_purchased":["Armaments","Reckless Charge","Feel No Pain","Mummified Hand","Uppercut","Anger","Rage"],"campfire_rested":1,"item_purchase_floors":[0,0,0,0,0,12,12],"current_hp_per_floor":[46,48,50,43,32,32,32,24,24,24,24,24,24,32,55,0,0],"gold":84,"neow_bonus":"","is_daily":false,"chose_seed":false,"campfire_upgraded":3,"win_rate":0.0,"timestamp":1613761017,"path_taken":["M","M","M","?","?","R","?","M","T","?","R","$","R","?","R","BOSS"],"items_purchased_type":["Card","Card","Card","Relic","Card","Card","Card"],"build_version":"2020-12-22","purchased_purges":1,"victory":false,"max_hp_per_floor":[75,75,75,75,75,75,75,75,75,75,75,75,75,77,77,77,77],"card_choices":[{"not_picked":["Dual Wield","Havoc"],"picked":"True Grit","floor":1},{"not_picked":["Sword Boomerang","True Grit"],"picked":"Headbutt","floor":2},{"not_picked":["Carnage","Twin Strike"],"picked":"Feel No Pain","floor":3},{"not_picked":["Corruption","Iron Wave"],"picked":"Metallicize","floor":4},{"not_picked":["Intimidate","Burning Pact"],"picked":"Cleave","floor":8},{"not_picked":["Rupture","Warcry","Disarm"],"picked":"Singing Bowl","floor":14}],"player_experience":1004565,"relics_obtained":[{"floor":7,"key":"Magic Flower"},{"floor":9,"key":"Singing Bowl"}],"event_choices":[{"damage_healed":0,"gold_gain":0,"player_choice":"Success","damage_taken":11,"relics_obtained":["Champion Belt"],"max_hp_gain":0,"max_hp_loss":0,"event_name":"Scrap Ooze","floor":5,"gold_loss":0},{"damage_healed":0,"gold_gain":0,"player_choice":"Forge","damage_taken":0,"max_hp_gain":0,"max_hp_loss":0,"event_name":"Accursed Blacksmith","floor":10,"gold_loss":0,"cards_upgraded":["Feel No Pain"]}],"is_beta":false,"boss_relics":[],"items_purged_floors":[0],"is_endless":false,"potions_floor_spawned":[1,3,4],"killed_by":"Slime Boss","ascension_level":20}}