{"host":"ppqll9nf92xyjrj9","time":1613693115,"event":{"mods":["Act Like it!","Arknights","BaseMod","Bestiary","Better Third Choice","Bossed Relics","Curses Come First","Ekko","Evolution","Hermit","Jorbs\u0027s Wanderer Trilogy","Keyboard Shortcuts","Marked Mod","Minty Spire (QoL Compilation)","Relic Stats","Shapeshifter Mod","Spicy Shops","StS++","StSLib","The Marked","The Runesmith","Weighted Paths","【遗物卡牌】REMEMod"],"gold_per_floor":[118,131,81,92,110,140,157,185,211,211,211,241,260,294,294,393,393,407,424,444,444,543,543,574,574,598,618,75,75,29,58,58,161,161,171,271,271,131,131,131,145,145,145,145,145,145,145],"floor_reached":46,"language":"ENG","playtime":3025,"items_purged":[],"score":499,"play_id":"ae1dcb5f-537f-46d0-881a-7937a50eb873","local_time":"20210218160515","is_ascension_mode":false,"campfire_choices":[{"floor":15,"key":"REST"},{"floor":23,"key":"REST"},{"floor":25,"key":"REST"},{"data":"ats:Soul Absorption","floor":29,"key":"SMITH"},{"floor":32,"key":"REST"},{"data":"ats:Encircling Forest","floor":40,"key":"SMITH"},{"floor":42,"key":"REST"},{"data":"ats:Calcification","floor":45,"key":"SMITH"}],"circlet_count":0,"master_deck":["ats:Armor Crushing Shot","ats:Defend","ats:Defend","ats:Defend","ats:Defend","ats:Emotion Absorption","stsjorbsmod:Sentinel_Cull","ats:Soul Absorption+1","ats:Explosion Area Strengthen+1","ats:Blood Oath","ats:Assault Order","ats:Sashimi Platter","ats:Cat Scratch+1","ats:True Silver Slash","ats:Absolute Focus","ats:Calcification+1","ats:Phantom","ats:Mental Burst","Bite","Bite","Bite","Bite","Bite","ats:Rapid Magazine","ats:Collapsing Strike","ats:Encircling Forest+1","ats:Shadow Assault+1","ats:Powerful Strike+1","ats:Red Shift+1","Madness","Madness","ats:Revitalization"],"relics":["ats:Sanity","EVO:Axolotl","REME_ComplimentaryCards","NeowsBlessing","ats:Originium","Mummified Hand","Boot","Juzu Bracelet","Runic Pyramid","Bag of Marbles","Happy Flower","ats:Defend","White Beast Statue","Orichalcum","Molten Egg 2","StSpp:FireArrow","Ornamental Fan"],"acts_visited":["Exordium","TheCity","TheBeyond"],"potions_floor_usage":[2,6,14,24,24,33,33,33,41],"damage_taken":[{"damage":0,"enemies":"2 Louse","floor":1,"turns":1},{"damage":0,"enemies":"Small Slimes","floor":2,"turns":1},{"damage":0,"enemies":"Jaw Worm","floor":4,"turns":1},{"damage":0,"enemies":"Large Slime","floor":5,"turns":5},{"damage":45,"enemies":"Lagavulin","floor":6,"turns":10},{"damage":9,"enemies":"2 Fungi Beasts","floor":7,"turns":4},{"damage":25,"enemies":"3 Sentries","floor":8,"turns":8},{"damage":1,"enemies":"Exordium Wildlife","floor":13,"turns":4},{"damage":27,"enemies":"Gremlin Nob","floor":14,"turns":5},{"damage":46,"enemies":"Slime Boss","floor":16,"turns":13},{"damage":40,"enemies":"2 Thieves","floor":18,"turns":5},{"damage":26,"enemies":"3 Byrds","floor":19,"turns":5},{"damage":32,"enemies":"Cultist and Chosen","floor":20,"turns":6},{"damage":11,"enemies":"Gremlin Leader","floor":24,"turns":7},{"damage":13,"enemies":"Chosen and Byrds","floor":27,"turns":5},{"damage":48,"enemies":"Slavers","floor":31,"turns":7},{"damage":93,"enemies":"Collector","floor":33,"turns":15},{"damage":34,"enemies":"3 Shapes","floor":35,"turns":5},{"damage":35,"enemies":"3 Darklings","floor":41,"turns":5},{"damage":62,"enemies":"Nemesis","floor":46,"turns":6}],"seed_played":"4086393561589530502","potions_obtained":[{"floor":2,"key":"REME_GoldPotion"},{"floor":5,"key":"SkillPotion"},{"floor":8,"key":"PowerPotion"},{"floor":14,"key":"Dexterity Potion"},{"floor":16,"key":"Swift Potion"},{"floor":20,"key":"Block Potion"},{"floor":24,"key":"BlessingOfTheForge"},{"floor":31,"key":"ColorlessPotion"},{"floor":33,"key":"ats:Emergency Sanity Potion"},{"floor":35,"key":"AttackPotion"},{"floor":41,"key":"Weak Potion"}],"is_trial":false,"path_per_floor":["M","M","?","M","M","E","M","E","T","?","?","?","M","E","R","B",null,"M","M","M","?","?","R","E","R","T","M","$","R","$","E","R","B",null,"M","?","?","$","?","R","M","R","T","?","R","E"],"character_chosen":"DOCTOR_CLASS","items_purchased":["ats:Defend","White Beast Statue","Orichalcum","ats:Collapsing Strike","ats:Red Shift+1"],"campfire_rested":5,"item_purchase_floors":[28,28,28,30,38],"current_hp_per_floor":[72,72,72,72,72,33,35,21,21,7,7,7,19,14,35,15,72,48,28,7,7,7,28,33,54,54,56,56,56,56,30,51,23,72,43,36,63,63,55,55,30,48,48,48,48,0,0],"gold":145,"neow_bonus":"THREE_ENEMY_KILL","is_daily":false,"chose_seed":false,"campfire_upgraded":3,"win_rate":0.0,"timestamp":1613693115,"path_taken":["M","M","?","M","M","E","M","E","T","?","?","?","M","E","R","BOSS","M","M","M","?","?","R","E","R","T","M","?","R","$","E","R","BOSS","M","?","?","$","?","R","M","R","T","?","R","E"],"items_purchased_type":["Card","Relic","Relic","Card","Card"],"build_version":"2020-12-22","purchased_purges":0,"victory":false,"max_hp_per_floor":[72,72,72,72,72,72,72,72,72,72,72,72,72,72,72,72,72,72,72,72,72,72,72,72,72,72,72,72,72,72,72,72,72,72,72,72,63,63,63,63,63,63,63,63,63,63,63],"relic_stats":{"Happy Flower":[14],"counters":[20,118],"Mummified Hand":[20],"Ornamental Fan":[8],"Juzu Bracelet":0,"Orichalcum":[66],"Boot":[221],"obtain_stats":[{"NeowsBlessing":0,"Happy Flower":26,"StSpp:FireArrow":34,"Juzu Bracelet":14,"EVO:Axolotl":0,"Orichalcum":28,"Boot":9,"White Beast Statue":28,"Blood Vial":8,"ats:Originium":6,"Mummified Hand":6,"Ornamental Fan":43,"Molten Egg 2":31,"Bag of Marbles":24,"ats:Sanity":0,"REME_ComplimentaryCards":0,"Runic Pyramid":17,"ats:Defend":28},{"NeowsBlessing":0,"Happy Flower":14,"StSpp:FireArrow":17,"Juzu Bracelet":9,"EVO:Axolotl":0,"Orichalcum":15,"Boot":7,"White Beast Statue":15,"Blood Vial":7,"ats:Originium":5,"Mummified Hand":5,"Ornamental Fan":19,"Molten Egg 2":16,"Bag of Marbles":14,"ats:Sanity":0,"REME_ComplimentaryCards":0,"Runic Pyramid":10,"ats:Defend":15},{"NeowsBlessing":0,"Happy Flower":75,"StSpp:FireArrow":102,"Juzu Bracelet":39,"EVO:Axolotl":0,"Orichalcum":80,"Boot":30,"White Beast Statue":80,"Blood Vial":30,"ats:Originium":18,"Mummified Hand":18,"Ornamental Fan":112,"Molten Egg 2":87,"Bag of Marbles":75,"ats:Sanity":0,"REME_ComplimentaryCards":0,"Runic Pyramid":52,"ats:Defend":80}]},"card_choices":[{"not_picked":["ats:Guard Mode","ats:Literary Storm"],"picked":"ats:Soul Absorption","floor":1},{"not_picked":["ats:Very Hot Blade","ats:Cat Scratch"],"picked":"ats:Explosion Area Strengthen","floor":2},{"not_picked":["ats:Ignite","ats:Flexible Camouflage"],"picked":"ats:Blood Oath","floor":4},{"not_picked":["ats:Revitalization","ats:Apocalypse"],"picked":"ats:Assault Order","floor":5},{"not_picked":["ats:Very Hot Blade","ats:Guard Mode"],"picked":"ats:Sashimi Platter","floor":6},{"not_picked":["ats:Revitalization","ats:Explosion Area Strengthen"],"picked":"ats:Cat Scratch","floor":7},{"not_picked":["ats:Burning Ground","ats:Flexible Camouflage"],"picked":"ats:True Silver Slash","floor":8},{"not_picked":["ats:Assault Order","ats:Ignite","ats:Literary Storm"],"picked":"SKIP","floor":13},{"not_picked":["ats:Hammer On","ats:Spore Proliferation"],"picked":"ats:Absolute Focus","floor":14},{"not_picked":["ats:Fractured Body","ats:True Silver Slash"],"picked":"ats:Calcification","floor":16},{"not_picked":["ats:Song Of Battle","ats:Assault Order+1"],"picked":"ats:Phantom","floor":18},{"not_picked":["ats:Revitalization","ats:Chain Hook"],"picked":"ats:Mental Burst","floor":19},{"not_picked":["ats:Powerful Strike+1","ats:Poison Spread","ats:Guardian Obelisk"],"picked":"SKIP","floor":20},{"not_picked":["ats:Sashimi Platter","ats:Closed Bolt Burst Fire"],"picked":"ats:Ambush","floor":24},{"not_picked":["ats:Absolute Focus","ats:Curse Doll"],"picked":"ats:Rapid Magazine","floor":27},{"not_picked":["ats:Apocalypse","ats:Assault Order+1"],"picked":"ats:Encircling Forest","floor":31},{"not_picked":["ats:Calcification","ats:Ambush"],"picked":"ats:Shadow Assault+1","floor":33},{"not_picked":["ats:Leaping Hammer+1","ats:Consecutive Shot Auto+1"],"picked":"ats:Powerful Strike+1","floor":35},{"not_picked":["ats:Consecutive Shot Auto+1","ats:Fractured Body"],"picked":"ats:Revitalization","floor":41}],"player_experience":88436,"relics_obtained":[{"floor":6,"key":"ats:Originium"},{"floor":6,"key":"Mummified Hand"},{"floor":8,"key":"ats:Originium"},{"floor":8,"key":"Blood Vial"},{"floor":9,"key":"Boot"},{"floor":14,"key":"ats:Originium"},{"floor":14,"key":"Juzu Bracelet"},{"floor":24,"key":"ats:Originium"},{"floor":24,"key":"Bag of Marbles"},{"floor":26,"key":"Happy Flower"},{"floor":31,"key":"Molten Egg 2"},{"floor":43,"key":"Ornamental Fan"}],"event_choices":[{"cards_removed":["ats:Strike V"],"damage_healed":0,"gold_gain":0,"player_choice":"Card Removal","damage_taken":0,"max_hp_gain":0,"max_hp_loss":0,"event_name":"The Cleric","floor":3,"gold_loss":50},{"damage_healed":21,"gold_gain":0,"player_choice":"Upgrade","damage_taken":14,"max_hp_gain":0,"max_hp_loss":72,"event_name":"betterThird:BetterShining","floor":10,"gold_loss":0,"cards_upgraded":["ats:Cat Scratch","ats:Explosion Area Strengthen"]},{"damage_healed":0,"gold_gain":0,"player_choice":"Ignored","damage_taken":211,"max_hp_gain":0,"max_hp_loss":0,"event_name":"betterThird:BetterSerpent","floor":11,"gold_loss":0},{"damage_healed":0,"gold_gain":30,"player_choice":"Searched \u00271\u0027 times","damage_taken":0,"max_hp_gain":0,"max_hp_loss":0,"event_name":"Dead Adventurer","floor":12,"gold_loss":0},{"damage_healed":0,"gold_gain":0,"player_choice":"Became a vampire (Vial)","damage_taken":0,"max_hp_gain":0,"max_hp_loss":0,"event_name":"Vampires","floor":21,"relics_lost":["Blood Vial"],"gold_loss":0,"cards_obtained":["Bite","Bite","Bite","Bite","Bite"]},{"damage_healed":0,"gold_gain":99,"player_choice":"Steal","damage_taken":0,"max_hp_gain":0,"max_hp_loss":0,"event_name":"betterThird:BetterNest","floor":22,"gold_loss":0},{"damage_healed":63,"gold_gain":0,"player_choice":"Heal","damage_taken":0,"max_hp_gain":0,"max_hp_loss":9,"event_name":"The Moai Head","floor":37,"gold_loss":0},{"damage_healed":0,"gold_gain":0,"player_choice":"Embrace Madness","damage_taken":8,"max_hp_gain":0,"max_hp_loss":0,"event_name":"Winding Halls","floor":39,"gold_loss":0,"cards_obtained":["Madness","Madness"]},{"cards_removed":["ats:Ambush"],"damage_healed":0,"gold_gain":0,"player_choice":"Removed Power","damage_taken":0,"max_hp_gain":0,"max_hp_loss":0,"event_name":"Falling","floor":44,"gold_loss":0}],"is_beta":false,"boss_relics":[{"not_picked":["StSpp:Magatama","Fusion Hammer"],"picked":"Runic Pyramid"},{"not_picked":["Cursed Key","Astrolabe"],"picked":"StSpp:FireArrow"}],"items_purged_floors":[],"is_endless":false,"potions_floor_spawned":[2,5,8,14,16,20,24,31,33,35,41],"killed_by":"Nemesis","ascension_level":0}}