{"host":"6e4d2nejd5141r00","time":1613738478,"event":{"mods":["Act Like it!","BaseMod","Better Synergies","Better Third Choice","BetterRewards","CapriCore","Colored Map","Colored Powertips","GifTheSpireLib","Infinite Spire","Minty Spire (QoL Compilation)","Relic Stats","Replay The Spire","Spire Arcade","StSLib","Wandering Minibosses"],"gold_per_floor":[113,113,113,130,82,82,93,127,127,127,145,145,158,176,176,176,176],"floor_reached":16,"language":"ENG","playtime":345,"items_purged":[],"score":102,"play_id":"923178a1-c505-4132-8f15-1d449205f4e5","local_time":"20210219134118","is_ascension_mode":false,"campfire_choices":[{"data":"Consecrate","floor":6,"key":"SMITH"},{"floor":12,"key":"REST"},{"floor":15,"key":"REST"}],"circlet_count":0,"master_deck":["Strike_P","Strike_P","Strike_P","Strike_P","Defend_P","Defend_P","Defend_P","Eruption","Vigilance","Consecrate+1","Worship","Replay:Battleflow+1","Establishment"],"relics":["PureWater","NeowsBlessing","betterThird:SlimedRelic","Chameleon Ring","Replay:Towering Pillar of Hats"],"acts_visited":["Exordium"],"potions_floor_usage":[8,13,16],"damage_taken":[{"damage":0,"enemies":"Cultist","floor":1,"turns":1},{"damage":0,"enemies":"2 Louse","floor":4,"turns":1},{"damage":0,"enemies":"Small Slimes","floor":7,"turns":1},{"damage":34,"enemies":"Gremlin Nob","floor":8,"turns":5},{"damage":7,"enemies":"Blue Slaver","floor":11,"turns":3},{"damage":6,"enemies":"Large Slime","floor":13,"turns":4},{"damage":0,"enemies":"Gremlin Gang","floor":14,"turns":2},{"damage":69,"enemies":"Fading Forest","floor":16,"turns":6}],"seed_played":"2927123347120248597","potions_obtained":[{"floor":4,"key":"Explosive Potion"},{"floor":7,"key":"Ancient Potion"},{"floor":11,"key":"StancePotion"}],"is_trial":false,"path_per_floor":["M","$","?","M","?","R","M","E","T","?","M","R","M","M","R","B"],"character_chosen":"WATCHER","items_purchased":[],"campfire_rested":2,"item_purchase_floors":[],"current_hp_per_floor":[72,72,65,65,54,54,54,20,20,20,13,34,28,28,49,0,0],"gold":176,"neow_bonus":"THREE_ENEMY_KILL","is_daily":false,"chose_seed":false,"campfire_upgraded":1,"win_rate":0.0,"timestamp":1613738478,"path_taken":["M","?","?","M","?","R","M","E","T","?","M","R","M","M","R","BOSS"],"items_purchased_type":[],"build_version":"2020-12-22","purchased_purges":0,"victory":false,"max_hp_per_floor":[72,72,72,72,72,72,72,72,72,72,72,72,72,72,72,72,72],"relic_stats":{"counters":[8,23],"obtain_stats":[{"Chameleon Ring":8,"NeowsBlessing":0,"Replay:Towering Pillar of Hats":9,"betterThird:SlimedRelic":5,"PureWater":0},{"Chameleon Ring":4,"NeowsBlessing":0,"Replay:Towering Pillar of Hats":4,"betterThird:SlimedRelic":2,"PureWater":0},{"Chameleon Ring":8,"NeowsBlessing":0,"Replay:Towering Pillar of Hats":8,"betterThird:SlimedRelic":2,"PureWater":0}]},"card_choices":[{"not_picked":["Replay:ManipulateFuture","Replay:BluntJabs"],"picked":"Consecrate","floor":1},{"not_picked":["Replay:BluntJabs","Study"],"picked":"Worship","floor":4},{"not_picked":["SashWhip","Conclude","Consecrate"],"picked":"SKIP","floor":7},{"not_picked":["Pray","Meditate"],"picked":"Replay:Battleflow","floor":8},{"not_picked":["MentalFortress","Evaluate","FlyingSleeves"],"picked":"SKIP","floor":11},{"not_picked":["Evaluate","Consecrate"],"picked":"Establishment","floor":13},{"not_picked":["JustLucky","Sanctity","Vengeance"],"picked":"SKIP","floor":14}],"player_experience":86567,"relics_obtained":[{"floor":8,"key":"Chameleon Ring"},{"floor":9,"key":"Replay:Towering Pillar of Hats"}],"event_choices":[{"cards_removed":["Defend_P"],"damage_healed":0,"gold_gain":0,"player_choice":"Card Removal","damage_taken":7,"max_hp_gain":0,"max_hp_loss":0,"event_name":"Golden Wing","floor":3,"gold_loss":0},{"damage_healed":0,"gold_gain":0,"player_choice":"Slimed","damage_taken":11,"max_hp_gain":0,"max_hp_loss":0,"event_name":"betterThird:BetterGoop","floor":5,"gold_loss":48},{"damage_healed":0,"gold_gain":0,"player_choice":"Grow","damage_taken":0,"max_hp_gain":0,"max_hp_loss":0,"event_name":"Living Wall","floor":10,"gold_loss":0,"cards_upgraded":["Replay:Battleflow"]}],"is_beta":false,"boss_relics":[],"items_purged_floors":[],"is_endless":false,"potions_floor_spawned":[4,7,11],"killed_by":"Fading Forest","ascension_level":0}}