{"host":"tlbbab9afexrkdtf","time":1613778392,"event":{"mods":["2.2 Compatiblity","AchievementEnabler","BaseMod","Colored Map","Colored Powertips","Minty Spire (QoL Compilation)","Rare Cards Sparkle","StSLib"],"gold_per_floor":[113,113,130,130,145,175,185,185,212,18,50,50,62,80,80,181,181,194,194,229,229,300,300,300,300],"floor_reached":24,"language":"ENG","playtime":512,"items_purged":[],"score":255,"play_id":"95d6de33-d937-4389-8987-57ff4cd5defb","local_time":"20210219184632","is_ascension_mode":true,"campfire_choices":[{"floor":8,"key":"REST"},{"floor":12,"key":"REST"},{"floor":15,"key":"REST"},{"floor":23,"key":"REST"}],"circlet_count":0,"master_deck":["Strike_R","Strike_R","Strike_R","Strike_R","Strike_R","Defend_R","Defend_R","Defend_R","Defend_R","Bash","Uppercut+1","Shrug It Off","Purity","Combust","Clothesline","Intimidate","Flex","Inflame","Combust","Intimidate","Demon Form","Cleave+1","Anger"],"relics":["Burning Blood","StoneCalendar","Ancient Tea Set","Akabeko","Tiny Chest","Boot","Black Star","Red Mask","Shuriken"],"acts_visited":["Exordium","TheCity"],"potions_floor_usage":[6,11,16,20,20],"damage_taken":[{"damage":0,"enemies":"Small Slimes","floor":1,"turns":3},{"damage":2,"enemies":"Cultist","floor":3,"turns":4},{"damage":7,"enemies":"Jaw Worm","floor":5,"turns":4},{"damage":47,"enemies":"Lagavulin","floor":6,"turns":7},{"damage":10,"enemies":"2 Fungi Beasts","floor":7,"turns":4},{"damage":29,"enemies":"3 Sentries","floor":11,"turns":7},{"damage":7,"enemies":"Blue Slaver","floor":13,"turns":3},{"damage":14,"enemies":"Looter","floor":14,"turns":3},{"damage":19,"enemies":"Slime Boss","floor":16,"turns":7},{"damage":56,"enemies":"3 Byrds","floor":18,"turns":5},{"damage":24,"enemies":"Masked Bandits","floor":20,"turns":6},{"damage":50,"enemies":"Slavers","floor":24,"turns":3}],"seed_played":"-726369469554985795","potions_obtained":[{"floor":1,"key":"SteroidPotion"},{"floor":5,"key":"ColorlessPotion"},{"floor":7,"key":"LiquidMemories"},{"floor":13,"key":"AttackPotion"},{"floor":18,"key":"AttackPotion"}],"is_trial":false,"path_per_floor":["M","?","M","?","M","E","M","R","T","$","E","R","M","M","R","B",null,"M","?","?","?","T","R","E"],"character_chosen":"IRONCLAD","items_purchased":["Tiny Chest","Flex"],"campfire_rested":4,"item_purchase_floors":[10,10],"current_hp_per_floor":[72,72,72,72,71,30,26,47,47,47,24,45,44,36,57,44,65,15,39,21,21,21,42,0,0],"gold":300,"neow_bonus":"ONE_RARE_RELIC","is_daily":false,"chose_seed":false,"campfire_upgraded":0,"win_rate":0.0,"timestamp":1613778392,"path_taken":["M","?","?","?","?","E","M","R","T","?","E","R","M","M","R","BOSS","M","?","?","?","?","R","E"],"items_purchased_type":["Relic","Card"],"build_version":"2020-12-22","purchased_purges":0,"victory":false,"max_hp_per_floor":[72,72,72,72,72,72,72,72,72,72,72,72,72,72,72,72,72,72,72,72,72,72,72,72,72],"card_choices":[{"not_picked":["Disarm","Searing Blow"],"picked":"Uppercut","floor":1},{"not_picked":["Heavy Blade","Intimidate"],"picked":"Shrug It Off","floor":3},{"not_picked":["Clothesline","Cleave"],"picked":"Combust","floor":5},{"not_picked":["Sever Soul","Reckless Charge"],"picked":"Clothesline","floor":6},{"not_picked":["True Grit","Sword Boomerang"],"picked":"Intimidate","floor":7},{"not_picked":["Armaments","Body Slam"],"picked":"Inflame","floor":11},{"not_picked":["Bloodletting","Flame Barrier"],"picked":"Combust","floor":13},{"not_picked":["Warcry","Sever Soul"],"picked":"Intimidate","floor":14},{"not_picked":["Exhume","Limit Break"],"picked":"Demon Form","floor":16},{"not_picked":["Clothesline+1","Iron Wave+1"],"picked":"Cleave+1","floor":18},{"not_picked":["Twin Strike","Blood for Blood+1"],"picked":"Anger","floor":20}],"player_experience":344085,"relics_obtained":[{"floor":6,"key":"Ancient Tea Set"},{"floor":9,"key":"Akabeko"},{"floor":11,"key":"Boot"},{"floor":20,"key":"Red Mask"},{"floor":22,"key":"Shuriken"}],"event_choices":[{"damage_healed":0,"gold_gain":0,"player_choice":"Upgraded","damage_taken":0,"max_hp_gain":0,"max_hp_loss":0,"event_name":"Upgrade Shrine","floor":2,"gold_loss":0,"cards_upgraded":["Uppercut"]},{"damage_healed":0,"gold_gain":0,"player_choice":"1 cards matched","damage_taken":0,"max_hp_gain":0,"max_hp_loss":0,"event_name":"Match and Keep!","floor":4,"gold_loss":0,"cards_obtained":["Purity"]},{"damage_healed":24,"gold_gain":0,"player_choice":"Heal","damage_taken":0,"max_hp_gain":0,"max_hp_loss":0,"event_name":"The Library","floor":19,"gold_loss":0},{"damage_healed":0,"gold_gain":0,"player_choice":"Fought Bandits","damage_taken":0,"max_hp_gain":0,"max_hp_loss":0,"event_name":"Masked Bandits","floor":20,"gold_loss":0},{"damage_healed":0,"gold_gain":0,"player_choice":"Ignored","damage_taken":0,"max_hp_gain":0,"max_hp_loss":0,"event_name":"Ghosts","floor":21,"gold_loss":0}],"is_beta":false,"boss_relics":[{"not_picked":["Snecko Eye","Astrolabe"],"picked":"Black Star"}],"items_purged_floors":[],"is_endless":false,"potions_floor_spawned":[1,5,7,13,18],"killed_by":"Slavers","ascension_level":5}}