{"host":"itbqv4oobgse7q4n","time":1613744704,"event":{"mods":["100% Spire Juice","2.2 Compatiblity","Act Like it!","Aspiration","BaseMod","Bestiary","Bossed Relics","CapriCore","Card Forge","Colored Powertips","Evolution","Extra Virgin Snecko Oil","Friendly Minions","FutureSeer","Gensokyo","GifTheSpireLib","Hero for Fun","Highlight Path","HololiveMod","Hubris","LagranYue(???·?)","Minty Spire (QoL Compilation)","Prisma Mod","Relic Filter","Reliquary","Remilia??????","Replay The Spire","Ruina","Shapeshifter Mod","Shop Mod","Small Relic Pack","StSLib","Td1madao Mod","The Alterego","The Animator","The Immortal","The Necromancer","The Sage","The Servant 0.9.4","The Wild Card","Wandering Minibosses","Yakumo Yukari mod"],"gold_per_floor":[112,125,125,0,0,35,46,235,235,235,254,280,267,267,363,462,462,482,501,511,528,493,520,520,520,520,520,642,656,656,690,772,871,871,884,899,100,100,115,147,147,179,249,549,559,571,591,602,602,602,602,602,602,635,635],"floor_reached":56,"language":"RUS","playtime":9167,"items_purged":[],"score":1415,"play_id":"279d4307-b8a5-4f35-a400-0636553581be","local_time":"20210219172504","is_ascension_mode":false,"campfire_choices":[{"floor":10.0,"key":"RECALL"},{"data":"1","floor":27.0,"key":"LIFT"},{"data":"2","floor":30.0,"key":"LIFT"},{"data":"3","floor":41.0,"key":"LIFT"},{"floor":49,"key":"REST"},{"floor":52,"key":"REST"}],"circlet_count":0,"master_deck":["StSShapeShifter:ShapeShifter_Strike+1","StSShapeShifter:ShapeShifter_Strike+1","StSShapeShifter:ShapeShifter_Strike+1","StSShapeShifter:ShapeShifter_Strike+1","StSShapeShifter:ShapeShifter_Strike+1","StSShapeShifter:ShapeShifter_Defend+1","StSShapeShifter:ShapeShifter_Defend+1","StSShapeShifter:ShapeShifter_Defend+1","StSShapeShifter:ShapeShifter_Defend+1","StSShapeShifter:ShapeShifter_Defend+1","StSShapeShifter:Tortoise_Form+1","StSShapeShifter:Lynx_Form+1","StSShapeShifter:ReplenishingNectar+1","StSShapeShifter:ClimbTree+1","StSShapeShifter:RhinoCalfForm+1","StSShapeShifter:Guard+1","StSShapeShifter:LionForm+1","StSShapeShifter:MonkeyForm+1","StSShapeShifter:RockSlide+1","StSShapeShifter:MonkeyForm+1","StSShapeShifter:Summer+1","StSShapeShifter:BloomingSlash+1","StSShapeShifter:Sapling+1","StSShapeShifter:TopazSkin+1","StSShapeShifter:PhoenixForm+1","StSShapeShifter:EmbraceTheCycle+1","StSShapeShifter:OwlForm+1","StSShapeShifter:Bonk+1","StSShapeShifter:BulwarkOfDiscovery+1","StSShapeShifter:Sap_Burst+1","StSShapeShifter:WiltingWrath+1","StSShapeShifter:VileMushroom+1","StSShapeShifter:Ensconce+1","StSShapeShifter:DeerForm+1","StSShapeShifter:ClimbTree+1","StSShapeShifter:BearForm+1","StSShapeShifter:LionForm+1","StSShapeShifter:BurrBomb+1","StSShapeShifter:Hunt+1","StSShapeShifter:DiverseSpirit+1","Madness+1","StSShapeShifter:Flourish+1","StSShapeShifter:BladeOfGrass+1","StSShapeShifter:Ensconce+1"],"relics":["StSShapeShifter:TheShapeShiftersMagnolia","Anvil of the Gods","EVO:Axolotl","hubris:Zylophone","Blue Doll","Gensokyo:Companionship","relicPack:DSword","Tiny House","Replay:Rubber Ducky","Girya","wanderingMiniBosses:ThiefScarf","Seething Fire","StSShapeShifter:AnimalHeart","Hammer of Thor","Meat on the Bone","reliquary:Aerogel","LagranYue:SoulBurningRelic","hubris:EmptyBottle","Sling","Orrery","OrangePellets","Anchor","reliquary:SilkGlove","ReplayFunnel","hubris:DeckOfHolding","Iron Hammer","hubris:NiceRug","Gremlin Food","reliquary:SharkskinSheath","reliquary:CitrusReamer","Gambling Chip","White Beast Statue"],"acts_visited":["Gensokyo:Gensokyo","ruina:Briah","Gensokyo:Gensokyoest","TheEnding"],"potions_floor_usage":[44,44,44,44,55],"damage_taken":[{"damage":1.0,"enemies":"Gensokyo:2_Kodama","floor":1.0,"turns":3.0},{"damage":4.0,"enemies":"Gensokyo:Gryphon","floor":2.0,"turns":3.0},{"damage":20.0,"enemies":"Gensokyo:Mamizou","floor":6.0,"turns":7.0},{"damage":5.0,"enemies":"Gensokyo:3_Fairies","floor":7.0,"turns":7.0},{"damage":12.0,"enemies":"Gensokyo:3_Kodama","floor":8.0,"turns":6.0},{"damage":0.0,"enemies":"Gensokyo:LivingMonolith","floor":11.0,"turns":4.0},{"damage":5.0,"enemies":"Gensokyo:Cirno","floor":12.0,"turns":13.0},{"damage":0.0,"enemies":"Gensokyo:VengefulSpirit","floor":13.0,"turns":7.0},{"damage":0.0,"enemies":"Gensokyo:Reimu","floor":16.0,"turns":8.0},{"damage":0.0,"enemies":"ruina:2_Scarecrows","floor":18.0,"turns":5.0},{"damage":0.0,"enemies":"ruina:Nosferatu","floor":19.0,"turns":5.0},{"damage":24.0,"enemies":"ruina:KnightOfDespair","floor":20.0,"turns":7.0},{"damage":16.0,"enemies":"ruina:QueenOfHate","floor":21.0,"turns":5.0},{"damage":24.0,"enemies":"ruina:3_Scarecrows","floor":22.0,"turns":8.0},{"damage":21.0,"enemies":"ruina:RoadHome","floor":23.0,"turns":10.0},{"damage":9.0,"enemies":"ruina:Woodsman","floor":28.0,"turns":6.0},{"damage":13.0,"enemies":"ruina:QueenOfHate","floor":29.0,"turns":5.0},{"damage":14.0,"enemies":"ruina:ServantOfWrath","floor":31.0,"turns":7.0},{"damage":8.0,"enemies":"ruina:Red_and_Wolf","floor":33.0,"turns":9.0},{"damage":0.0,"enemies":"Gensokyo:3_Bats","floor":35.0,"turns":6.0},{"damage":7.0,"enemies":"Gensokyo:AncientGuardian","floor":36.0,"turns":5.0},{"damage":5.0,"enemies":"Gensokyo:3_Boulders","floor":39.0,"turns":8.0},{"damage":3.0,"enemies":"Gensokyo:Marisa","floor":40.0,"turns":11.0},{"damage":0.0,"enemies":"Gensokyo:Doremy","floor":42.0,"turns":9.0},{"damage":69,"enemies":"hubris:Merchant","floor":44,"turns":9},{"damage":0,"enemies":"Gensokyo:Dusk_and_Dawn","floor":45,"turns":6},{"damage":0,"enemies":"Gensokyo:Sharpion","floor":46,"turns":5},{"damage":0,"enemies":"Gensokyo:SeedOfUnknown","floor":47,"turns":6},{"damage":2,"enemies":"Gensokyo:AtlasGolem","floor":48,"turns":5},{"damage":0,"enemies":"Gensokyo:Yuyuko","floor":50,"turns":8},{"damage":10,"enemies":"Shield and Spear","floor":54,"turns":7},{"damage":31,"enemies":"The Heart","floor":55,"turns":11}],"seed_played":"-7056772318578227079","potions_obtained":[{"floor":1.0,"key":"Block Potion"},{"floor":2.0,"key":"Dexterity Potion"},{"floor":8.0,"key":"Swift Potion"},{"floor":16.0,"key":"Explosive Potion"},{"floor":19.0,"key":"Fire Potion"},{"floor":22.0,"key":"SpeedPotion"},{"floor":28.0,"key":"Death Potion"},{"floor":29.0,"key":"SpeedPotion"},{"floor":35.0,"key":"Block Potion"},{"floor":44,"key":"DistilledChaos"},{"floor":44,"key":"Adrenaline Potion"},{"floor":44,"key":"Elixir"},{"floor":47,"key":"EntropicBrew"}],"is_trial":false,"path_per_floor":["M","M","?","COS","?","E","M","M","T","R","M","E","M","?","R","B",null,"M","M","M","M","M","E","?","?","T","R","M","M","R","E","R","B",null,"M","M","COS","?","M","E","R","E","T","$","M","M","M","M","R","B",null,"R","$","E","B",null],"character_chosen":"SHAPESHIFTER","items_purchased":[],"campfire_rested":2,"item_purchase_floors":[],"current_hp_per_floor":[84,81,73,73,73,56,72,60,60,60,85,80,80,45,45,85,85,85,85,85,85,61,74,74,83,83,83,85,76,76,85,85,77,85,85,85,85,85,80,77,77,88,88,76,76,88,88,86,88,88,88,88,88,78,47],"gold":635,"neow_bonus":"TEN_PERCENT_HP_BONUS","is_daily":false,"chose_seed":false,"campfire_upgraded":0,"win_rate":0.0,"timestamp":1613744704,"path_taken":["M","M","?","COS","?","E","M","M","T","R","M","E","M","?","R","BOSS","M","M","M","M","M","E","?","?","T","R","?","M","R","E","R","BOSS","M","?","COS","?","M","E","R","E","T","?","M","M","M","M","R","BOSS","R","$","E","BOSS"],"items_purchased_type":[],"build_version":"2020-12-22","purchased_purges":0,"victory":true,"max_hp_per_floor":[85,85,85,85,85,85,85,85,85,85,85,85,85,85,85,85,85,85,85,85,85,85,85,85,85,85,85,85,85,85,85,85,85,85,85,85,85,85,88,88,88,88,88,88,88,88,88,88,88,88,88,88,88,88,88],"card_choices":[{"not_picked":["StSShapeShifter:BaskInBloom","StSShapeShifter:EagleForm"],"picked":"StSShapeShifter:ReplenishingNectar","floor":1.0},{"not_picked":["StSShapeShifter:Maul","StSShapeShifter:SquirrelForm"],"picked":"StSShapeShifter:Roar","floor":2.0},{"not_picked":["StSShapeShifter:AdaptiveStrikes","StSShapeShifter:Roar"],"picked":"StSShapeShifter:ClimbTree","floor":6.0},{"not_picked":["StSShapeShifter:WolfsBane","StSShapeShifter:Forgiveness"],"picked":"StSShapeShifter:RhinoCalfForm","floor":7.0},{"not_picked":["StSShapeShifter:Roar","StSShapeShifter:Evolution"],"picked":"StSShapeShifter:Guard","floor":7.0},{"not_picked":["StSShapeShifter:BloomingSlash","StSShapeShifter:SunflowerShuriken"],"picked":"StSShapeShifter:LionForm","floor":8.0},{"not_picked":["StSShapeShifter:VineHandcuffs","StSShapeShifter:RatForm"],"picked":"StSShapeShifter:MonkeyForm","floor":11.0},{"not_picked":["StSShapeShifter:WiltingWrath","StSShapeShifter:ThornToss"],"picked":"StSShapeShifter:RockSlide","floor":12.0},{"not_picked":["StSShapeShifter:Wildfire2","StSShapeShifter:AdaptiveStrikes"],"picked":"StSShapeShifter:MonkeyForm","floor":13.0},{"not_picked":["StSShapeShifter:MooseForm","StSShapeShifter:PhoenixForm"],"picked":"StSShapeShifter:Summer","floor":16.0},{"not_picked":["StSShapeShifter:FesteringBite","StSShapeShifter:FallingLeaves"],"picked":"StSShapeShifter:BloomingSlash+1","floor":18.0},{"not_picked":["StSShapeShifter:RockSlide","StSShapeShifter:Rest"],"picked":"StSShapeShifter:Sapling","floor":19.0},{"not_picked":["StSShapeShifter:Rest","StSShapeShifter:OwlForm+1"],"picked":"StSShapeShifter:TopazSkin+1","floor":20.0},{"not_picked":["StSShapeShifter:RockSlide","StSShapeShifter:Guard"],"picked":"StSShapeShifter:PhoenixForm","floor":21.0},{"not_picked":["StSShapeShifter:SpiritOfTheEarth","StSShapeShifter:FallingLeaves","StSShapeShifter:Maul+1"],"picked":"SKIP","floor":22.0},{"not_picked":["StSShapeShifter:MagicMushrooms","StSShapeShifter:MonkeyForm+1","StSShapeShifter:OpportuneSwoop+1"],"picked":"SKIP","floor":23.0},{"not_picked":["StSShapeShifter:ThornToss","StSShapeShifter:HummingbirdForm+1"],"picked":"StSShapeShifter:OwlForm+1","floor":28.0},{"not_picked":["StSShapeShifter:Guard","StSShapeShifter:Wildfire2"],"picked":"StSShapeShifter:Bonk","floor":29.0},{"not_picked":["StSShapeShifter:ThrashAbout","StSShapeShifter:RitualOfTheExtinct","StSShapeShifter:BarkSkin"],"picked":"SKIP","floor":31.0},{"not_picked":["StSShapeShifter:SquirrelForm","StSShapeShifter:Rest+1"],"picked":"StSShapeShifter:BulwarkOfDiscovery+1","floor":32.0},{"not_picked":["StSShapeShifter:Autumn","StSShapeShifter:RestoreBalance"],"picked":"StSShapeShifter:Sap_Burst","floor":33.0},{"not_picked":["StSShapeShifter:SquirrelForm+1","StSShapeShifter:ReplenishingNectar+1"],"picked":"StSShapeShifter:WiltingWrath+1","floor":35.0},{"not_picked":["StSShapeShifter:FallingLeaves+1","StSShapeShifter:BurstingSpore"],"picked":"StSShapeShifter:VileMushroom","floor":36.0},{"not_picked":["StSShapeShifter:SquirrelForm+1","StSShapeShifter:WiltingWrath+1"],"picked":"StSShapeShifter:Ensconce+1","floor":37.0},{"not_picked":["StSShapeShifter:ForestFire","StSShapeShifter:LeapingSlash"],"picked":"StSShapeShifter:DeerForm","floor":37.0},{"not_picked":["StSShapeShifter:FallingLeaves+1","StSShapeShifter:AdaptiveStrikes"],"picked":"StSShapeShifter:ClimbTree","floor":37.0},{"not_picked":["StSShapeShifter:Rest","StSShapeShifter:ReplenishingNectar+1"],"picked":"StSShapeShifter:BearForm","floor":37.0},{"not_picked":["StSShapeShifter:BearForm","StSShapeShifter:BladeOfGrass","StSShapeShifter:MonkeyForm"],"picked":"SKIP","floor":39.0},{"not_picked":["StSShapeShifter:Winter","StSShapeShifter:Summon_Mountains"],"picked":"StSShapeShifter:LionForm","floor":40.0},{"not_picked":["StSShapeShifter:HummingbirdForm","StSShapeShifter:BladeOfGrass"],"picked":"StSShapeShifter:BurrBomb","floor":40.0},{"not_picked":["StSShapeShifter:FesteringBite","StSShapeShifter:PantherForm","StSShapeShifter:VineHandcuffs+1"],"picked":"SKIP","floor":42.0},{"not_picked":[],"picked":"StSShapeShifter:Hunt","floor":44},{"not_picked":[],"picked":"StSShapeShifter:DiverseSpirit","floor":44},{"not_picked":[],"picked":"Madness","floor":44},{"not_picked":["StSShapeShifter:ThornToss"],"picked":"SKIP","floor":44},{"not_picked":["StSShapeShifter:PoisonIvy"],"picked":"SKIP","floor":44},{"not_picked":["StSShapeShifter:Rest+1"],"picked":"SKIP","floor":44},{"not_picked":["Panache"],"picked":"SKIP","floor":44},{"not_picked":["StSShapeShifter:RockSlide+1","StSShapeShifter:WaspSwarmForm"],"picked":"StSShapeShifter:Flourish","floor":45},{"not_picked":["StSShapeShifter:RockSlide+1","StSShapeShifter:VileMushroom","StSShapeShifter:Guard+1"],"picked":"SKIP","floor":46},{"not_picked":["StSShapeShifter:BurstingSpore","StSShapeShifter:SunflowerShuriken+1","StSShapeShifter:Guard"],"picked":"SKIP","floor":47},{"not_picked":["StSShapeShifter:PoisonIvy","StSShapeShifter:ThornToss+1"],"picked":"StSShapeShifter:BladeOfGrass+1","floor":48},{"not_picked":["StSShapeShifter:FlowerShield+1","StSShapeShifter:EmbraceTheCycle+1"],"picked":"StSShapeShifter:Ensconce+1","floor":54}],"player_experience":215408,"relics_obtained":[{"floor":6.0,"key":"hubris:Zylophone"},{"floor":12.0,"key":"Blue Doll"},{"floor":23.0,"key":"Replay:Rubber Ducky"},{"floor":26.0,"key":"Girya"},{"floor":28.0,"key":"wanderingMiniBosses:ThiefScarf"},{"floor":28.0,"key":"Seething Fire"},{"floor":28.0,"key":"StSShapeShifter:AnimalHeart"},{"floor":28.0,"key":"Hammer of Thor"},{"floor":31.0,"key":"Meat on the Bone"},{"floor":32.0,"key":"reliquary:Aerogel"},{"floor":40.0,"key":"reliquary:SilkGlove"},{"floor":42.0,"key":"hubris:DeckOfHolding"},{"floor":43.0,"key":"Iron Hammer"},{"floor":44,"key":"Gremlin Food"},{"floor":44,"key":"reliquary:SharkskinSheath"},{"floor":44,"key":"reliquary:CitrusReamer"},{"floor":54,"key":"White Beast Statue"}],"event_choices":[],"is_beta":false,"boss_relics":[{"not_picked":["Replay:Ancient Bell","ChewingGum"],"picked":"Tiny House"},{"not_picked":["aspiration:RitualDagger","SlaversCollar"],"picked":"LagranYue:SoulBurningRelic"}],"items_purged_floors":[],"is_endless":false,"potions_floor_spawned":[1,2,8,16,19,22,28,29,35,39,46,47],"ascension_level":0}}