{"host":"bxzomvt4ag86nh1n","time":1613757002,"event":{"mods":["BaseMod","Bestiary","Colored Map","Highlight Path","Minty Spire (QoL Compilation)","Relic Stats"],"gold_per_floor":[111,127,12,22,22,22,70,70,146,146,37,37,47,82,82,182,182,200,210,54,64,82,82,82,117,117,117,117,147,147,180,180,277,277,297,297,297,316,329,364,364,382,382,709,709,7,39,39,39,39],"floor_reached":51,"language":"ENG","playtime":6832,"items_purged":["Strike_B","Zap"],"score":958,"play_id":"fd092e24-fd9a-4e99-a59d-e877cbc8bc7f","local_time":"20210219185002","is_ascension_mode":true,"campfire_choices":[{"data":"Blizzard","floor":6.0,"key":"SMITH"},{"data":"Genetic Algorithm","floor":8.0,"key":"SMITH"},{"data":"Cold Snap","floor":10.0,"key":"SMITH"},{"floor":15.0,"key":"REST"},{"data":"Recycle","floor":23.0,"key":"SMITH"},{"data":"Rainbow","floor":27.0,"key":"SMITH"},{"floor":30.0,"key":"REST"},{"data":"Defragment","floor":32.0,"key":"SMITH"},{"data":"Fission","floor":41.0,"key":"SMITH"},{"data":"Defragment","floor":45.0,"key":"SMITH"},{"data":"Darkness","floor":49,"key":"SMITH"}],"circlet_count":0,"master_deck":["Dualcast","Violence","Cold Snap+1","Gash","Blizzard+1","Genetic Algorithm+1","Scrape","Recycle+1","Loop","Rainbow+1","Defragment+1","Turbo","Conserve Battery","Glacier","Defragment+1","Seek","Fission+1","Reinforced Body","Blizzard","Steam Power","Darkness+1","Genetic Algorithm","All For One","Defragment+1","Madness","Madness","Tempest+1","Hologram+1","Multi-Cast","Machine Learning"],"relics":["Cracked Core","Regal Pillow","White Beast Statue","Sundial","Runic Pyramid","Runic Capacitor","Torii","Anchor","Bag of Preparation","CaptainsWheel","Bronze Scales","Pandora\u0027s Box","InkBottle","Bottled Flame","Old Coin","Nunchaku","Centennial Puzzle","Lee\u0027s Waffle","DataDisk","Bottled Tornado"],"acts_visited":["Exordium","TheCity","TheBeyond"],"potions_floor_usage":[50,50,50],"damage_taken":[{"damage":4.0,"enemies":"Small Slimes","floor":1.0,"turns":4.0},{"damage":6.0,"enemies":"Jaw Worm","floor":2.0,"turns":3.0},{"damage":3.0,"enemies":"2 Louse","floor":4.0,"turns":2.0},{"damage":10.0,"enemies":"Looter","floor":13.0,"turns":3.0},{"damage":22.0,"enemies":"Gremlin Nob","floor":14.0,"turns":5.0},{"damage":40.0,"enemies":"The Guardian","floor":16.0,"turns":13.0},{"damage":7.0,"enemies":"Chosen","floor":18.0,"turns":5.0},{"damage":3.0,"enemies":"Shell Parasite","floor":19.0,"turns":7.0},{"damage":4.0,"enemies":"Snake Plant","floor":21.0,"turns":4.0},{"damage":0.0,"enemies":"Snecko","floor":22.0,"turns":6.0},{"damage":15.0,"enemies":"Book of Stabbing","floor":25.0,"turns":7.0},{"damage":27.0,"enemies":"Slavers","floor":29.0,"turns":7.0},{"damage":0.0,"enemies":"Book of Stabbing","floor":31.0,"turns":5.0},{"damage":0.0,"enemies":"Collector","floor":33.0,"turns":9.0},{"damage":0.0,"enemies":"Orb Walker","floor":35.0,"turns":3.0},{"damage":8.0,"enemies":"3 Darklings","floor":38.0,"turns":5.0},{"damage":11.0,"enemies":"Sphere and 2 Shapes","floor":39.0,"turns":4.0},{"damage":0.0,"enemies":"Reptomancer","floor":40.0,"turns":6.0},{"damage":0.0,"enemies":"Writhing Mass","floor":42.0,"turns":7.0},{"damage":0.0,"enemies":"Giant Head","floor":44.0,"turns":4.0},{"damage":1,"enemies":"Reptomancer","floor":47,"turns":5},{"damage":8,"enemies":"Awakened One","floor":50,"turns":8}],"seed_played":"1899402813369046379","potions_obtained":[{"floor":13.0,"key":"Fruit Juice"},{"floor":14.0,"key":"Dexterity Potion"},{"floor":16.0,"key":"GamblersBrew"},{"floor":18.0,"key":"FocusPotion"},{"floor":19.0,"key":"EssenceOfDarkness"},{"floor":21.0,"key":"LiquidMemories"},{"floor":22.0,"key":"Dexterity Potion"},{"floor":25.0,"key":"Energy Potion"},{"floor":29.0,"key":"Strength Potion"},{"floor":31.0,"key":"Dexterity Potion"},{"floor":33.0,"key":"PowerPotion"},{"floor":35.0,"key":"PotionOfCapacity"},{"floor":39.0,"key":"Energy Potion"},{"floor":40.0,"key":"EssenceOfSteel"},{"floor":42.0,"key":"ColorlessPotion"}],"is_trial":false,"path_per_floor":["M","M","$","M","?","R","T","R","T","R","$","$","M","E","R","B",null,"M","M","$","M","M","R","?","E","T","R","?","E","R","E","R","B",null,"M","?","?","M","M","E","R","M","T","E","R","$","E","T","R","B",null],"character_chosen":"DEFECT","items_purchased":["Blizzard","Scrape","Recycle","Runic Capacitor","Nunchaku","Centennial Puzzle","Lee\u0027s Waffle","Multi-Cast"],"campfire_rested":2,"item_purchase_floors":[3,11,11,20,46,46,46,46],"current_hp_per_floor":[64,58,58,55,55,55,55,55,55,55,55,55,50,28,64,24,73,66,63,63,59,59,59,59,44,44,44,44,17,53,53,53,53,73,73,73,64,56,45,45,45,45,45,45,45,80,79,79,79,71],"gold":39,"neow_bonus":"RANDOM_COLORLESS_2","is_daily":false,"chose_seed":false,"campfire_upgraded":9,"win_rate":0.0,"timestamp":1613757002,"path_taken":["M","M","$","M","?","R","?","R","T","R","?","$","M","E","R","BOSS","M","M","$","M","M","R","?","E","T","R","?","E","R","E","R","BOSS","M","?","?","M","M","E","R","M","T","E","R","$","E","?","R","BOSS"],"items_purchased_type":["Card","Card","Card","Relic","Relic","Relic","Relic","Card"],"build_version":"2020-12-22","purchased_purges":2,"victory":true,"max_hp_per_floor":[68,68,68,68,68,68,68,68,68,68,68,68,73,73,73,73,73,73,73,73,73,73,73,73,73,73,73,73,73,73,73,73,73,73,73,73,73,73,73,73,73,73,73,73,73,80,80,80,80,80],"relic_stats":{"Regal Pillow":30,"Nunchaku":[2],"Centennial Puzzle":[6],"Lee\u0027s Waffle":35,"Torii":11,"counters":[22,121],"Sundial":[22],"Bronze Scales":[162],"Pandora\u0027s Box":["Reinforced Body","Blizzard","Steam Power","Darkness","Genetic Algorithm","All For One"],"Bag of Preparation":[22],"obtain_stats":[{"Regal Pillow":7,"Lee\u0027s Waffle":46,"Torii":25,"Runic Capacitor":20,"Bag of Preparation":28,"Bottled Tornado":48,"White Beast Statue":9,"Old Coin":44,"Anchor":26,"CaptainsWheel":29,"Bottled Flame":43,"Nunchaku":46,"Centennial Puzzle":46,"DataDisk":47,"Sundial":14,"Bronze Scales":31,"Pandora\u0027s Box":34,"Cracked Core":0,"InkBottle":40,"Runic Pyramid":17},{"Regal Pillow":3,"Lee\u0027s Waffle":20,"Torii":11,"Runic Capacitor":8,"Bag of Preparation":11,"Bottled Tornado":21,"White Beast Statue":3,"Old Coin":20,"Anchor":11,"CaptainsWheel":12,"Bottled Flame":19,"Nunchaku":20,"Centennial Puzzle":20,"DataDisk":21,"Sundial":5,"Bronze Scales":13,"Pandora\u0027s Box":14,"Cracked Core":0,"InkBottle":18,"Runic Pyramid":6},{"Regal Pillow":9,"Lee\u0027s Waffle":108,"Torii":59,"Runic Capacitor":42,"Bag of Preparation":59,"Bottled Tornado":113,"White Beast Statue":9,"Old Coin":108,"Anchor":59,"CaptainsWheel":66,"Bottled Flame":104,"Nunchaku":108,"Centennial Puzzle":108,"DataDisk":113,"Sundial":17,"Bronze Scales":71,"Pandora\u0027s Box":80,"Cracked Core":0,"InkBottle":97,"Runic Pyramid":30}],"InkBottle":[16]},"card_choices":[{"not_picked":["The Bomb","Secret Weapon"],"picked":"Violence","floor":0.0},{"not_picked":["Hologram","Hello World"],"picked":"Cold Snap","floor":1.0},{"not_picked":["Compile Driver","BootSequence"],"picked":"Gash","floor":2.0},{"not_picked":["Coolheaded","Compile Driver"],"picked":"Genetic Algorithm","floor":4.0},{"not_picked":["Coolheaded","Scrape"],"picked":"Loop","floor":13.0},{"not_picked":["Chaos","Compile Driver","Reprogram"],"picked":"SKIP","floor":14.0},{"not_picked":["Meteor Strike","Creative AI"],"picked":"Rainbow","floor":16.0},{"not_picked":["Hello World","Recycle","Streamline"],"picked":"SKIP","floor":18.0},{"not_picked":["Hologram","Ball Lightning"],"picked":"Defragment","floor":19.0},{"not_picked":["Go for the Eyes","Fusion"],"picked":"Turbo","floor":21.0},{"not_picked":["Chaos","Ball Lightning"],"picked":"Conserve Battery","floor":22.0},{"not_picked":["Seek","Redo"],"picked":"Glacier","floor":25.0},{"not_picked":["Rebound","Recycle+1"],"picked":"Defragment","floor":29.0},{"not_picked":["Rebound","Sunder"],"picked":"Seek","floor":31.0},{"not_picked":["Multi-Cast","Hyperbeam"],"picked":"Fission","floor":33.0},{"not_picked":["Ball Lightning+1","Redo"],"picked":"Defragment+1","floor":35.0},{"not_picked":["Steam","Static Discharge+1"],"picked":"Tempest+1","floor":38.0},{"not_picked":["Thunder Strike","Beam Cell"],"picked":"Hologram+1","floor":39.0},{"not_picked":["Steam Power+1","Hyperbeam","Beam Cell"],"picked":"SKIP","floor":40.0},{"not_picked":["Steam","Blizzard","Sweeping Beam+1"],"picked":"SKIP","floor":42.0},{"not_picked":["Stack","Darkness","Rebound"],"picked":"SKIP","floor":44.0},{"not_picked":["Glacier","Storm+1"],"picked":"Machine Learning","floor":47}],"player_experience":303934,"relics_obtained":[{"floor":7.0,"key":"Regal Pillow"},{"floor":9.0,"key":"White Beast Statue"},{"floor":14.0,"key":"Sundial"},{"floor":25.0,"key":"Torii"},{"floor":26.0,"key":"Anchor"},{"floor":29.0,"key":"CaptainsWheel"},{"floor":31.0,"key":"Bronze Scales"},{"floor":40.0,"key":"InkBottle"},{"floor":43.0,"key":"Bottled Flame"},{"floor":44.0,"key":"Old Coin"},{"floor":47,"key":"DataDisk"},{"floor":48,"key":"Bottled Tornado"}],"event_choices":[{"damage_healed":0.0,"max_hp_gain":0.0,"max_hp_loss":0.0,"gold_gain":0.0,"event_name":"Liars Game","player_choice":"Ignored","floor":5.0,"gold_loss":0.0,"damage_taken":0.0},{"cards_removed":["Strike_B"],"damage_healed":0.0,"max_hp_gain":0.0,"max_hp_loss":0.0,"gold_gain":0.0,"event_name":"Back to Basics","player_choice":"Elegance","floor":24.0,"gold_loss":0.0,"damage_taken":0.0},{"damage_healed":0.0,"max_hp_gain":0.0,"max_hp_loss":0.0,"gold_gain":0.0,"event_name":"The Mausoleum","player_choice":"Opened","floor":28.0,"gold_loss":0.0,"damage_taken":0.0,"relics_obtained":["Bag of Preparation"]},{"damage_healed":0.0,"max_hp_gain":0.0,"max_hp_loss":0.0,"gold_gain":0.0,"event_name":"Tomb of Lord Red Mask","player_choice":"Ignored","floor":36.0,"gold_loss":0.0,"damage_taken":0.0},{"damage_healed":0.0,"max_hp_gain":0.0,"max_hp_loss":0.0,"gold_gain":0.0,"event_name":"Winding Halls","player_choice":"Embrace Madness","floor":37.0,"gold_loss":0.0,"damage_taken":9.0,"cards_obtained":["Madness","Madness"]}],"is_beta":false,"boss_relics":[{"not_picked":["SlaversCollar","Philosopher\u0027s Stone"],"picked":"Runic Pyramid"},{"not_picked":["Snecko Eye","Tiny House"],"picked":"Pandora\u0027s Box"}],"items_purged_floors":[3,46],"is_endless":false,"potions_floor_spawned":[13,14,16,18,19,21,22,25,29,31,33,35,38,39,40,42,44,47],"ascension_level":1}}