{"host":"1ycuxm9gov0tl9zf","time":1613730368,"event":{"mods":["AchievementEnabler","Act Like it!","BaseMod","Colored Powertips","Downfall","Gensokyo","GifTheSpireLib","Hallownest","Marisa£®ÏF”Í°°ƒß¿Ì…≥£©","Minty Spire (QoL Compilation)","Quick Restart","Remilia£®¿Ÿ√◊¿Ú—«£©","Replay The Spire","Shop Mod","StSLib","The Administrix","The Animator","The Bug Knight"],"gold_per_floor":[119,136,64,76,91,91,105,123,146,163,175,175,195,225,225,320,320,238,17,28,28,28,63,63,77,77,87,98,110,110,139,139,240,240,256,276,16,35,35,62,75,89,89,99,128,128,147,222,222,222],"floor_reached":51,"language":"ZHS","playtime":5758,"items_purged":["Regret"],"score":834,"play_id":"64238e3c-7869-46bf-a4d6-15e7969220d0","local_time":"20210219182608","is_ascension_mode":false,"campfire_choices":[{"data":"Caltrops","floor":6.0,"key":"SMITH"},{"data":"Envenom","floor":24,"key":"SMITH"},{"floor":32,"key":"REST"},{"data":"After Image","floor":46,"key":"SMITH"},{"data":"Tools of the Trade","floor":49,"key":"SMITH"}],"circlet_count":0,"master_deck":["Defend_G","Defend_G","Defend_G","Defend_G","Survivor","Neutralize","Acrobatics","Poisoned Stab","Footwork+1","Caltrops+1","Prepared","Sucker Punch","Hidden Blade","Backflip","Corpse Explosion","Backflip","Footwork+1","Envenom+1","Shame","Blade Dance","Dodge and Roll+1","Slimebound:Tackle+1","Slimebound:Tackle+1","Slimebound:Tackle+1","Glass Knife","Tools of the Trade+1","Cloak And Dagger","Endless Agony","ReplayTheSpireMod:Speed Training","Sucker Punch+1","Blade Dance","After Image+1","Deflect","Dodge and Roll+1","Bane","Underhanded Strike+1","Dodge and Roll+1","Calculated Gamble+1","Tactician","Blade Dance+1","Accuracy+1","ReplayTheSpireMod:Splinters","ReplayTheSpireMod:The Works+1","Blade Dance"],"relics":["Painkiller Herb","Blue Doll","Replay:Ancient Bell","PreservedInsect","Snack Pack","Byrd Skull","Pet Ghost","ReplayTheSpireMod:Lightbulb","Matryoshka","Replay:Baseball","Honey Jar","Shuriken","InkBottle","AntiCross","Happy Flower","Replay:WaspNest","Pocketwatch","Eternal Feather","Bottled Lightning"],"acts_visited":["Exordium","TheCity","TheBeyond"],"potions_floor_usage":[29,38,45,45,50],"damage_taken":[{"damage":0.0,"enemies":"Jaw Worm","floor":1.0,"turns":4.0},{"damage":0.0,"enemies":"Cultist","floor":2.0,"turns":5.0},{"damage":0.0,"enemies":"Small Slimes","floor":4.0,"turns":3.0},{"damage":13.0,"enemies":"Exordium Wildlife","floor":5.0,"turns":4.0},{"damage":7.0,"enemies":"Gremlin Gang","floor":7.0,"turns":3.0},{"damage":0.0,"enemies":"Looter","floor":8.0,"turns":4.0},{"damage":5.0,"enemies":"2 Fungi Beasts","floor":10.0,"turns":3.0},{"damage":13.0,"enemies":"Gremlin Gang","floor":11.0,"turns":4.0},{"damage":7.0,"enemies":"3 Louse","floor":13.0,"turns":2.0},{"damage":9.0,"enemies":"Gremlin Nob","floor":14.0,"turns":6.0},{"damage":8.0,"enemies":"The Guardian","floor":16.0,"turns":15.0},{"damage":38,"enemies":"Spheric Guardian","floor":18,"turns":8},{"damage":10,"enemies":"Shell Parasite","floor":20,"turns":9},{"damage":4,"enemies":"Book of Stabbing","floor":23,"turns":6},{"damage":11,"enemies":"3 Cultists","floor":25,"turns":5},{"damage":2,"enemies":"Snake Plant","floor":27,"turns":7},{"damage":6,"enemies":"Snecko","floor":28,"turns":5},{"damage":23,"enemies":"Cultist and Chosen","floor":29,"turns":6},{"damage":0,"enemies":"HollowMod:Nosk","floor":31,"turns":8},{"damage":23,"enemies":"Pondfish","floor":33,"turns":10},{"damage":0,"enemies":"3 Darklings","floor":35,"turns":3},{"damage":6,"enemies":"3 Shapes","floor":36,"turns":3},{"damage":10,"enemies":"Transient","floor":38,"turns":5},{"damage":15,"enemies":"Nemesis","floor":40,"turns":5},{"damage":11,"enemies":"4 Shapes","floor":41,"turns":3},{"damage":13,"enemies":"Maw","floor":42,"turns":6},{"damage":20,"enemies":"3 Darklings","floor":44,"turns":3},{"damage":5,"enemies":"Giant Head","floor":45,"turns":6},{"damage":2,"enemies":"Transient","floor":47,"turns":5},{"damage":38,"enemies":"Replay:Hell Engine","floor":50,"turns":6}],"seed_played":"8001252789740163009","potions_obtained":[{"floor":2.0,"key":"ColorlessPotion"},{"floor":4.0,"key":"Fire Potion"},{"floor":7.0,"key":"Strength Potion"},{"floor":8.0,"key":"PowerPotion"},{"floor":11.0,"key":"DistilledChaos"},{"floor":14.0,"key":"BlessingOfTheForge"},{"floor":20,"key":"Ancient Potion"},{"floor":25,"key":"Explosive Potion"},{"floor":33,"key":"bronze:BurnAndBuffPotion"},{"floor":35,"key":"BlessingOfTheForge"},{"floor":38,"key":"Swift Potion"},{"floor":40,"key":"Milkshake"},{"floor":44,"key":"Energy Potion"},{"floor":47,"key":"Strength Potion"},{"floor":48,"key":"EntropicBrew"}],"is_trial":false,"path_per_floor":["?","?","T","?","?","T","?","?","T","?","?","?","?","E","T","B",null,"?","T","?","?","?","E","T","?","T","?","?","?","?","E","T","B",null,"?","?","T","?","?","E","?","?","T","?","E","T","?","?","T","B",null],"character_chosen":"THE_SILENT","items_purchased":["Footwork","Pet Ghost","Shuriken"],"campfire_rested":1,"item_purchase_floors":[3,19,37],"current_hp_per_floor":[70,70,70,70,57,57,50,50,50,45,32,32,25,16,37,29,70,36,36,34,34,34,34,34,25,25,29,27,8,8,14,35,24,70,70,66,66,62,62,55,48,43,43,29,34,34,46,46,70,36],"gold":222,"neow_bonus":"BOSS_RELIC","is_daily":false,"chose_seed":false,"campfire_upgraded":4,"win_rate":0.0,"timestamp":1613730368,"path_taken":["?","?","T","?","?","T","?","?","T","?","?","?","?","E","T","BOSS","?","T","?","?","?","E","T","?","T","?","?","?","?","E","T","BOSS","?","?","T","?","?","E","?","?","T","?","E","T","?","?","T","BOSS"],"items_purchased_type":["Card","Relic","Relic"],"build_version":"2020-12-22","purchased_purges":1,"victory":true,"max_hp_per_floor":[70,70,70,70,70,70,70,70,70,70,70,70,70,70,70,70,70,70,70,70,70,70,70,70,70,70,70,70,70,70,70,70,70,70,70,70,70,70,70,70,70,70,70,70,70,70,70,70,70,70],"card_choices":[{"not_picked":["Slice","Choke"],"picked":"Acrobatics","floor":1.0},{"not_picked":["Blade Dance","Choke"],"picked":"Poisoned Stab","floor":2.0},{"not_picked":["Deflect","Escape Plan"],"picked":"Caltrops","floor":4.0},{"not_picked":["Skewer","Sucker Punch"],"picked":"Prepared","floor":5.0},{"not_picked":["Dagger Spray","Escape Plan"],"picked":"Sucker Punch","floor":7.0},{"not_picked":["Bane","Choke"],"picked":"Hidden Blade","floor":8.0},{"not_picked":["Sucker Punch","Dodge and Roll"],"picked":"Backflip","floor":10.0},{"not_picked":["Dash","Masterful Stab"],"picked":"Corpse Explosion","floor":11.0},{"not_picked":["Prepared","Bane"],"picked":"Backflip","floor":13.0},{"not_picked":["Flechettes","Blade Dance"],"picked":"Footwork","floor":14.0},{"not_picked":["Atom Bomb","Glass Knife"],"picked":"Envenom","floor":16.0},{"not_picked":["Lust_TH","Sloth_TH"],"picked":"Regret","floor":17},{"not_picked":["animator:Curse_Dizziness","Hallucinations"],"picked":"ReplayTheSpireMod:IOU","floor":17},{"not_picked":["AbeCurse","Overencumbered"],"picked":"Shame","floor":17},{"not_picked":["Quick Slash","Calculated Gamble"],"picked":"Blade Dance","floor":18},{"not_picked":["Predator+1","Outmaneuver+1"],"picked":"Dodge and Roll+1","floor":20},{"not_picked":["Quick Slash","Caltrops"],"picked":"Tools of the Trade","floor":23},{"not_picked":["Leg Sweep","Outmaneuver"],"picked":"Cloak And Dagger","floor":25},{"not_picked":["Masterful Stab","Blur+1"],"picked":"Endless Agony","floor":27},{"not_picked":["Terror","Backstab"],"picked":"ReplayTheSpireMod:Speed Training","floor":28},{"not_picked":["Deflect","Dagger Spray"],"picked":"Sucker Punch+1","floor":29},{"not_picked":["Escape Plan+1","Sneak Up"],"picked":"Blade Dance","floor":31},{"not_picked":["Wraith Form v2","Replay:Bag of Tricks"],"picked":"After Image","floor":33},{"not_picked":["Expertise+1","Deadly Poison","Quick Slash+1"],"picked":"Deflect","floor":35},{"not_picked":["Outmaneuver+1","Terror+1","Backflip+1"],"picked":"Dodge and Roll+1","floor":36},{"not_picked":["Toxin Wave+1","Masterful Stab+1","Deadly Poison+1"],"picked":"Bane","floor":38},{"not_picked":["Well Laid Plans+1","Footwork+1","Dagger Throw"],"picked":"Underhanded Strike+1","floor":40},{"not_picked":["Deadly Poison+1","Bane+1","Cloak And Dagger"],"picked":"Dodge and Roll+1","floor":41},{"not_picked":["Dash+1","Backflip","Dodge and Roll"],"picked":"Calculated Gamble+1","floor":42},{"not_picked":["Quick Slash","Bullet Time","Deadly Poison"],"picked":"Tactician","floor":44},{"not_picked":["Dodge and Roll","Prepared+1","Bane+1"],"picked":"Blade Dance+1","floor":45},{"not_picked":["Deadly Poison","Bane","Terror"],"picked":"Accuracy+1","floor":47},{"not_picked":["Sucker Punch","ReplayTheSpireMod:Exploit Weakness","Corpse Explosion"],"picked":"ReplayTheSpireMod:The Works+1","floor":48},{"not_picked":["Acrobatics","Eviscerate+1","Hidden Blade+1"],"picked":"Blade Dance","floor":48}],"player_experience":62743,"relics_obtained":[{"floor":14.0,"key":"Blue Doll"},{"floor":23,"key":"ReplayTheSpireMod:Lightbulb"},{"floor":26,"key":"Matryoshka"},{"floor":31,"key":"Replay:Baseball"},{"floor":40,"key":"AntiCross"},{"floor":43,"key":"Happy Flower"},{"floor":43,"key":"Replay:WaspNest"},{"floor":45,"key":"Pocketwatch"},{"floor":48,"key":"Eternal Feather"},{"floor":48,"key":"Bottled Lightning"}],"event_choices":[{"damage_healed":0.0,"max_hp_gain":0.0,"max_hp_loss":0.0,"gold_gain":0.0,"event_name":"Accursed Blacksmith","player_choice":"Forge","floor":12.0,"gold_loss":0.0,"damage_taken":0.0,"cards_upgraded":["Footwork"]},{"damage_healed":0,"gold_gain":0,"cards_transformed":["Defend_G"],"player_choice":"Transformed","damage_taken":0,"max_hp_gain":0,"max_hp_loss":0,"event_name":"Transmorgrifier","floor":22,"gold_loss":0,"cards_obtained":["Glass Knife"]},{"damage_healed":0,"gold_gain":0,"player_choice":"Ignored","damage_taken":0,"max_hp_gain":0,"max_hp_loss":0,"event_name":"Vampires","floor":30,"gold_loss":0},{"damage_healed":0,"gold_gain":0,"player_choice":"Gave Potion","damage_taken":0,"relics_obtained":["InkBottle"],"max_hp_gain":0,"max_hp_loss":0,"event_name":"WeMeetAgain","floor":39,"gold_loss":0}],"is_beta":false,"boss_relics":[{"not_picked":["SacredBark","Sozu"],"picked":"Replay:Ancient Bell"},{"not_picked":["Vajra","Simple Rune"],"picked":"PreservedInsect"},{"not_picked":["Onion Ring","Replay:Ringing Soul"],"picked":"Snack Pack"},{"not_picked":["Pondfish Scales","Mango"],"picked":"Byrd Skull"},{"not_picked":["Busted Crown","Replay:Bronze Core"],"picked":"Honey Jar"}],"items_purged_floors":[19],"is_endless":false,"potions_floor_spawned":[2,4,7,8,11,14,20,25,33,35,38,40,44,47],"ascension_level":0}}