{"host":"oeddu058k4r8wzo0","time":1613723643,"event":{"mods":["BaseMod","Better Third Choice","Colored Map","Colored Powertips","Highlight Path","Minty Spire (QoL Compilation)","Quick Restart","StSLib"],"gold_per_floor":[114,114,39,4,22,22,42,54,54,89,105,131,131,149,149,220,220,240,269,2,19,19,19],"floor_reached":22,"language":"ENG","playtime":1472,"items_purged":["Burn+1"],"score":492,"play_id":"57261371-e4e5-4cba-8d32-85594542f54a","local_time":"20210219003403","is_ascension_mode":true,"campfire_choices":[{"data":"Malaise","floor":13.0,"key":"SMITH"},{"floor":15.0,"key":"REST"}],"circlet_count":0,"master_deck":["AscendersBane","Strike_G","Strike_G","Strike_G","Strike_G","Strike_G","Defend_G","Defend_G","Defend_G","Defend_G","Defend_G","Survivor","Neutralize","Blade Dance","Predator","Malaise+1","Well Laid Plans","Endless Agony","Dagger Throw","Escape Plan","Night Terror","Dash","Skewer+1","Jack Of All Trades","Trip","PanicButton","Good Instincts","Panacea","Blind","Blind"],"relics":["Ring of the Snake","NeowsBlessing","White Beast Statue","The Courier","Nunchaku","Snecko Eye","Red Mask","Lee\u0027s Waffle","Bag of Preparation"],"acts_visited":["Exordium","TheCity"],"potions_floor_usage":[16,16,18,19,21],"damage_taken":[{"damage":0.0,"enemies":"2 Louse","floor":1.0,"turns":2.0},{"damage":0.0,"enemies":"Small Slimes","floor":5.0,"turns":1.0},{"damage":0.0,"enemies":"Jaw Worm","floor":7.0,"turns":1.0},{"damage":0.0,"enemies":"Blue Slaver","floor":8.0,"turns":6.0},{"damage":25.0,"enemies":"Lagavulin","floor":10.0,"turns":9.0},{"damage":6.0,"enemies":"Looter","floor":11.0,"turns":4.0},{"damage":15.0,"enemies":"3 Sentries","floor":12.0,"turns":12.0},{"damage":17.0,"enemies":"Lots of Slimes","floor":14.0,"turns":6.0},{"damage":0,"enemies":"The Guardian","floor":16,"turns":15},{"damage":7,"enemies":"3 Byrds","floor":18,"turns":8},{"damage":37,"enemies":"Masked Bandits","floor":19,"turns":5},{"damage":15,"enemies":"Shell Parasite","floor":21,"turns":5}],"seed_played":"7923926854952393761","potions_obtained":[{"floor":7.0,"key":"LiquidMemories"},{"floor":10.0,"key":"Regen Potion"},{"floor":11.0,"key":"PowerPotion"},{"floor":12.0,"key":"BlessingOfTheForge"},{"floor":14.0,"key":"Explosive Potion"},{"floor":16,"key":"Explosive Potion"},{"floor":18,"key":"LiquidMemories"},{"floor":19,"key":"Regen Potion"},{"floor":21,"key":"LiquidMemories"}],"is_trial":false,"path_per_floor":["M","?","$","?","M","$","M","M","T","E","M","E","R","M","R","B",null,"M","?","$","M","?"],"character_chosen":"THE_SILENT","items_purchased":["Lee\u0027s Waffle","Bag of Preparation"],"campfire_rested":1,"item_purchase_floors":[20,20],"current_hp_per_floor":[59,59,59,66,66,66,66,66,66,41,47,32,32,15,34,34,58,51,14,73,67,0,0],"gold":19,"neow_bonus":"THREE_ENEMY_KILL","is_daily":false,"chose_seed":false,"campfire_upgraded":1,"win_rate":0.0,"timestamp":1613723643,"path_taken":["M","?","$","?","M","?","M","M","T","E","M","E","R","M","R","BOSS","M","?","$","M","?"],"items_purchased_type":["Relic","Relic"],"build_version":"2020-12-22","purchased_purges":1,"victory":false,"max_hp_per_floor":[66,66,66,66,66,66,66,66,66,66,66,66,66,66,66,66,66,66,66,73,73,73,73],"card_choices":[{"not_picked":["Quick Slash","Dagger Spray"],"picked":"Blade Dance","floor":1.0},{"not_picked":["Deadly Poison","PiercingWail"],"picked":"Predator","floor":5.0},{"not_picked":["Cloak And Dagger","Deadly Poison","Malaise"],"picked":"SKIP","floor":7.0},{"not_picked":["Cloak And Dagger","Deadly Poison"],"picked":"Malaise","floor":7.0},{"not_picked":["Cloak And Dagger","Escape Plan"],"picked":"Well Laid Plans","floor":8.0},{"not_picked":["Blade Dance","Bane"],"picked":"Endless Agony","floor":10.0},{"not_picked":["Underhanded Strike","Sucker Punch"],"picked":"Dagger Throw","floor":11.0},{"not_picked":["Prepared","Dodge and Roll","Dagger Throw"],"picked":"SKIP","floor":12.0},{"not_picked":["Dagger Throw","Well Laid Plans"],"picked":"Escape Plan","floor":14.0},{"not_picked":["Venomology","Doppelganger"],"picked":"Night Terror","floor":16},{"not_picked":["Bane","Noxious Fumes"],"picked":"Dash","floor":18},{"not_picked":["Blade Dance","Flying Knee"],"picked":"Skewer+1","floor":19},{"not_picked":["Dagger Throw","Deflect+1","Masterful Stab"],"picked":"SKIP","floor":21}],"player_experience":1367345,"relics_obtained":[{"floor":9.0,"key":"White Beast Statue"},{"floor":10.0,"key":"The Courier"},{"floor":12.0,"key":"Nunchaku"},{"floor":19,"key":"Red Mask"}],"event_choices":[{"damage_healed":59.0,"max_hp_gain":0.0,"max_hp_loss":66.0,"gold_gain":0.0,"event_name":"betterThird:BetterShining","player_choice":"Embrace Burn","floor":2.0,"gold_loss":0.0,"damage_taken":0.0},{"damage_healed":16.0,"max_hp_gain":0.0,"max_hp_loss":0.0,"gold_gain":0.0,"event_name":"The Cleric","player_choice":"Healed","floor":4.0,"gold_loss":35.0,"damage_taken":0.0},{"damage_healed":0,"gold_gain":0,"player_choice":"Fought Bandits","damage_taken":0,"max_hp_gain":0,"max_hp_loss":0,"event_name":"Masked Bandits","floor":19,"gold_loss":0}],"is_beta":false,"boss_relics":[{"not_picked":["SlaversCollar","Cursed Key"],"picked":"Snecko Eye"}],"items_purged_floors":[3],"is_endless":false,"potions_floor_spawned":[7,10,11,12,14,16,18,19,21],"ascension_level":20}}