{"host":"vpaavrwbmey593fx","time":1613766434,"event":{"mods":["AchievementEnabler","BaseMod","Bestiary","Colored Map","Colored Powertips","DeckTracker","Minty Spire (QoL Compilation)","Relic Sorter"],"gold_per_floor":[17,37,54,71,85,85,110,124,124,124,149,149,169,169,169,273,273,287,304,23,23,43,43,58,0,75,75,89,89,116,130,130,234,234,246,264,319,1318,311,346,365,365,365,240,260,104,104,119,119,119],"floor_reached":51,"language":"ENG","playtime":4182,"items_purged":["Parasite","Normality","Normality"],"score":1088,"play_id":"a8009565-c59c-4214-aff2-c9a4b62414ed","local_time":"20210219122714","is_ascension_mode":true,"campfire_choices":[{"data":"Uppercut","floor":6.0,"key":"SMITH"},{"data":"Corruption","floor":10.0,"key":"SMITH"},{"data":"Disarm","floor":15.0,"key":"SMITH"},{"floor":27.0,"key":"REST"},{"floor":29.0,"key":"REST"},{"data":"Whirlwind","floor":32.0,"key":"SMITH"},{"floor":49,"key":"REST"}],"circlet_count":0,"master_deck":["AscendersBane","Strike_R","Strike_R","Strike_R","Strike_R","Defend_R","Defend_R","Defend_R","Defend_R","Bash","Corruption+1","Rage","Cleave","Clash","Uppercut+1","Disarm+1","Feel No Pain","Disarm+1","Armaments+1","Impervious+1","Uppercut+1","Shrug It Off+1","Body Slam","Whirlwind+1","Shockwave+1","Barricade","Second Wind+1","Berserk","Spot Weakness+1","Juggernaut","Apotheosis+1"],"relics":["Burning Blood","PreservedInsect","Bottled Flame","Toxic Egg 2","Snecko Eye","ClockworkSouvenir","Enchiridion","Bottled Tornado","Matryoshka","Mark of Pain","Ice Cream","Frozen Eye","Pocketwatch","Bottled Lightning","Paper Frog","Bronze Scales","FossilizedHelix","Anchor"],"acts_visited":["Exordium","TheCity","TheBeyond"],"potions_floor_usage":[33,37,40,50,50],"damage_taken":[{"damage":3.0,"enemies":"Jaw Worm","floor":1.0,"turns":5.0},{"damage":1.0,"enemies":"2 Louse","floor":2.0,"turns":3.0},{"damage":11.0,"enemies":"Small Slimes","floor":3.0,"turns":3.0},{"damage":4.0,"enemies":"Looter","floor":4.0,"turns":3.0},{"damage":9.0,"enemies":"Blue Slaver","floor":5.0,"turns":4.0},{"damage":19.0,"enemies":"Lagavulin","floor":7.0,"turns":8.0},{"damage":13.0,"enemies":"Large Slime","floor":8.0,"turns":5.0},{"damage":17.0,"enemies":"3 Sentries","floor":11.0,"turns":5.0},{"damage":17.0,"enemies":"Lots of Slimes","floor":13.0,"turns":4.0},{"damage":14.0,"enemies":"The Guardian","floor":16.0,"turns":16.0},{"damage":10.0,"enemies":"Chosen","floor":18.0,"turns":8.0},{"damage":33.0,"enemies":"Spheric Guardian","floor":19.0,"turns":9.0},{"damage":7.0,"enemies":"3 Cultists","floor":22.0,"turns":6.0},{"damage":3.0,"enemies":"Sentry and Sphere","floor":24.0,"turns":7.0},{"damage":6.0,"enemies":"Cultist and Chosen","floor":28.0,"turns":4.0},{"damage":13.0,"enemies":"Slavers","floor":30.0,"turns":4.0},{"damage":0.0,"enemies":"Snecko","floor":31.0,"turns":3.0},{"damage":19,"enemies":"Collector","floor":33,"turns":10},{"damage":1,"enemies":"3 Shapes","floor":35,"turns":3},{"damage":3,"enemies":"Orb Walker","floor":36,"turns":4},{"damage":0,"enemies":"2 Orb Walkers","floor":37,"turns":6},{"damage":21,"enemies":"Reptomancer","floor":40,"turns":3},{"damage":19,"enemies":"4 Shapes","floor":41,"turns":4},{"damage":12,"enemies":"Jaw Worm Horde","floor":45,"turns":2},{"damage":0,"enemies":"Spire Growth","floor":48,"turns":4},{"damage":17,"enemies":"Donu and Deca","floor":50,"turns":7}],"seed_played":"-1984329073796962189","potions_obtained":[{"floor":5.0,"key":"Dexterity Potion"},{"floor":7.0,"key":"LiquidMemories"},{"floor":13.0,"key":"SkillPotion"},{"floor":18.0,"key":"ColorlessPotion"},{"floor":19.0,"key":"SteroidPotion"},{"floor":31.0,"key":"PowerPotion"},{"floor":35,"key":"Weak Potion"},{"floor":36,"key":"SkillPotion"},{"floor":37,"key":"LiquidMemories"},{"floor":45,"key":"LiquidMemories"},{"floor":48,"key":"Dexterity Potion"}],"is_trial":false,"path_per_floor":["M","M","M","M","M","R","E","M","T","R","E","?","M","?","R","B",null,"M","M","$","?","M","?","M","?","T","R","M","R","E","M","R","B",null,"M","M","?","?","$","E","M","?","T","$","M","$","?","M","R","B",null],"character_chosen":"IRONCLAD","items_purchased":["ClockworkSouvenir","Shrug It Off+1","Frozen Eye","Pocketwatch","Bottled Lightning","Berserk","Spot Weakness+1","Anchor"],"campfire_rested":3,"item_purchase_floors":[20,20,39,39,39,39,39,46],"current_hp_per_floor":[75,80,75,77,74,74,61,54,54,54,43,43,32,52,52,44,71,67,40,40,26,25,9,12,12,12,36,36,60,53,59,59,46,73,78,81,82,82,82,67,54,54,54,54,48,48,48,54,77,66],"gold":119,"neow_bonus":"THREE_RARE_CARDS","is_daily":false,"chose_seed":false,"campfire_upgraded":4,"win_rate":0.0,"timestamp":1613766434,"path_taken":["M","M","M","M","M","R","E","M","T","R","E","?","M","?","R","BOSS","BOSS","M","M","$","?","M","?","M","?","T","R","M","R","E","M","R","BOSS","M","M","?","?","$","E","M","?","T","$","M","?","?","M","R","BOSS"],"items_purchased_type":["Relic","Card","Relic","Relic","Relic","Card","Card","Relic"],"build_version":"2020-12-22","purchased_purges":3,"victory":true,"max_hp_per_floor":[80,80,80,80,80,80,80,80,80,80,80,80,80,80,80,80,80,80,80,77,82,82,82,82,82,82,82,82,82,82,82,82,82,82,82,82,82,82,82,82,82,82,82,82,82,82,78,78,78,78],"card_choices":[{"not_picked":["Juggernaut","Berserk"],"picked":"Corruption","floor":0.0},{"not_picked":["Anger","Heavy Blade"],"picked":"Rage","floor":1.0},{"not_picked":["Armaments","Headbutt"],"picked":"Cleave","floor":2.0},{"not_picked":["Armaments","Anger"],"picked":"Clash","floor":3.0},{"not_picked":["Dark Embrace","Dual Wield"],"picked":"Uppercut","floor":4.0},{"not_picked":["Clash","Iron Wave"],"picked":"Disarm","floor":5.0},{"not_picked":["Bloodletting","Clash","Heavy Blade"],"picked":"SKIP","floor":7.0},{"not_picked":["Exhume","Flex"],"picked":"Feel No Pain","floor":8.0},{"not_picked":["Infernal Blade+1","Burning Pact+1"],"picked":"Disarm+1","floor":11.0},{"not_picked":["Heavy Blade","Perfected Strike"],"picked":"Armaments+1","floor":13.0},{"not_picked":["Exhume+1","Demon Form"],"picked":"Impervious+1","floor":16.0},{"not_picked":["Sword Boomerang","Pommel Strike"],"picked":"Uppercut+1","floor":18.0},{"not_picked":["Second Wind+1","Headbutt+1","Havoc+1"],"picked":"SKIP","floor":19.0},{"not_picked":["Cleave","Warcry+1","Clothesline+1"],"picked":"SKIP","floor":22.0},{"not_picked":["Seeing Red+1","Second Wind+1"],"picked":"Body Slam","floor":24.0},{"not_picked":["Cleave","Wild Strike","Sever Soul"],"picked":"SKIP","floor":28.0},{"not_picked":["Perfected Strike","Power Through+1"],"picked":"Whirlwind","floor":30.0},{"not_picked":["Immolate","Thunderclap"],"picked":"Shockwave+1","floor":31.0},{"not_picked":["Berserk","Double Tap+1"],"picked":"Barricade","floor":33},{"not_picked":["Intimidate+1","Pommel Strike","Wild Strike"],"picked":"SKIP","floor":35},{"not_picked":["Power Through+1","Whirlwind+1"],"picked":"Second Wind+1","floor":36},{"not_picked":["Intimidate+1","Power Through+1"],"picked":"Juggernaut","floor":40},{"not_picked":["Iron Wave+1","Searing Blow+1","Sword Boomerang"],"picked":"SKIP","floor":41},{"not_picked":["Blind+1","Finesse+1"],"picked":"Apotheosis+1","floor":42},{"not_picked":["Feel No Pain+1","Heavy Blade","Rampage"],"picked":"SKIP","floor":45},{"not_picked":["Warcry+1","Reckless Charge+1","Iron Wave"],"picked":"SKIP","floor":48}],"player_experience":381325,"relics_obtained":[{"floor":7.0,"key":"PreservedInsect"},{"floor":9.0,"key":"Bottled Flame"},{"floor":11.0,"key":"Toxic Egg 2"},{"floor":23.0,"key":"Enchiridion"},{"floor":26.0,"key":"Bottled Tornado"},{"floor":30.0,"key":"Matryoshka"},{"floor":37,"key":"Ice Cream"},{"floor":40,"key":"Paper Frog"},{"floor":43,"key":"Bronze Scales"},{"floor":43,"key":"FossilizedHelix"}],"event_choices":[{"cards_removed":["Strike_R"],"damage_healed":0.0,"max_hp_gain":0.0,"max_hp_loss":0.0,"gold_gain":0.0,"event_name":"Living Wall","player_choice":"Forget","floor":12.0,"gold_loss":0.0,"damage_taken":0.0},{"damage_healed":20.0,"max_hp_gain":0.0,"max_hp_loss":0.0,"gold_gain":0.0,"event_name":"Mushrooms","player_choice":"Healed and dodged fight","floor":14.0,"gold_loss":0.0,"damage_taken":0.0,"cards_obtained":["Parasite"]},{"damage_healed":0.0,"max_hp_gain":5.0,"max_hp_loss":0.0,"gold_gain":0.0,"event_name":"Forgotten Altar","player_choice":"Shed Blood","floor":21.0,"gold_loss":0.0,"damage_taken":19.0},{"damage_healed":0.0,"max_hp_gain":0.0,"max_hp_loss":0.0,"gold_gain":0.0,"event_name":"Cursed Tome","player_choice":"Obtained Book","floor":23.0,"gold_loss":0.0,"damage_taken":16.0},{"damage_healed":0.0,"max_hp_gain":0.0,"max_hp_loss":0.0,"gold_gain":0.0,"event_name":"Masked Bandits","player_choice":"Paid Fearfully","floor":25.0,"gold_loss":58.0,"damage_taken":0.0},{"damage_healed":0,"gold_gain":0,"player_choice":"Fight","damage_taken":0,"max_hp_gain":0,"max_hp_loss":0,"event_name":"Mysterious Sphere","floor":37,"gold_loss":0},{"damage_healed":0,"gold_gain":999,"player_choice":"Gold","damage_taken":0,"max_hp_gain":0,"max_hp_loss":0,"event_name":"MindBloom","floor":38,"gold_loss":0,"cards_obtained":["Normality","Normality"]},{"damage_healed":0,"gold_gain":0,"player_choice":"Memory 1","damage_taken":0,"max_hp_gain":0,"max_hp_loss":0,"event_name":"SensoryStone","floor":42,"gold_loss":0},{"damage_healed":0,"gold_gain":0,"player_choice":"Max HP","damage_taken":0,"max_hp_gain":0,"max_hp_loss":4,"event_name":"Winding Halls","floor":47,"gold_loss":0}],"is_beta":false,"boss_relics":[{"not_picked":["Astrolabe","Pandora\u0027s Box"],"picked":"Snecko Eye"},{"not_picked":["Runic Cube","Cursed Key"],"picked":"Mark of Pain"}],"items_purged_floors":[20,39,44],"is_endless":false,"potions_floor_spawned":[5,7,8,13,18,19,31,35,36,37,45,48],"ascension_level":11}}