{"host":"cfv8orgc8997ql4r","time":1613768126,"event":{"mods":["AchievementEnabler","BaseMod","DeckTracker","Keyboard Shortcuts","Minty Spire (QoL Compilation)"],"gold_per_floor":[119,129,149,149,164,164,64,84,84,84,84,96,96,116,116,219,219,233,249,159,159,159],"floor_reached":21,"language":"KOR","playtime":647,"items_purged":["Strike_R"],"score":216,"play_id":"9ffe4392-255a-4691-a9df-d3a92a2f63ea","local_time":"20210220055526","is_ascension_mode":true,"campfire_choices":[{"data":"Flex","floor":6.0,"key":"SMITH"},{"data":"Bash","floor":11.0,"key":"SMITH"},{"data":"Dark Embrace","floor":13.0,"key":"SMITH"},{"data":"Corruption","floor":15.0,"key":"SMITH"}],"circlet_count":0,"master_deck":["Strike_R","Strike_R","Strike_R","Strike_R","Defend_R","Defend_R","Defend_R","Bash+1","Twin Strike","Flex+1","Shrug It Off","Flex+1","Burning Pact","Dark Embrace+1","Corruption+1","Demon Form+1"],"relics":["Burning Blood","Du-Vu Doll","Sundial","Cursed Key"],"acts_visited":["Exordium","TheCity"],"potions_floor_usage":[16,16,16,16],"damage_taken":[{"damage":2.0,"enemies":"Jaw Worm","floor":1.0,"turns":3.0},{"damage":1.0,"enemies":"2 Louse","floor":2.0,"turns":2.0},{"damage":6.0,"enemies":"Cultist","floor":3.0,"turns":3.0},{"damage":11.0,"enemies":"Looter","floor":5.0,"turns":3.0},{"damage":24.0,"enemies":"Lots of Slimes","floor":8.0,"turns":3.0},{"damage":7.0,"enemies":"Large Slime","floor":12.0,"turns":5.0},{"damage":1.0,"enemies":"3 Louse","floor":14.0,"turns":4.0},{"damage":34,"enemies":"The Guardian","floor":16,"turns":14},{"damage":7,"enemies":"Chosen","floor":18,"turns":4},{"damage":26,"enemies":"Shell Parasite","floor":19,"turns":5}],"seed_played":"1935765682602614477","potions_obtained":[{"floor":2.0,"key":"Weak Potion"},{"floor":12.0,"key":"LiquidBronze"},{"floor":14.0,"key":"SteroidPotion"},{"floor":16,"key":"Fruit Juice"},{"floor":19,"key":"Fire Potion"}],"is_trial":false,"path_per_floor":["M","M","M","?","M","R","$","M","T","?","R","M","R","M","R","B",null,"M","M","?","$"],"character_chosen":"IRONCLAD","items_purchased":["Flex"],"campfire_rested":0,"item_purchase_floors":[7],"current_hp_per_floor":[88,88,88,76,71,71,71,53,53,53,53,52,52,57,57,34,78,77,57,57,57,57],"gold":159,"neow_bonus":"TEN_PERCENT_HP_BONUS","is_daily":false,"chose_seed":true,"campfire_upgraded":4,"win_rate":0.0,"timestamp":1613768126,"path_taken":["M","M","M","?","M","R","$","M","T","?","R","?","R","M","R","BOSS","M","M","?","$"],"items_purchased_type":["Card"],"build_version":"2020-12-22","purchased_purges":1,"victory":false,"max_hp_per_floor":[88,88,88,88,88,88,88,88,88,88,88,88,88,88,88,93,93,93,93,93,93,93],"card_choices":[{"not_picked":["Shrug It Off","Hemokinesis"],"picked":"Twin Strike","floor":1.0},{"not_picked":["Whirlwind","Iron Wave"],"picked":"Flex","floor":2.0},{"not_picked":["Thunderclap","Clash"],"picked":"Shrug It Off","floor":3.0},{"not_picked":["Power Through","Clothesline","Clash"],"picked":"SKIP","floor":5.0},{"not_picked":["Flex","Evolve"],"picked":"Burning Pact","floor":8.0},{"not_picked":["Warcry","Clothesline"],"picked":"Dark Embrace","floor":12.0},{"not_picked":["Havoc","Flex"],"picked":"Corruption","floor":14.0},{"not_picked":["Berserk","Immolate"],"picked":"Demon Form","floor":16},{"not_picked":["Anger","Warcry","Clash"],"picked":"SKIP","floor":18},{"not_picked":["Thunderclap","Body Slam","Clothesline"],"picked":"SKIP","floor":19}],"player_experience":202340,"relics_obtained":[{"floor":9.0,"key":"Sundial"}],"event_choices":[{"damage_healed":0.0,"max_hp_gain":0.0,"max_hp_loss":0.0,"gold_gain":0.0,"event_name":"Scrap Ooze","player_choice":"Success","floor":4.0,"gold_loss":0.0,"damage_taken":12.0,"relics_obtained":["Du-Vu Doll"]},{"damage_healed":0.0,"max_hp_gain":0.0,"max_hp_loss":0.0,"gold_gain":0.0,"event_name":"Accursed Blacksmith","player_choice":"Forge","floor":10.0,"gold_loss":0.0,"damage_taken":0.0,"cards_upgraded":["Flex"]},{"cards_removed":["Defend_R"],"damage_healed":0,"gold_gain":0,"player_choice":"Upgrade and Remove","damage_taken":0,"max_hp_gain":0,"max_hp_loss":0,"event_name":"Designer","floor":20,"gold_loss":90,"cards_upgraded":["Demon Form"]}],"is_beta":false,"boss_relics":[{"not_picked":["Calling Bell","Coffee Dripper"],"picked":"Cursed Key"}],"items_purged_floors":[7],"is_endless":false,"potions_floor_spawned":[2,12,14,16,19],"ascension_level":5}}