{"host":"o221npfsfw6z66k1","time":1613708409,"event":{"mods":["BaseMod","Downfall","Googly Eyes","Hermit","Hero for Fun","Jorbs\u0027s Wanderer Trilogy","Minty Spire (QoL Compilation)","Random Character Button","Robot Space Explorer","StSLib","The Animator","The Cursed","The Hierophant","The Jungle","The Runesmith","The Servant 0.9.4"],"gold_per_floor":[115,115,128,128,142,142,171,171,171,181,195,206,224,250,250,349,349,364,364,364,379,396,431,190,222,293,313,325,356,356,356,356,452,452,462,462,462,473,484,501,501,513,564,356,373,90,90,90],"floor_reached":47,"language":"ENG","playtime":8794,"items_purged":["Runesmith:Defend_RS","Runesmith:Defend_RS"],"score":526,"play_id":"8a60507f-eb5f-44db-ab6a-e44181a53287","local_time":"20210218212009","is_ascension_mode":false,"campfire_choices":[{"data":"Runesmith:EnergizedChisel","floor":6.0,"key":"SMITH"},{"floor":8.0,"key":"REST"},{"data":"Runesmith:CraftPrismatica","floor":15.0,"key":"SMITH"},{"floor":30.0,"key":"REST"},{"data":"Runesmith:UnlimitedPower","floor":32.0,"key":"SMITH"},{"floor":41,"key":"REST"}],"circlet_count":0,"master_deck":["Runesmith:Strike_RS","Runesmith:Strike_RS+1","Runesmith:Strike_RS","Runesmith:CraftFirestone","Runesmith:Fortify","Runesmith:EarthShield","Runesmith:EnergizedChisel+1","Runesmith:CraftPrismatica+1","Runesmith:GoWithTheFlow+1","Runesmith:Firestorm","Runesmith:CraftIncendium","Runesmith:RunicBlueprint","Runesmith:FissionHammer","Runesmith:UnlimitedPower+1","Runesmith:Empowerment","Runesmith:DuctTape","Runesmith:HammerThrow","Runesmith:Permafrost","Runesmith:Superposition+1","Runesmith:LithiumIon+1","Runesmith:RuneHurl","Runesmith:Terraform","Runesmith:ArcReactor","Runesmith:CraftProtectio+1","Runesmith:MetallurgicalResearch+1","Runesmith:PerfectChisel+1","Master of Strategy","Runesmith:CraftObretio+1","Runesmith:Augment+1","animator:Curse_GriefSeed","Runesmith:FissionHammer","Runesmith:ChaoticBlast","Runesmith:EarthShield+1","Runesmith:Supernova"],"relics":["Runesmith:BrokenRuby","Question Card","Lizard Tail","Sundial","Smiling Mask","Cursed Key","Bronze Scales","Pantograph","Whetstone","White Beast Statue","Bottled Flame","Dream Catcher","Astrolabe","Orrery"],"acts_visited":["Exordium","theJungle:Jungle","TheBeyond"],"potions_floor_usage":[38,39,39,40,47],"damage_taken":[{"damage":0.0,"enemies":"Cultist","floor":1.0,"turns":4.0},{"damage":0.0,"enemies":"2 Louse","floor":3.0,"turns":3.0},{"damage":5.0,"enemies":"Small Slimes","floor":5.0,"turns":4.0},{"damage":34.0,"enemies":"Gremlin Nob","floor":7.0,"turns":6.0},{"damage":3.0,"enemies":"Looter","floor":10.0,"turns":3.0},{"damage":4.0,"enemies":"Exordium Thugs","floor":11.0,"turns":5.0},{"damage":3.0,"enemies":"Large Slime","floor":12.0,"turns":5.0},{"damage":2.0,"enemies":"2 Fungi Beasts","floor":13.0,"turns":4.0},{"damage":0.0,"enemies":"Lagavulin","floor":14.0,"turns":7.0},{"damage":6.0,"enemies":"The Guardian","floor":16.0,"turns":9.0},{"damage":10.0,"enemies":"theJungle:MUSHROOMGANG","floor":18.0,"turns":6.0},{"damage":0.0,"enemies":"Shell Parasite","floor":21.0,"turns":5.0},{"damage":12.0,"enemies":"theJungle:Snecko_Cultist_And_Trap","floor":22.0,"turns":5.0},{"damage":6.0,"enemies":"theJungle:2_Phrogs","floor":23.0,"turns":7.0},{"damage":41.0,"enemies":"theJungle:MamaSnecko","floor":25.0,"turns":6.0},{"damage":0.0,"enemies":"theJungle:2_Snecko_Cultists","floor":27.0,"turns":3.0},{"damage":7.0,"enemies":"theJungle:SlimyTreeVines","floor":28.0,"turns":5.0},{"damage":20.0,"enemies":"theJungle:Cassacara","floor":29.0,"turns":4.0},{"damage":14.0,"enemies":"theJungle:QueenSpyder","floor":33.0,"turns":9.0},{"damage":16.0,"enemies":"Orb Walker","floor":35.0,"turns":3.0},{"damage":0,"enemies":"3 Shapes","floor":38,"turns":4},{"damage":32,"enemies":"3 Darklings","floor":39,"turns":4},{"damage":2,"enemies":"Sphere and 2 Shapes","floor":40,"turns":5},{"damage":16,"enemies":"Writhing Mass","floor":42,"turns":6},{"damage":14,"enemies":"3 Darklings","floor":45,"turns":4},{"damage":27,"enemies":"Nemesis","floor":47,"turns":2}],"seed_played":"-5599105295764069197","potions_obtained":[{"floor":3.0,"key":"Fruit Juice"},{"floor":5.0,"key":"Swift Potion"},{"floor":10.0,"key":"sneckomod:MuddlingPotion"},{"floor":14.0,"key":"Fire Potion"},{"floor":16.0,"key":"champ:CounterPotion"},{"floor":18.0,"key":"Explosive Potion"},{"floor":21.0,"key":"Energy Potion"},{"floor":25.0,"key":"Swift Potion"},{"floor":27.0,"key":"BlessingOfTheForge"},{"floor":29.0,"key":"hexamod:SoulburnPotion"},{"floor":33.0,"key":"SkillPotion"},{"floor":35.0,"key":"sneckomod:MuddlingPotion"},{"floor":38,"key":"AttackPotion"},{"floor":39,"key":"Swift Potion"},{"floor":40,"key":"SkillPotion"},{"floor":42,"key":"DuplicationPotion"}],"is_trial":false,"path_per_floor":["M","$","M","?","M","R","E","R","T","M","M","M","M","E","R","B",null,"M","?","?","M","M","E","$","E","T","M","M","E","R","?","R","B",null,"M","?","?","M","M","M","R","M","T","$","M","$","E"],"character_chosen":"RUNESMITH_CLASS","items_purchased":["Runesmith:Permafrost","Whetstone","Runesmith:FissionHammer","Orrery","Runesmith:Supernova"],"campfire_rested":3,"item_purchase_floors":[24,24,44,46,46],"current_hp_per_floor":[77,77,77,70,65,65,36,60,60,57,53,50,48,48,48,42,82,72,72,72,72,60,54,54,13,13,13,12,39,63,65,65,68,82,66,66,66,66,34,32,56,40,40,40,26,26,0,0],"gold":90,"neow_bonus":"TEN_PERCENT_HP_BONUS","is_daily":false,"chose_seed":false,"campfire_upgraded":3,"win_rate":0.0,"timestamp":1613708409,"path_taken":["M","?","M","?","M","R","E","R","T","M","M","M","M","E","R","BOSS","M","?","?","?","M","E","$","E","T","M","?","E","R","?","R","BOSS","M","?","?","?","M","M","R","M","T","$","M","$","E"],"items_purchased_type":["Card","Relic","Card","Relic","Card"],"build_version":"2020-12-22","purchased_purges":2,"victory":false,"max_hp_per_floor":[77,77,77,77,77,77,82,82,82,82,82,82,82,82,82,82,82,82,82,82,82,82,82,82,82,82,82,82,82,82,82,82,82,82,82,82,82,82,82,82,82,82,82,82,82,82,82,82],"card_choices":[{"not_picked":["Runesmith:Grindstone","Runesmith:HammerThrow"],"picked":"Runesmith:EarthShield","floor":1.0},{"not_picked":["Runesmith:Firewall","Runesmith:CraftVitae","Runesmith:ShiftingStrike"],"picked":"SKIP","floor":3.0},{"not_picked":["Runesmith:CraftReservo","Runesmith:WhiteBalance","Runesmith:Grindstone"],"picked":"Runesmith:EnergizedChisel","floor":5.0},{"not_picked":["Runesmith:BackupBattery","Runesmith:HammerThrow","Runesmith:CraftSpiculum"],"picked":"Runesmith:CraftPrismatica","floor":7.0},{"not_picked":["Runesmith:Attraction","Runesmith:StaticCage","Runesmith:Overpower"],"picked":"Runesmith:GoWithTheFlow","floor":10.0},{"not_picked":["Runesmith:Retool","Runesmith:MakeshiftArmor","Runesmith:NegativeSpace"],"picked":"Runesmith:Firestorm","floor":11.0},{"not_picked":["Runesmith:Prism","Runesmith:HammerThrow","Runesmith:BackupBattery"],"picked":"Runesmith:CraftIncendium","floor":12.0},{"not_picked":["Runesmith:ChiselStab","Runesmith:HammerThrow","Runesmith:Overpower"],"picked":"Runesmith:RunicBlueprint","floor":13.0},{"not_picked":["Runesmith:Overpower","Runesmith:RuneHurl","Runesmith:Retool"],"picked":"Runesmith:FissionHammer","floor":14.0},{"not_picked":["Runesmith:FissionHammer","Runesmith:Duplicate","Runesmith:CreatorForm"],"picked":"Runesmith:UnlimitedPower","floor":16.0},{"not_picked":["Runesmith:ShiftingStrike","Runesmith:StaticCage","Runesmith:CraftMagma"],"picked":"Runesmith:Empowerment","floor":18.0},{"not_picked":["Runesmith:EnergizedChisel","Runesmith:CraftProtectio","Runesmith:HammerThrow","Runesmith:EarthShield+1"],"picked":"SKIP","floor":21.0},{"not_picked":["Runesmith:NegativeSpace","Runesmith:RunicBlueprint+1","Runesmith:CraftMagma"],"picked":"Runesmith:DuctTape","floor":22.0},{"not_picked":["Runesmith:ReplicatingBarrier","Runesmith:Malloc","Runesmith:CraftProtectio"],"picked":"Runesmith:HammerThrow","floor":23.0},{"not_picked":["Runesmith:HeatExchange","Runesmith:MetallurgicalResearch","Runesmith:HeatedChisel"],"picked":"Runesmith:Superposition+1","floor":25.0},{"not_picked":["Runesmith:HeatedChisel+1","Runesmith:CraftMagma+1","Runesmith:Attraction"],"picked":"Runesmith:LithiumIon+1","floor":27.0},{"not_picked":["Runesmith:Reinforce+1","Runesmith:EnergizedChisel","Runesmith:Electrocute","Runesmith:ChargedHammer"],"picked":"SKIP","floor":28.0},{"not_picked":["Runesmith:Malloc","Runesmith:FieryHammer+1","Runesmith:BackupBattery"],"picked":"Runesmith:RuneHurl","floor":29.0},{"not_picked":["Runesmith:Firestorm+1","Runesmith:BackupBattery","Runesmith:CraftProtectio+1"],"picked":"Runesmith:Terraform","floor":30.0},{"not_picked":["Runesmith:CraftIndustria","Runesmith:GrandSlam","Runesmith:Duplicate"],"picked":"Runesmith:ArcReactor","floor":33.0},{"not_picked":["Runesmith:CraftProtectio+1","Runesmith:NegativeSpace+1","Runesmith:ChiselStab","Runesmith:ChargedHammer+1"],"picked":"SKIP","floor":35.0},{"not_picked":["Madness","Bandage Up","Finesse"],"picked":"Master of Strategy","floor":36.0},{"not_picked":["Runesmith:Permafrost+1","Runesmith:HeatedChisel","Runesmith:HeatExchange","Runesmith:HammerThrow"],"picked":"SKIP","floor":38},{"not_picked":["Runesmith:HammerThrow+1","Runesmith:HeatedChisel","Runesmith:CraftVitae+1","Runesmith:FrozenChisel+1"],"picked":"SKIP","floor":39},{"not_picked":["Runesmith:Augment","Runesmith:EarthShield+1","Runesmith:Retool","Runesmith:WhiteBalance+1"],"picked":"SKIP","floor":40},{"not_picked":["Runesmith:RuneHurl","Runesmith:BackupBattery","Runesmith:HeatedChisel+1"],"picked":"Runesmith:CraftObretio+1","floor":41},{"not_picked":["Runesmith:HeatedChisel+1","Runesmith:UnstableHammer+1","Runesmith:NanitesCloud+1"],"picked":"Runesmith:Augment+1","floor":42},{"not_picked":["Runesmith:OneForEveryone","Runesmith:ChiselStab","Runesmith:Prism+1"],"picked":"Runesmith:ChaoticBlast","floor":45},{"not_picked":["Runesmith:StaticCage","Runesmith:PerfectChisel","Runesmith:Repurpose+1"],"picked":"Runesmith:EarthShield+1","floor":46}],"player_experience":434576,"relics_obtained":[{"floor":7.0,"key":"Lizard Tail"},{"floor":9.0,"key":"Sundial"},{"floor":14.0,"key":"Smiling Mask"},{"floor":23.0,"key":"Pantograph"},{"floor":25.0,"key":"White Beast Statue"},{"floor":26.0,"key":"Bottled Flame"},{"floor":29.0,"key":"Dream Catcher"}],"event_choices":[{"damage_healed":0.0,"max_hp_gain":0.0,"max_hp_loss":0.0,"gold_gain":0.0,"event_name":"Scrap Ooze","player_choice":"Success","floor":4.0,"gold_loss":0.0,"damage_taken":7.0,"relics_obtained":["Question Card"]},{"damage_healed":0.0,"max_hp_gain":0.0,"max_hp_loss":0.0,"gold_gain":0.0,"event_name":"WeMeetAgain","player_choice":"Gave Potion","floor":20.0,"gold_loss":0.0,"damage_taken":0.0,"relics_obtained":["Bronze Scales"]},{"damage_healed":0.0,"max_hp_gain":0.0,"max_hp_loss":0.0,"gold_gain":0.0,"event_name":"SensoryStone","player_choice":"Memory 1","floor":36.0,"gold_loss":0.0,"damage_taken":0.0},{"cards_removed":["downfall:Haunted"],"damage_healed":0,"gold_gain":0,"player_choice":"Removed Curses","damage_taken":0,"max_hp_gain":0,"max_hp_loss":0,"event_name":"Fountain of Cleansing","floor":37,"gold_loss":0}],"is_beta":false,"boss_relics":[{"not_picked":["Coffee Dripper","Runic Pyramid"],"picked":"Cursed Key"},{"not_picked":["Calling Bell","Snecko Eye"],"picked":"Astrolabe"}],"items_purged_floors":[24,44],"is_endless":false,"potions_floor_spawned":[3,5,10,14,16,18,21,25,27,28,29,33,35,38,39,40,42,45],"killed_by":"Nemesis","ascension_level":0}}