{"host":"gs0a38e4jr2axiip","time":1613767234,"event":{"mods":["100% Spire Juice","Abigail Mod","Act Like it!","BaseMod","Better Note","BetterRewards","CCEM2","Colored Map","Conspire","Dark Map","Downfall","Exacting","Gensokyo","Hallownest","Highlight Path","Hubris","Infinite Spire","Jedi Mod","Koishi","MarisaÅiñ∂âJÅ@ñÇóùçπÅj","Minty Spire (QoL Compilation)","Permanent Neow","Prisma Mod","Replay The Spire","Ruina","Shop Mod","Spire Arcade","Spire Birthday Party","StSLib","The Gatherer","The Jungle","The Necromancer","The Servant 0.9.4","Unceasing Turn Reminder","Waifu the Spire","Wandering Minibosses","Yuyuko"],"gold_per_floor":[119,119,119,132,152,61,61,77,77,98,98,96,4,75,75,60,60],"floor_reached":16,"language":"ENG","playtime":1526,"items_purged":[],"score":120,"play_id":"392a27e3-6729-4c5e-abd1-937d69b7bcdb","local_time":"20210219144034","is_ascension_mode":false,"campfire_choices":[{"floor":7,"key":"REST"},{"floor":11,"key":"REST"},{"floor":11,"key":"RECALL"},{"floor":15,"key":"REST"},{"data":"Moonworks:Ambush","floor":15,"key":"SMITH"}],"circlet_count":0,"master_deck":["Moonworks:Strike","Moonworks:Strike","Moonworks:Strike","Moonworks:Defend","Moonworks:Defend","Moonworks:Defend","Moonworks:Defend","Moonworks:Ambush+1","Moonworks:LongDistanceShot","Moonworks:JonathanRush","Moonworks:SweetBattle","Moonworks:Bloodlust","Moonworks:WeAreWaruda","Moonworks:MiracleRedBeanIceCream","Moonworks:BigBangBell","Moonworks:Encore","ReplayTheSpireMod:Splinters"],"relics":["Moonworks:BrokenBomb","Moonworks:Homemark","Golden Idol","CCEMRelics:MissingSock","Replay:Kaleidoscope","infinitespire:Magic Flask","hubris:DeckOfHolding","Shuriken"],"acts_visited":["Exordium"],"potions_floor_usage":[12,13,16,16],"damage_taken":[{"damage":1,"enemies":"Jaw Worm","floor":1,"turns":3},{"damage":0,"enemies":"2 Louse","floor":4,"turns":3},{"damage":0,"enemies":"Small Slimes","floor":5,"turns":7},{"damage":31,"enemies":"Gremlin Nob","floor":6,"turns":5},{"damage":15,"enemies":"2 Fungi Beasts","floor":8,"turns":4},{"damage":39,"enemies":"Replay:BlueRogue","floor":10,"turns":8},{"damage":12,"enemies":"Looter","floor":12,"turns":5},{"damage":24,"enemies":"Gremlin Nob","floor":13,"turns":4},{"damage":58,"enemies":"The Guardian","floor":16,"turns":7}],"seed_played":"3376504959462165294","potions_obtained":[{"floor":4,"key":"Elixir"},{"floor":10,"key":"ColorlessPotion"},{"floor":12,"key":"ColorlessPotion"},{"floor":14,"key":"DistilledChaos"}],"is_trial":false,"path_per_floor":["M","?","?","M","M","E","R","M","T","E","R","M","E","?","R","B"],"character_chosen":"THE_STARBREAKER","items_purchased":[],"campfire_rested":3,"item_purchase_floors":[],"current_hp_per_floor":[65,49,42,42,42,15,34,31,31,10,29,28,18,18,37,0,0],"gold":60,"neow_bonus":"TEN_PERCENT_HP_BONUS","is_daily":false,"chose_seed":false,"campfire_upgraded":1,"win_rate":0.0,"timestamp":1613767234,"path_taken":["M","?","?","M","?","E","R","M","T","E","R","M","E","?","R","BOSS"],"items_purchased_type":[],"build_version":"2020-12-22","purchased_purges":0,"victory":false,"max_hp_per_floor":[66,66,66,66,66,66,66,66,66,66,66,66,66,66,66,66,66],"card_choices":[{"not_picked":["Moonworks:LulusLuckyEgg","Moonworks:UnpaidWork"],"picked":"Moonworks:JonathanRush","floor":1},{"not_picked":["Moonworks:BindingChains","Moonworks:ImOnFire","Moonworks:ExtendedPhotonRifle"],"picked":"SKIP","floor":4},{"not_picked":["Moonworks:Assault","Moonworks:ImOnFire"],"picked":"Moonworks:SweetBattle","floor":5},{"not_picked":["Moonworks:LulusLuckyEgg","Moonworks:CloudOfSeagulls"],"picked":"Moonworks:Bloodlust","floor":6},{"not_picked":["Moonworks:NicePresent","Moonworks:ExtendedPhotonRifle"],"picked":"Moonworks:WeAreWaruda","floor":8},{"not_picked":["Moonworks:DeployBits","Moonworks:SweetBattle"],"picked":"Moonworks:MiracleRedBeanIceCream","floor":10},{"not_picked":["Moonworks:DeployBits","Moonworks:SakisCookie"],"picked":"Moonworks:BigBangBell","floor":12},{"not_picked":["Moonworks:Assault","Moonworks:LulusLuckyEgg"],"picked":"Moonworks:Encore","floor":13}],"player_experience":775905,"relics_obtained":[{"floor":6,"key":"CCEMRelics:MissingSock"},{"floor":8,"key":"Replay:Kaleidoscope"},{"floor":10,"key":"infinitespire:Magic Flask"},{"floor":13,"key":"hubris:DeckOfHolding"},{"floor":14,"key":"Shuriken"}],"event_choices":[{"damage_healed":0,"gold_gain":0,"player_choice":"Take Damage","damage_taken":16,"relics_obtained":["Golden Idol"],"max_hp_gain":0,"max_hp_loss":0,"event_name":"Golden Idol","floor":2,"gold_loss":0},{"cards_removed":["Moonworks:Strike"],"damage_healed":0,"gold_gain":0,"player_choice":"Card Removal","damage_taken":7,"max_hp_gain":0,"max_hp_loss":0,"event_name":"Golden Wing","floor":3,"gold_loss":0}],"is_beta":false,"boss_relics":[],"items_purged_floors":[],"is_endless":false,"potions_floor_spawned":[4,10,12],"killed_by":"The Guardian","ascension_level":0}}