{"host":"Kdaddybrian","time":1613778440,"event":{"mods":["AchievementEnabler","BaseMod","Bestiary","Colored Map","Colored Powertips","Minty Spire (QoL Compilation)","Potion Indicator Mod","Quick Restart","Rare Cards Sparkle","Relic Stats","StSLib","Uncapped"],"gold_per_floor":[117,128,39,55,55,55,65,65,65],"floor_reached":8,"language":"ENG","playtime":327,"items_purged":[],"score":79,"play_id":"dfd65567-8293-4449-a26d-29d8de8c3903","local_time":"20210219184720","is_ascension_mode":true,"campfire_choices":[{"floor":6,"key":"REST"}],"circlet_count":0,"master_deck":["AscendersBane","Strike_P","Strike_P","Strike_P","Strike_P","Defend_P","Defend_P","Defend_P","Defend_P","Eruption","Vigilance","CurseOfTheBell","InnerPeace","CutThroughFate","Bandage Up","BowlingBash","EmptyMind"],"relics":["Calling Bell","Boot","Eternal Feather","Calipers"],"acts_visited":["Exordium"],"potions_floor_usage":[],"damage_taken":[{"damage":12,"enemies":"2 Louse","floor":1,"turns":4},{"damage":24,"enemies":"Cultist","floor":2,"turns":7},{"damage":0,"enemies":"Jaw Worm","floor":4,"turns":5},{"damage":11,"enemies":"Blue Slaver","floor":7,"turns":5},{"damage":55,"enemies":"Gremlin Nob","floor":8,"turns":5}],"seed_played":"6391240968977545652","potions_obtained":[{"floor":1,"key":"Explosive Potion"}],"is_trial":false,"path_per_floor":["M","M","$","M","?","R","M","E"],"character_chosen":"WATCHER","items_purchased":["Bandage Up"],"campfire_rested":1,"item_purchase_floors":[3],"current_hp_per_floor":[53,29,29,33,33,63,56,5,5],"gold":65,"neow_bonus":"BOSS_RELIC","is_daily":false,"chose_seed":false,"campfire_upgraded":0,"win_rate":0.0,"timestamp":1613778440,"path_taken":["M","M","$","M","?","R","M","E"],"items_purchased_type":["Card"],"build_version":"2020-12-18","purchased_purges":0,"victory":false,"max_hp_per_floor":[72,72,72,72,72,72,72,72,72],"relic_stats":{"counters":[5,26],"Eternal Feather":9,"Boot":[1],"obtain_stats":[{"Calling Bell":0,"Calipers":0,"Eternal Feather":0,"PureWater":0,"Boot":0},{"Calling Bell":0,"Calipers":0,"Eternal Feather":0,"PureWater":0,"Boot":0},{"Calling Bell":0,"Calipers":0,"Eternal Feather":0,"PureWater":0,"Boot":0}]},"card_choices":[{"not_picked":["Perseverance","Indignation"],"picked":"InnerPeace","floor":1},{"not_picked":["ClearTheMind","Wireheading"],"picked":"CutThroughFate","floor":2},{"not_picked":["JustLucky","ThirdEye"],"picked":"BowlingBash","floor":4},{"not_picked":["PathToVictory","Protect"],"picked":"EmptyMind","floor":7}],"player_experience":3057031,"relics_obtained":[{"floor":0,"key":"Boot"},{"floor":0,"key":"Eternal Feather"},{"floor":0,"key":"Calipers"}],"event_choices":[{"damage_healed":0,"gold_gain":0,"player_choice":"Ignored","damage_taken":0,"max_hp_gain":0,"max_hp_loss":0,"event_name":"Golden Wing","floor":5,"gold_loss":0}],"is_beta":true,"boss_relics":[],"items_purged_floors":[],"is_endless":false,"potions_floor_spawned":[1],"killed_by":"Gremlin Nob","ascension_level":13}}