{"host":"lwys0gbp6t40j7jh","time":1613775550,"event":{"mods":["Act Like it!","BaseMod","CapriCore","Downfall","Friendly Minions","GifTheSpireLib","Minty Spire (QoL Compilation)","StSLib","SuperFastMode"],"gold_per_floor":[99,112,132,150,150,161,188,198,198,198,30,42,42,98,115,210,210,210,222,237,73,85,85,108,121,121,121,121,133,133,133,151,151,151,151],"floor_reached":33,"language":"ENG","playtime":1090,"items_purged":["champ:Strike","champ:Strike"],"score":241,"play_id":"0cb67592-c006-4577-9e25-3b1c9a1d407c","local_time":"20210219235910","is_ascension_mode":false,"campfire_choices":[{"data":"champ:Execute","floor":1,"key":"SMITH"},{"data":"champ:GutPunch","floor":13,"key":"SMITH"},{"data":"champ:TornadoPunch","floor":18,"key":"SMITH"},{"floor":28,"key":"REST"},{"floor":30,"key":"REST"}],"circlet_count":0,"master_deck":["champ:Strike","champ:Strike","champ:Defend","champ:Defend","champ:Execute+1","champ:Taunt","champ:GutPunch+1","champ:BringItOn","champ:EnGarde","champ:TornadoPunch+1","champ:CrookedStrike","champ:Endure+1","champ:FlashCut","champ:DefensiveShout+1","champ:FanOfKnives","champ:Circumvent+1","champ:Haymaker","champ:IgnorePain","champ:Duel"],"relics":["champ:ChampionCrown","Nunchaku","Toy Ornithopter","PreservedInsect","Black Star","MealTicket"],"acts_visited":["Exordium","TheCity"],"potions_floor_usage":[14,14,33,33,33],"damage_taken":[{"damage":10,"enemies":"Small Slimes","floor":2,"turns":3},{"damage":10,"enemies":"Cultist","floor":3,"turns":3},{"damage":15,"enemies":"2 Louse","floor":4,"turns":2},{"damage":10,"enemies":"downfall:LooterAlt","floor":6,"turns":3},{"damage":29,"enemies":"Gremlin Gang","floor":8,"turns":5},{"damage":5,"enemies":"downfall:FleeingMerchant","floor":11,"turns":4},{"damage":24,"enemies":"Blue Slaver","floor":12,"turns":4},{"damage":21,"enemies":"Gremlin Nob","floor":14,"turns":3},{"damage":12,"enemies":"3 Louse","floor":15,"turns":3},{"damage":94,"enemies":"DF_ARCHETYPE_STREAMLINE","floor":16,"turns":12},{"damage":49,"enemies":"Chosen","floor":19,"turns":8},{"damage":15,"enemies":"3 Byrds","floor":20,"turns":4},{"damage":10,"enemies":"downfall:FleeingMerchant","floor":21,"turns":4},{"damage":60,"enemies":"Centurion and Healer","floor":22,"turns":9},{"damage":30,"enemies":"Snake Plant","floor":25,"turns":6},{"damage":56,"enemies":"Shelled Parasite and Fungi","floor":29,"turns":8},{"damage":10,"enemies":"3 Cultists","floor":32,"turns":5},{"damage":103,"enemies":"WA_ARCHETYPE_CALM","floor":33,"turns":10}],"seed_played":"2975534238305957274","potions_obtained":[{"floor":3,"key":"Strength Potion"},{"floor":4,"key":"SteroidPotion"},{"floor":6,"key":"EssenceOfSteel"},{"floor":20,"key":"champ:UltimateStancePotion"},{"floor":29,"key":"hexamod:SoulburnPotion"}],"is_trial":false,"path_per_floor":["R","M","M","M","?","M","T","M","?","?","$","M","R","?","M","B",null,"R","M","M","$","M","?","T","M","?","?","R","M","R","?","M","B"],"character_chosen":"THE_CHAMP","items_purchased":["champ:Endure","champ:FanOfKnives"],"campfire_rested":2,"item_purchase_floors":[11,21],"current_hp_per_floor":[90,90,90,90,85,85,85,81,81,81,81,77,77,81,79,25,90,90,56,51,51,36,28,28,13,13,13,40,14,41,41,41,0,0,0],"gold":151,"neow_bonus":"RANDOM_COMMON_RELIC","is_daily":false,"chose_seed":false,"campfire_upgraded":3,"win_rate":0.0,"timestamp":1613775550,"path_taken":["R","M","M","M","?","M","T","?","?","?","$","?","R","?","M","BOSS","R","M","M","$","M","?","T","?","?","?","R","?","R","?","M","BOSS"],"items_purchased_type":["Card","Card"],"build_version":"2020-12-22","purchased_purges":2,"victory":false,"max_hp_per_floor":[90,90,90,90,90,90,90,90,90,90,90,90,90,90,90,90,90,90,90,90,90,90,90,90,90,90,90,90,90,90,90,90,90,90,90],"card_choices":[{"not_picked":["champ:Haymaker","champ:BerserkersShout"],"picked":"champ:GutPunch","floor":2},{"not_picked":["champ:EndlessRage","champ:BerserkersShout"],"picked":"champ:BringItOn","floor":3},{"not_picked":["champ:Parry","champ:FalseCounter","champ:RecklessLeap"],"picked":"SKIP","floor":4},{"not_picked":["champ:DefensiveShout","champ:ArenaPreparation"],"picked":"champ:EnGarde","floor":6},{"not_picked":["champ:EndlessRage","champ:BladeFlurry"],"picked":"champ:TornadoPunch","floor":8},{"not_picked":["champ:CrownThrow","champ:Haymaker"],"picked":"champ:CrookedStrike","floor":11},{"not_picked":["champ:Endure","champ:GutPunch","champ:RapidStrikes"],"picked":"SKIP","floor":12},{"not_picked":["champ:BladeFlurry","champ:SkillfulDodge"],"picked":"champ:FlashCut","floor":14},{"not_picked":["champ:DancingMaster","champ:FlashCut","champ:CrownThrow"],"picked":"SKIP","floor":15},{"not_picked":["champ:HeartStrike","champ:GutPunch","champ:TornadoPunch+1"],"picked":"SKIP","floor":19},{"not_picked":["champ:BringItOn","champ:Backstep"],"picked":"champ:DefensiveShout+1","floor":20},{"not_picked":["champ:PerfectedStrike+1","champ:GladiatorStyle+1","champ:Backstep"],"picked":"SKIP","floor":21},{"not_picked":["champ:Backstep","champ:FancyFootwork","champ:DefensiveShout"],"picked":"SKIP","floor":22},{"not_picked":["champ:PerfectedStrike","champ:HeartStrike"],"picked":"champ:Circumvent","floor":25},{"not_picked":["champ:EndlessRage","champ:SwordThrow"],"picked":"champ:Haymaker","floor":29},{"not_picked":["champ:EnGarde","champ:FlashCut"],"picked":"champ:Duel","floor":32}],"player_experience":1256423,"relics_obtained":[{"floor":7,"key":"Toy Ornithopter"},{"floor":14,"key":"PreservedInsect"},{"floor":24,"key":"MealTicket"}],"event_choices":[{"damage_healed":0,"gold_gain":0,"player_choice":"Ignored","damage_taken":0,"max_hp_gain":0,"max_hp_loss":0,"event_name":"Vampires","floor":26,"gold_loss":0}],"is_beta":false,"boss_relics":[{"not_picked":["Runic Pyramid","Astrolabe"],"picked":"Black Star"}],"items_purged_floors":[11,21],"is_endless":false,"potions_floor_spawned":[3,4,6,12,20,29,32],"killed_by":"WA_ARCHETYPE_CALM","ascension_level":0}}