{"host":"61y0z9o9vf3ujftj","time":1613757491,"event":{"mods":["BaseMod","Colored Map","Colored Powertips","GifTheSpireLib","HexUI Lib","Highlight Path","Minty Spire (QoL Compilation)","Permanent Neow","Relic Stats","StSLib","ojb\u0027s Info Mod"],"gold_per_floor":[116,116,61,61,61,100,100,143,143,143,184,205,225,239,239,335,335,354,269,309,325,344,344,375,393,420,436,436,436,436],"floor_reached":29,"language":"ENG","playtime":1774,"items_purged":[],"score":562,"play_id":"94a81af6-1df5-4c82-b591-9fea1f35a0d7","local_time":"20210219115811","is_ascension_mode":true,"campfire_choices":[{"data":"Pommel Strike","floor":7.0,"key":"SMITH"},{"data":"Clothesline","floor":10.0,"key":"SMITH"},{"data":"Bash","floor":15.0,"key":"SMITH"},{"floor":23.0,"key":"REST"}],"circlet_count":0,"master_deck":["AscendersBane","Strike_R","Strike_R","Strike_R","Strike_R","Defend_R","Defend_R","Defend_R","Defend_R","Bash+1","Anger","Pommel Strike+1","Clothesline+1","Shrug It Off","Offering","Metallicize","Headbutt","Barricade","Bludgeon","Metallicize","Ghostly Armor","Shrug It Off","Heavy Blade+1"],"relics":["SlaversCollar","Golden Idol","Ancient Tea Set","Letter Opener","Mercury Hourglass","Tiny Chest","Snecko Eye","Art of War","Red Mask","Molten Egg 2","Omamori","Toy Ornithopter"],"acts_visited":["Exordium","TheCity"],"potions_floor_usage":[24,25,29],"damage_taken":[{"damage":2.0,"enemies":"2 Louse","floor":1.0,"turns":3.0},{"damage":8.0,"enemies":"Gremlin Nob","floor":6.0,"turns":3.0},{"damage":15.0,"enemies":"3 Sentries","floor":8.0,"turns":7.0},{"damage":0.0,"enemies":"Gremlin Nob","floor":11.0,"turns":3.0},{"damage":0.0,"enemies":"Cultist","floor":12.0,"turns":2.0},{"damage":8.0,"enemies":"Small Slimes","floor":13.0,"turns":3.0},{"damage":3.0,"enemies":"Looter","floor":14.0,"turns":3.0},{"damage":8.0,"enemies":"Hexaghost","floor":16.0,"turns":7.0},{"damage":12.0,"enemies":"Spheric Guardian","floor":18.0,"turns":5.0},{"damage":12.0,"enemies":"Masked Bandits","floor":20.0,"turns":4.0},{"damage":6.0,"enemies":"2 Thieves","floor":21.0,"turns":2.0},{"damage":8.0,"enemies":"Cultist and Chosen","floor":22.0,"turns":7.0},{"damage":7,"enemies":"Book of Stabbing","floor":24,"turns":4},{"damage":12,"enemies":"Shelled Parasite and Fungi","floor":25,"turns":7},{"damage":12,"enemies":"3 Cultists","floor":27,"turns":5},{"damage":11,"enemies":"Snecko","floor":29,"turns":2}],"seed_played":"-844116327499299576","potions_obtained":[{"floor":2.0,"key":"SpeedPotion"},{"floor":2.0,"key":"Swift Potion"},{"floor":6.0,"key":"PowerPotion"},{"floor":8.0,"key":"Explosive Potion"},{"floor":16.0,"key":"Block Potion"},{"floor":21.0,"key":"GamblersBrew"},{"floor":22.0,"key":"FearPotion"},{"floor":24,"key":"PowerPotion"},{"floor":25,"key":"Dexterity Potion"}],"is_trial":false,"path_per_floor":["M","?","$","?","?","E","R","E","T","R","E","M","M","M","R","B",null,"M","?","?","M","M","R","E","M","T","M","T","M"],"character_chosen":"IRONCLAD","items_purchased":["Pommel Strike"],"campfire_rested":1,"item_purchase_floors":[3],"current_hp_per_floor":[66,66,66,66,59,51,51,36,36,36,36,36,28,25,25,17,55,43,43,31,25,17,37,30,18,18,6,6,0,0],"gold":436,"neow_bonus":"BOSS_RELIC","is_daily":false,"chose_seed":false,"campfire_upgraded":3,"win_rate":0.0,"timestamp":1613757491,"path_taken":["M","?","?","?","?","E","R","E","T","R","E","M","M","M","R","BOSS","M","?","?","M","M","R","E","M","T","M","?","M"],"items_purchased_type":["Card"],"build_version":"2020-12-22","purchased_purges":0,"victory":false,"max_hp_per_floor":[75,75,75,68,68,68,68,68,68,68,68,68,68,68,68,68,68,68,68,68,68,68,68,68,68,68,68,68,68,68],"relic_stats":{"counters":[16,67],"Golden Idol":87,"Snecko Eye":[75,82,53,78],"Tiny Chest":0,"Art of War":[3],"Letter Opener":[45],"obtain_stats":[{"Golden Idol":4,"Omamori":26,"Letter Opener":8,"Ancient Tea Set":6,"Burning Blood":0,"Mercury Hourglass":9,"SlaversCollar":0,"Snecko Eye":17,"Tiny Chest":11,"Molten Egg 2":24,"Art of War":19,"Red Mask":20,"Toy Ornithopter":28},{"Golden Idol":1,"Omamori":14,"Letter Opener":3,"Ancient Tea Set":2,"Burning Blood":0,"Mercury Hourglass":3,"SlaversCollar":0,"Snecko Eye":8,"Tiny Chest":4,"Molten Egg 2":13,"Art of War":9,"Red Mask":10,"Toy Ornithopter":15},{"Golden Idol":3,"Omamori":60,"Letter Opener":13,"Ancient Tea Set":6,"Burning Blood":0,"Mercury Hourglass":13,"SlaversCollar":0,"Snecko Eye":31,"Tiny Chest":16,"Molten Egg 2":53,"Art of War":36,"Red Mask":40,"Toy Ornithopter":65}],"Toy Ornithopter":5,"Mercury Hourglass":[160]},"card_choices":[{"not_picked":["Body Slam","Warcry"],"picked":"Anger","floor":1.0},{"not_picked":["Body Slam","Clash"],"picked":"Clothesline","floor":6.0},{"not_picked":["Whirlwind","Body Slam"],"picked":"Shrug It Off","floor":8.0},{"not_picked":["Clash","Rampage"],"picked":"Offering","floor":11.0},{"not_picked":["Body Slam","Sentinel","Entrench"],"picked":"SKIP","floor":12.0},{"not_picked":["Havoc","Heavy Blade"],"picked":"Metallicize","floor":13.0},{"not_picked":["Clothesline","Wild Strike"],"picked":"Headbutt","floor":14.0},{"not_picked":["Limit Break","Berserk"],"picked":"Barricade","floor":16.0},{"not_picked":["Wild Strike","Clash","Flex"],"picked":"SKIP","floor":18.0},{"not_picked":["Bloodletting+1","Cleave"],"picked":"Bludgeon","floor":20.0},{"not_picked":["Wild Strike","Feel No Pain"],"picked":"Metallicize","floor":21.0},{"not_picked":["Rage+1","Clash"],"picked":"Ghostly Armor","floor":22.0},{"not_picked":["Offering","Pummel+1","Rupture"],"picked":"SKIP","floor":24},{"not_picked":["True Grit+1","Reckless Charge+1"],"picked":"Shrug It Off","floor":25},{"not_picked":["Hemokinesis+1","Twin Strike+1"],"picked":"Heavy Blade+1","floor":27}],"player_experience":565697,"relics_obtained":[{"floor":6.0,"key":"Ancient Tea Set"},{"floor":8.0,"key":"Letter Opener"},{"floor":9.0,"key":"Mercury Hourglass"},{"floor":11.0,"key":"Tiny Chest"},{"floor":20.0,"key":"Red Mask"},{"floor":24,"key":"Molten Egg 2"},{"floor":26,"key":"Omamori"},{"floor":28,"key":"Toy Ornithopter"}],"event_choices":[{"damage_healed":0.0,"max_hp_gain":0.0,"max_hp_loss":0.0,"gold_gain":0.0,"event_name":"Lab","player_choice":"Got Potions","floor":2.0,"gold_loss":0.0,"damage_taken":0.0},{"damage_healed":0.0,"max_hp_gain":0.0,"max_hp_loss":7.0,"gold_gain":0.0,"event_name":"Golden Idol","player_choice":"Lose Max HP","floor":4.0,"gold_loss":0.0,"damage_taken":0.0,"relics_obtained":["Golden Idol"]},{"cards_removed":["Strike_R"],"damage_healed":0.0,"max_hp_gain":0.0,"max_hp_loss":0.0,"gold_gain":0.0,"event_name":"Golden Wing","player_choice":"Card Removal","floor":5.0,"gold_loss":0.0,"damage_taken":7.0},{"damage_healed":0.0,"max_hp_gain":0.0,"max_hp_loss":0.0,"gold_gain":0.0,"event_name":"Addict","player_choice":"Obtained Relic","floor":19.0,"gold_loss":85.0,"damage_taken":0.0,"relics_obtained":["Art of War"]},{"damage_healed":0.0,"max_hp_gain":0.0,"max_hp_loss":0.0,"gold_gain":0.0,"event_name":"Masked Bandits","player_choice":"Fought Bandits","floor":20.0,"gold_loss":0.0,"damage_taken":0.0}],"is_beta":false,"boss_relics":[{"not_picked":["Runic Pyramid","Tiny House"],"picked":"Snecko Eye"}],"items_purged_floors":[],"is_endless":false,"potions_floor_spawned":[6,8,12,16,21,22,24,25],"killed_by":"Snecko","ascension_level":19}}