{"host":"pvf7uj918he10jir","time":1613712557,"event":{"mods":["AchievementEnabler","BaseMod","Colored Map","Colored Powertips","Highlight Path","Minty Spire (QoL Compilation)","Relic Stats","Slay the Relics Exporter","everything is the same but u backflip on backflip"],"gold_per_floor":[110,60,80,80,31,66,66,91,141,170,243,272,272,11,11,117,144,155,173,173,193,221,258,258,258,258],"floor_reached":25,"language":"ENG","playtime":2553,"items_purged":["Strike_P"],"score":321,"play_id":"9e7e96c2-44f8-43c9-b735-4e23a13fb2ed","local_time":"20210219002917","is_ascension_mode":true,"campfire_choices":[{"data":"Vigilance","floor":7,"key":"SMITH"},{"floor":13,"key":"REST"},{"floor":15,"key":"REST"},{"data":"ConjureBlade","floor":24,"key":"SMITH"}],"circlet_count":0,"master_deck":["Defend_P","Defend_P","Eruption+1","Vigilance+1","ReachHeaven","EmptyBody","CutThroughFate","Indignation","FearNoEvil","Blasphemy","Scrawl+1","Sanctity+1","Vault+1","Protect","Blasphemy","FlurryOfBlows+1","ConjureBlade+1"],"relics":["Black Star","Potion Belt","Pear","The Courier","Shuriken","CeramicFish","Singing Bowl","StoneCalendar","Kunai","Astrolabe","Tiny Chest","Bag of Preparation"],"acts_visited":["Exordium","TheCity"],"potions_floor_usage":[12,22],"damage_taken":[{"damage":0,"enemies":"2 Louse","floor":1,"turns":2},{"damage":0,"enemies":"Small Slimes","floor":3,"turns":2},{"damage":24,"enemies":"Gremlin Nob","floor":6,"turns":4},{"damage":35,"enemies":"Lagavulin","floor":8,"turns":6},{"damage":2,"enemies":"Jaw Worm","floor":10,"turns":3},{"damage":19,"enemies":"Gremlin Nob","floor":12,"turns":4},{"damage":23,"enemies":"The Guardian","floor":16,"turns":7},{"damage":0,"enemies":"Chosen","floor":18,"turns":4},{"damage":5,"enemies":"3 Byrds","floor":21,"turns":6},{"damage":6,"enemies":"3 Cultists","floor":22,"turns":4},{"damage":40,"enemies":"Slavers","floor":23,"turns":7},{"damage":30,"enemies":"Gremlin Leader","floor":25,"turns":2}],"seed_played":"8528788353509661075","potions_obtained":[{"floor":1,"key":"Ancient Potion"},{"floor":6,"key":"PowerPotion"},{"floor":10,"key":"BlessingOfTheForge"},{"floor":16,"key":"Block Potion"},{"floor":18,"key":"LiquidMemories"},{"floor":23,"key":"SpeedPotion"}],"is_trial":false,"path_per_floor":["M","?","M","?","$","E","R","E","T","M","?","E","R","$","R","B",null,"M","?","?","M","M","E","R","E"],"character_chosen":"WATCHER","items_purchased":["EmptyBody","Kunai","Crescendo"],"campfire_rested":2,"item_purchase_floors":[5,14,14],"current_hp_per_floor":[72,72,72,72,72,58,58,23,23,21,21,4,29,29,54,31,71,73,73,73,70,64,24,24,0,0],"gold":258,"neow_bonus":"BOSS_RELIC","is_daily":false,"chose_seed":false,"campfire_upgraded":2,"win_rate":0.0,"timestamp":1613712557,"path_taken":["M","?","M","?","$","E","R","E","T","M","?","E","R","?","R","BOSS","M","?","?","M","M","E","R","E"],"items_purchased_type":["Card","Relic","Card"],"build_version":"2020-12-22","purchased_purges":1,"victory":false,"max_hp_per_floor":[72,72,72,72,72,82,82,82,82,82,82,84,84,84,84,84,84,86,86,86,88,88,88,88,88,88],"relic_stats":{"Singing Bowl":6,"counters":[12,51],"Shuriken":[11],"CeramicFish":90,"Astrolabe":["Scrawl","Sanctity","Vault"],"StoneCalendar":[42],"Tiny Chest":0,"Black Star":4,"Bag of Preparation":[2],"Kunai":[9],"obtain_stats":[{"Potion Belt":6,"Pear":6,"Singing Bowl":12,"CeramicFish":9,"Astrolabe":17,"StoneCalendar":12,"The Courier":8,"Bag of Preparation":23,"Shuriken":8,"Tiny Chest":23,"Black Star":0,"Kunai":14,"PureWater":0},{"Potion Belt":3,"Pear":3,"Singing Bowl":6,"CeramicFish":4,"Astrolabe":7,"StoneCalendar":6,"The Courier":4,"Bag of Preparation":11,"Shuriken":4,"Tiny Chest":11,"Black Star":0,"Kunai":6,"PureWater":0},{"Potion Belt":8,"Pear":8,"Singing Bowl":21,"CeramicFish":14,"Astrolabe":28,"StoneCalendar":21,"The Courier":14,"Bag of Preparation":49,"Shuriken":14,"Tiny Chest":49,"Black Star":0,"Kunai":21,"PureWater":0}]},"card_choices":[{"not_picked":["SandsOfTime","JustLucky","BowlingBash"],"picked":"SKIP","floor":1},{"not_picked":["Halt","JustLucky"],"picked":"ReachHeaven","floor":3},{"not_picked":["SashWhip","CrushJoints"],"picked":"CutThroughFate","floor":6},{"not_picked":["SashWhip","Crescendo"],"picked":"Indignation","floor":8},{"not_picked":["Meditate","BowlingBash"],"picked":"FearNoEvil","floor":10},{"not_picked":["FearNoEvil","SashWhip","MentalFortress"],"picked":"Singing Bowl","floor":12},{"not_picked":["Devotion","Alpha"],"picked":"Blasphemy","floor":16},{"not_picked":["BowlingBash","Wallop","ForeignInfluence"],"picked":"Singing Bowl","floor":18},{"not_picked":["Crescendo+1","ReachHeaven","CrushJoints+1"],"picked":"Singing Bowl","floor":21},{"not_picked":["Collect","CutThroughFate+1"],"picked":"FlurryOfBlows+1","floor":22},{"not_picked":["CutThroughFate","CrushJoints+1"],"picked":"ConjureBlade","floor":23}],"player_experience":179703,"relics_obtained":[{"floor":6,"key":"Potion Belt"},{"floor":6,"key":"Pear"},{"floor":8,"key":"The Courier"},{"floor":8,"key":"Shuriken"},{"floor":9,"key":"CeramicFish"},{"floor":12,"key":"Singing Bowl"},{"floor":12,"key":"StoneCalendar"},{"floor":23,"key":"Tiny Chest"},{"floor":23,"key":"Bag of Preparation"}],"event_choices":[{"cards_removed":["Strike_P"],"damage_healed":0,"gold_gain":0,"player_choice":"Card Removal","damage_taken":0,"max_hp_gain":0,"max_hp_loss":0,"event_name":"The Cleric","floor":2,"gold_loss":50},{"damage_healed":0,"gold_gain":0,"player_choice":"Grow","damage_taken":0,"max_hp_gain":0,"max_hp_loss":0,"event_name":"Living Wall","floor":4,"gold_loss":0,"cards_upgraded":["Eruption"]},{"damage_healed":0,"gold_gain":73,"player_choice":"Gained Gold","damage_taken":0,"max_hp_gain":0,"max_hp_loss":0,"event_name":"Golden Wing","floor":11,"gold_loss":0},{"damage_healed":0,"gold_gain":0,"cards_transformed":["Defend_P","Crescendo"],"player_choice":"Became Test Subject","damage_taken":0,"max_hp_gain":0,"max_hp_loss":0,"event_name":"Drug Dealer","floor":19,"gold_loss":0,"cards_obtained":["Protect","Blasphemy"]},{"damage_healed":0,"gold_gain":0,"player_choice":"Ignored","damage_taken":0,"max_hp_gain":0,"max_hp_loss":0,"event_name":"Vampires","floor":20,"gold_loss":0}],"is_beta":false,"boss_relics":[{"not_picked":["Runic Pyramid","Tiny House"],"picked":"Astrolabe"}],"items_purged_floors":[14],"is_endless":false,"potions_floor_spawned":[1,6,10,16,18,23],"killed_by":"Gremlin Leader","ascension_level":5}}