{"host":"ifvrsrzj00f2ebkn","time":1613744898,"event":{"mods":["BaseMod","Colored Map","Colored Powertips","Minty Spire (QoL Compilation)","Random Character Button","Replay The Spire","Shapeshifter Mod","Shop Mod","StSLib"],"gold_per_floor":[109,109,121,121,121,121,121,121,121,140,140,140,167,182,182,283,283,302,119,119,119,119,146,146,146,169,169,169,198,210,230,230,333,333,346,346,346,346,176,176,176,176,176,176,176,176,176,176,176,176],"floor_reached":51,"language":"ENG","playtime":2647,"items_purged":["Clothesline","ReplayReversal"],"score":735,"play_id":"5a619758-b90c-4887-81e0-441a1b32fdd0","local_time":"20210219222818","daily_mods":["SealedDeck","Red Cards","Heirloom","Time Dilation","Flight","DeadlyEvents","Elite Swarm"],"is_ascension_mode":true,"campfire_choices":[{"data":"Armaments","floor":6,"key":"SMITH"},{"data":"Iron Wave","floor":7,"key":"SMITH"},{"data":"Iron Wave","floor":8,"key":"SMITH"},{"data":"Iron Wave","floor":15,"key":"SMITH"},{"floor":24,"key":"REST"},{"data":"Whirlwind","floor":32,"key":"SMITH"},{"data":"Immolate","floor":40,"key":"SMITH"},{"data":"Shrug It Off","floor":41,"key":"SMITH"},{"data":"Inflame","floor":45,"key":"SMITH"},{"data":"Inflame","floor":47,"key":"SMITH"},{"floor":49,"key":"REST"}],"circlet_count":0,"master_deck":["Twin Strike","Twin Strike","Cleave","Inflame+1","Armaments+1","Iron Wave+1","Shrug It Off+1","Iron Wave+1","True Grit","Headbutt","Rampage","Combust","Whirlwind+1","Iron Wave+1","Inflame+1","Reaper","Combust","Double Tap","Body Slam","Limit Break","Sentinel+1","Immolate+1","Inflame","Iron Wave"],"relics":["Burning Blood","replay:Trail_Library","Prayer Wheel","Thread and Needle","BranchBurnRelic","MerchantsRug","Toy Ornithopter","Ancient Tea Set","Bottled Tornado","Sozu"],"acts_visited":["Exordium","TheCity","TheBeyond"],"potions_floor_usage":[16,16,23,31,33,50],"damage_taken":[{"damage":0,"enemies":"Jaw Worm","floor":1,"turns":2},{"damage":1,"enemies":"Cultist","floor":3,"turns":3},{"damage":0,"enemies":"2 Louse","floor":10,"turns":2},{"damage":19,"enemies":"Lagavulin","floor":13,"turns":5},{"damage":2,"enemies":"Large Slime","floor":14,"turns":4},{"damage":5,"enemies":"Slime Boss","floor":16,"turns":7},{"damage":15,"enemies":"Shell Parasite","floor":18,"turns":6},{"damage":34,"enemies":"Gremlin Leader","floor":23,"turns":7},{"damage":96,"enemies":"Slavers","floor":29,"turns":7},{"damage":10,"enemies":"Chosen","floor":30,"turns":5},{"damage":16,"enemies":"Snecko","floor":31,"turns":5},{"damage":93,"enemies":"Champ","floor":33,"turns":10},{"damage":24,"enemies":"3 Darklings","floor":35,"turns":3},{"damage":144,"enemies":"Time Eater","floor":50,"turns":11}],"seed_played":"3163055934611698518","potions_obtained":[{"floor":1,"key":"SpeedPotion"},{"floor":14,"key":"Block Potion"},{"floor":16,"key":"BlessingOfTheForge"},{"floor":23,"key":"Energy Potion"},{"floor":30,"key":"Languid Potion"},{"floor":33,"key":"Weak Potion"}],"is_trial":true,"path_per_floor":["M","WH","M","WH","WH","R","R","R","T","M","WH","?","E","M","R","B",null,"M","$","?","WH","WH","E","R","WH","T","WH","WH","E","M","M","R_BF","B",null,"M","WH","WH","WH","$","R","R","WH","T","?","R","WH","R","WH","R","B",null],"character_chosen":"IRONCLAD","items_purchased":["MerchantsRug","ReplayReversal","Inflame"],"campfire_rested":2,"item_purchase_floors":[19,19,39],"current_hp_per_floor":[78,86,88,96,105,105,105,105,105,105,115,115,102,106,106,115,115,106,106,106,117,129,101,138,151,151,166,182,118,120,115,115,72,155,153,171,191,213,213,213,213,237,237,237,237,263,263,292,321,206],"gold":176,"neow_bonus":"TEN_PERCENT_HP_BONUS","is_daily":false,"chose_seed":false,"campfire_upgraded":9,"win_rate":0.0,"timestamp":1613744898,"path_taken":["M","WH","M","WH","WH","R","R","R","T","M","WH","?","E","M","R","BOSS","M","?","?","WH","WH","E","R","WH","T","WH","WH","E","M","M","R_BF","BOSS","M","WH","WH","WH","$","R","R","WH","T","?","R","WH","R","WH","R","BOSS"],"items_purchased_type":["Relic","Card","Card"],"build_version":"2020-12-22","purchased_purges":2,"victory":true,"max_hp_per_floor":[80,88,88,96,105,105,105,105,105,105,115,115,115,115,115,115,115,115,115,115,126,138,138,138,151,151,166,182,182,182,182,182,182,182,182,200,220,242,242,242,242,266,266,266,266,292,292,321,321,321],"card_choices":[{"not_picked":["Cleave","Entrench"],"picked":"Rampage","floor":1},{"not_picked":["Run Through","Armaments","ReplayTheSpireMod:Strike From Hell"],"picked":"SKIP","floor":1},{"not_picked":["Thunderclap","Heavy Blade","Sever Soul"],"picked":"SKIP","floor":3},{"not_picked":["Burning Pact","True Grit","Headbutt"],"picked":"SKIP","floor":3},{"not_picked":["Searing Blow","Wild Strike"],"picked":"Combust","floor":10},{"not_picked":["Wild Strike","Clothesline","ReplayTheSpireMod:Limb From Limb"],"picked":"SKIP","floor":10},{"not_picked":["Brutality","Corruption","Offering"],"picked":"SKIP","floor":13},{"not_picked":["Wild Strike","Sentinel"],"picked":"Iron Wave","floor":14},{"not_picked":["Cleave","ReplayTheSpireMod:LeadingStrike"],"picked":"Inflame","floor":14},{"not_picked":["Demon Form","Offering"],"picked":"Reaper","floor":16},{"not_picked":["Havoc","Warcry+1","Heavy Blade"],"picked":"Clothesline","floor":18},{"not_picked":["Hemogenesis","Headbutt","Thunderclap"],"picked":"Combust","floor":18},{"not_picked":["Fiend Fire","Demonic Infusion"],"picked":"Double Tap","floor":23},{"not_picked":["Feed","Corruption"],"picked":"Limit Break","floor":29},{"not_picked":["Body Slam","Warcry"],"picked":"Sentinel+1","floor":30},{"not_picked":["Cleave","Inflame+1","Thunderclap"],"picked":"SKIP","floor":30},{"not_picked":["Thunderclap","Warcry","ReplayTheSpireMod:Corrosion Curse"],"picked":"SKIP","floor":31},{"not_picked":["Havoc","Shrug It Off","Replay:Undeath\u0027s Touch+1"],"picked":"SKIP","floor":31},{"not_picked":["Eclipse","Bludgeon"],"picked":"Immolate","floor":33},{"not_picked":["Shrug It Off","Headbutt+1","Sword Boomerang"],"picked":"SKIP","floor":35},{"not_picked":["Feel No Pain+1","ReplayTheSpireMod:LeadingStrike","Shrug It Off"],"picked":"SKIP","floor":35}],"player_experience":137089,"relics_obtained":[{"floor":9,"key":"Thread and Needle"},{"floor":13,"key":"Dead Branch"},{"floor":23,"key":"Toy Ornithopter"},{"floor":26,"key":"Ancient Tea Set"},{"floor":29,"key":"Bottled Tornado"}],"event_choices":[{"damage_healed":0,"gold_gain":0,"player_choice":"Bought 0 Potions","damage_taken":0,"max_hp_gain":0,"max_hp_loss":0,"event_name":"The Woman in Blue","floor":12,"gold_loss":0},{"damage_healed":0,"gold_gain":0,"player_choice":"Ignored","damage_taken":0,"max_hp_gain":0,"max_hp_loss":0,"event_name":"Ghosts","floor":20,"gold_loss":0},{"damage_healed":0,"gold_gain":0,"player_choice":"Memory 1","damage_taken":0,"max_hp_gain":0,"max_hp_loss":0,"event_name":"SensoryStone","floor":44,"gold_loss":0}],"is_beta":false,"boss_relics":[{"not_picked":["Fusion Hammer","Replay:Ancient Bell"],"picked":"Honey Jar"},{"not_picked":["Replay:Wanted Poster","Empty Cage"],"picked":"Sozu"}],"items_purged_floors":[19,39],"is_endless":false,"potions_floor_spawned":[1,14,16,23,30,33],"ascension_level":9}}