{"host":"lqrb1yojfbnm12si","time":1613773328,"event":{"mods":["A Penny For Your Troubles","AchievementEnabler","BaseMod","Bestiary","Better Third Choice","Block Reminder","Colored Map","Hermit","Keyboard Shortcuts","Minty Spire (QoL Compilation)","Shapeshifter Mod","StSLib"],"gold_per_floor":[116,37,37,57,57,89,89,104,104,143,166,178,206,238,250,359,371,399,424,456,38,51,51,11,29,29,29,57,57,57,57,57,57,57],"floor_reached":33,"language":"ENG","playtime":4769,"items_purged":[],"score":402,"play_id":"d2b11f70-dc95-4f2b-b293-10343e3147c3","local_time":"20210219232208","is_ascension_mode":false,"campfire_choices":[{"data":"hermit:ShadowCloak","floor":7,"key":"SMITH"},{"data":"hermit:ShadowCloak","floor":12,"key":"SMITH"},{"floor":15,"key":"REST"},{"floor":23,"key":"REST"},{"floor":32,"key":"REST"}],"circlet_count":0,"master_deck":["hermit:Strike_Hermit+1","hermit:Strike_Hermit+1","hermit:Strike_Hermit+1","hermit:Strike_Hermit+1","hermit:Defend_Hermit+1","hermit:Defend_Hermit+1","hermit:Defend_Hermit+1","hermit:Defend_Hermit+1","hermit:Snapshot","hermit:Covet","hermit:WideOpen","hermit:ShadowCloak+1","Pain","hermit:Headshot","hermit:ShadowCloak+1","hermit:Ricochet+1","hermit:HighCaliber+1","hermit:HighCaliber+1","hermit:Gestalt","hermit:Dissolve","hermit:Spite+1","hermit:Snipe","hermit:Manifest","hermit:Maintenance+1","hermit:Grudge+1","hermit:ShadowCloak"],"relics":["hermit:Momento","NeowsBlessing","WarpedTongs","Molten Egg 2","MawBank","Ancient Tea Set","Black Star","Lee\u0027s Waffle","Pear","Mango","Juzu Bracelet","Toxic Egg 2"],"acts_visited":["Exordium","TheCity"],"potions_floor_usage":[20,20,28,33,33],"damage_taken":[{"damage":0,"enemies":"2 Louse","floor":1,"turns":1},{"damage":0,"enemies":"Cultist","floor":4,"turns":1},{"damage":0,"enemies":"Gremlin Nob","floor":6,"turns":1},{"damage":1,"enemies":"Jaw Worm","floor":8,"turns":4},{"damage":32,"enemies":"3 Sentries","floor":10,"turns":7},{"damage":0,"enemies":"Lots of Slimes","floor":11,"turns":4},{"damage":0,"enemies":"3 Louse","floor":13,"turns":2},{"damage":5,"enemies":"Gremlin Gang","floor":14,"turns":6},{"damage":0,"enemies":"Slime Boss","floor":16,"turns":7},{"damage":2,"enemies":"Chosen","floor":18,"turns":5},{"damage":40,"enemies":"2 Thieves","floor":19,"turns":5},{"damage":31,"enemies":"Shelled Parasite and Fungi","floor":20,"turns":5},{"damage":30,"enemies":"Centurion and Healer","floor":22,"turns":11},{"damage":9,"enemies":"Snake Plant","floor":25,"turns":5},{"damage":78,"enemies":"Gremlin Leader","floor":28,"turns":8},{"damage":45,"enemies":"Champ","floor":33,"turns":10}],"seed_played":"5490439547330950129","potions_obtained":[{"floor":4,"key":"CultistPotion"},{"floor":11,"key":"EssenceOfSteel"},{"floor":13,"key":"PowerPotion"},{"floor":25,"key":"LiquidMemories"},{"floor":28,"key":"LiquidBronze"}],"is_trial":false,"path_per_floor":["M","$","?","M","?","E","R","M","T","E","M","R","M","M","R","B",null,"M","M","M","$","M","R","$","M","T","?","E","?","?","?","R","B"],"character_chosen":"HERMIT","items_purchased":["hermit:ShadowCloak","Lee\u0027s Waffle","hermit:Manifest","Pear","hermit:Grudge+1"],"campfire_rested":3,"item_purchase_floors":[2,21,21,21,24],"current_hp_per_floor":[75,75,75,75,75,75,75,74,74,42,42,42,42,37,59,59,75,73,33,2,92,62,89,89,80,94,94,16,6,6,6,37,0,0],"gold":57,"neow_bonus":"THREE_ENEMY_KILL","is_daily":false,"chose_seed":false,"campfire_upgraded":2,"win_rate":0.0,"timestamp":1613773328,"path_taken":["M","$","?","?","?","E","R","M","T","E","M","R","M","M","R","BOSS","M","M","M","$","M","R","?","M","T","?","E","?","?","?","R","BOSS"],"items_purchased_type":["Card","Relic","Card","Relic","Card"],"build_version":"2020-12-22","purchased_purges":0,"victory":false,"max_hp_per_floor":[75,75,75,75,75,75,75,75,75,75,75,75,75,75,75,75,75,75,75,75,92,92,92,92,92,106,106,106,106,106,106,106,106,106],"card_choices":[{"not_picked":["hermit:Desperado","hermit:GhostlyPresence"],"picked":"hermit:WideOpen","floor":1},{"not_picked":["hermit:Dive","hermit:Roulette"],"picked":"hermit:Headshot","floor":4},{"not_picked":["hermit:SprayPray+1","hermit:CalledShot+1"],"picked":"hermit:ShadowCloak","floor":6},{"not_picked":["hermit:HoleUp","hermit:Dive"],"picked":"hermit:Ricochet+1","floor":8},{"not_picked":["hermit:Combo","hermit:Roulette+1"],"picked":"hermit:HighCaliber+1","floor":10},{"not_picked":["hermit:FullyLoaded","hermit:Glare"],"picked":"hermit:HighCaliber+1","floor":11},{"not_picked":["hermit:Headshot+1","hermit:CalledShot+1"],"picked":"hermit:Gestalt","floor":13},{"not_picked":["hermit:HighCaliber+1","hermit:Roulette+1","hermit:Coalescence"],"picked":"SKIP","floor":14},{"not_picked":["hermit:HighNoon","hermit:FromBeyond"],"picked":"hermit:Dissolve","floor":16},{"not_picked":["hermit:Midnight+1","hermit:Misfire+1"],"picked":"hermit:Spite+1","floor":18},{"not_picked":["hermit:FullyLoaded","hermit:Shortfuse+1","hermit:CalledShot+1"],"picked":"SKIP","floor":19},{"not_picked":["hermit:Roulette+1","hermit:NoHoldsBarred+1"],"picked":"hermit:Snipe","floor":20},{"not_picked":["hermit:EyeOfTheStorm","hermit:ItchyTrigger+1"],"picked":"hermit:Maintenance+1","floor":22},{"not_picked":["hermit:BodyArmor","hermit:Coalescence"],"picked":"hermit:ShadowCloak","floor":25},{"not_picked":["hermit:Headshot+1","hermit:WideOpen+1","hermit:Virtue+1"],"picked":"SKIP","floor":28}],"player_experience":103008,"relics_obtained":[{"floor":6,"key":"Molten Egg 2"},{"floor":9,"key":"MawBank"},{"floor":10,"key":"Ancient Tea Set"},{"floor":26,"key":"Mango"},{"floor":28,"key":"Juzu Bracelet"},{"floor":28,"key":"Toxic Egg 2"}],"event_choices":[{"damage_healed":0,"gold_gain":0,"player_choice":"Rummage","damage_taken":0,"relics_obtained":["WarpedTongs"],"max_hp_gain":0,"max_hp_loss":0,"event_name":"Accursed Blacksmith","floor":3,"gold_loss":0,"cards_obtained":["Pain"]},{"damage_healed":0,"gold_gain":0,"player_choice":"Ignored","damage_taken":0,"max_hp_gain":0,"max_hp_loss":0,"event_name":"Fountain of Cleansing","floor":5,"gold_loss":0},{"damage_healed":0,"gold_gain":0,"player_choice":"Ignored","damage_taken":0,"max_hp_gain":0,"max_hp_loss":0,"event_name":"Vampires","floor":27,"gold_loss":0},{"damage_healed":0,"gold_gain":0,"player_choice":"Damaged","damage_taken":10,"max_hp_gain":0,"max_hp_loss":0,"event_name":"Wheel of Change","floor":29,"gold_loss":0},{"damage_healed":0,"gold_gain":0,"player_choice":"Ignored","damage_taken":0,"max_hp_gain":0,"max_hp_loss":0,"event_name":"Ghosts","floor":30,"gold_loss":0},{"damage_healed":0,"gold_gain":0,"player_choice":"Simplicity","damage_taken":0,"max_hp_gain":0,"max_hp_loss":8,"event_name":"betterThird:BetterWriting","floor":31,"gold_loss":0}],"is_beta":false,"boss_relics":[{"not_picked":["Empty Cage","Astrolabe"],"picked":"Black Star"}],"items_purged_floors":[],"is_endless":false,"potions_floor_spawned":[4,11,13,16,18,25,28],"killed_by":"Champ","ascension_level":0}}