{"host":"p4c5gtjnbnajaalx","time":1613731432,"event":{"mods":["BaseMod","Minty Spire (QoL Compilation)","Replay The Spire","StSLib"],"gold_per_floor":[116,116,116,128,128,163,175,207,242,254,300,323,335,347,359,472,484,496,508,539,571,600,612,641,653,653],"floor_reached":25,"language":"ZHT","playtime":1109,"items_purged":[],"score":245,"play_id":"58a3cf0c-bf2e-4ca2-8f53-fca72747a3e5","local_time":"20210219184352","is_ascension_mode":true,"campfire_choices":[{"floor":7.0,"key":"REST"},{"data":"Body Slam","floor":10.0,"key":"SMITH"},{"floor":15.0,"key":"REST"},{"floor":23.0,"key":"REST"}],"circlet_count":0,"master_deck":["Strike_R","Strike_R","Strike_R","Strike_R","Defend_R","Defend_R","Defend_R","Defend_R+1","Bash+1","Panacea","Body Slam+1","Twin Strike","Dropkick","Shrug It Off","True Grit+1","Metallicize","Barricade","Iron Wave","Body Slam+1","Clash+1"],"relics":["Burning Blood","Toy Ornithopter","MawBank","MealTicket","Philosopher\u0027s Stone","Enchiridion"],"acts_visited":["Exordium","TheCity"],"potions_floor_usage":[25],"damage_taken":[{"damage":12.0,"enemies":"Small Slimes","floor":1.0,"turns":5.0},{"damage":4.0,"enemies":"Jaw Worm","floor":4.0,"turns":3.0},{"damage":41.0,"enemies":"Lagavulin","floor":6.0,"turns":9.0},{"damage":0.0,"enemies":"2 Louse","floor":8.0,"turns":3.0},{"damage":32.0,"enemies":"3 Sentries","floor":11.0,"turns":9.0},{"damage":4.0,"enemies":"2 Fungi Beasts","floor":12.0,"turns":3.0},{"damage":34.0,"enemies":"The Guardian","floor":16.0,"turns":14.0},{"damage":0.0,"enemies":"3 Byrds","floor":18.0,"turns":1.0},{"damage":16.0,"enemies":"Spheric Guardian","floor":20.0,"turns":6.0},{"damage":35.0,"enemies":"Snake Plant","floor":21.0,"turns":6.0},{"damage":6.0,"enemies":"Cultist and Chosen","floor":22.0,"turns":8.0},{"damage":41.0,"enemies":"Shelled Parasite and Fungi","floor":24.0,"turns":9.0},{"damage":22,"enemies":"Centurion and Healer","floor":25,"turns":2}],"seed_played":"4154728418716417208","potions_obtained":[{"floor":4.0,"key":"LiquidBronze"},{"floor":6.0,"key":"BlessingOfTheForge"},{"floor":8.0,"key":"SmokeBomb"},{"floor":16.0,"key":"Strength Potion"},{"floor":24.0,"key":"Elixir"}],"is_trial":false,"path_per_floor":["M","?","T","M","?","E","R","M","T","R","E","M","?","?","R","B",null,"M","?","M","M","M","R","M","M"],"character_chosen":"IRONCLAD","items_purchased":[],"campfire_rested":3,"item_purchase_floors":[],"current_hp_per_floor":[74,58,58,60,60,25,49,55,55,55,39,41,41,41,65,37,80,80,64,54,25,25,49,14,0,0],"gold":653,"neow_bonus":"RANDOM_COLORLESS","is_daily":false,"chose_seed":false,"campfire_upgraded":1,"win_rate":0.0,"timestamp":1613731432,"path_taken":["M","?","?","M","?","E","R","M","T","R","E","M","?","?","R","BOSS","M","?","M","M","M","R","M","M"],"items_purchased_type":[],"build_version":"2020-12-22","purchased_purges":0,"victory":false,"max_hp_per_floor":[80,80,80,80,80,80,80,80,80,80,80,80,80,80,80,80,80,80,80,80,80,80,80,80,80,80],"card_choices":[{"not_picked":["Purity","Mind Blast"],"picked":"Panacea","floor":0.0},{"not_picked":["Intimidate","Pummel"],"picked":"Body Slam","floor":1.0},{"not_picked":["Warcry","Metallicize"],"picked":"Twin Strike","floor":4.0},{"not_picked":["Havoc","Clothesline"],"picked":"Dropkick","floor":6.0},{"not_picked":["Shockwave","Headbutt"],"picked":"Shrug It Off","floor":8.0},{"not_picked":["Flex","Exhume"],"picked":"True Grit","floor":11.0},{"not_picked":["Warcry","Clothesline"],"picked":"Metallicize","floor":12.0},{"not_picked":["Limit Break","Double Tap"],"picked":"Barricade","floor":16.0},{"not_picked":["Clothesline","Reckless Charge"],"picked":"Iron Wave","floor":20.0},{"not_picked":["Reckless Charge+1","Iron Wave","ReplayReversal+1"],"picked":"SKIP","floor":21.0},{"not_picked":["Sword Boomerang","Replay:Undeath\u0027s Touch+1"],"picked":"Body Slam+1","floor":22.0},{"not_picked":["Wild Strike","Flex"],"picked":"Clash+1","floor":24.0}],"player_experience":61386,"relics_obtained":[{"floor":3.0,"key":"Toy Ornithopter"},{"floor":6.0,"key":"MawBank"},{"floor":11.0,"key":"MealTicket"},{"floor":19.0,"key":"Enchiridion"}],"event_choices":[{"damage_healed":0.0,"max_hp_gain":0.0,"max_hp_loss":0.0,"gold_gain":0.0,"event_name":"Shining Light","player_choice":"Entered Light","floor":2.0,"gold_loss":0.0,"damage_taken":16.0,"cards_upgraded":["Bash","Defend_R"]},{"damage_healed":0.0,"max_hp_gain":0.0,"max_hp_loss":0.0,"gold_gain":0.0,"event_name":"Liars Game","player_choice":"Ignored","floor":5.0,"gold_loss":0.0,"damage_taken":0.0},{"damage_healed":0.0,"max_hp_gain":0.0,"max_hp_loss":0.0,"gold_gain":0.0,"event_name":"Living Wall","player_choice":"Grow","floor":13.0,"gold_loss":0.0,"damage_taken":0.0,"cards_upgraded":["True Grit"]},{"cards_removed":["Strike_R"],"damage_healed":0.0,"max_hp_gain":0.0,"max_hp_loss":0.0,"gold_gain":0.0,"event_name":"Bonfire Elementals","player_choice":"Offered Basic","floor":14.0,"gold_loss":0.0,"damage_taken":0.0},{"damage_healed":0.0,"max_hp_gain":0.0,"max_hp_loss":0.0,"gold_gain":0.0,"event_name":"Cursed Tome","player_choice":"Obtained Book","floor":19.0,"gold_loss":0.0,"damage_taken":16.0}],"is_beta":false,"boss_relics":[{"not_picked":["Pandora\u0027s Box","SlaversCollar"],"picked":"Philosopher\u0027s Stone"}],"items_purged_floors":[],"is_endless":false,"potions_floor_spawned":[4,6,8,16,18,24],"killed_by":"Centurion and Healer","ascension_level":3}}