{"host":"m3238g7v43djq2qc","time":1613750303,"event":{"mods":["BaseMod","Minty Spire (QoL Compilation)"],"gold_per_floor":[112,112,132,142,142,142,317,351,351,351,351,391,405,430,430,430,430],"floor_reached":16,"language":"ZHS","playtime":750,"items_purged":[],"score":108,"play_id":"1dd70273-8799-4f52-b883-c564f3012735","local_time":"20210219235823","is_ascension_mode":false,"campfire_choices":[{"floor":6.0,"key":"REST"},{"data":"Dagger Spray","floor":11.0,"key":"SMITH"},{"floor":15.0,"key":"REST"}],"circlet_count":0,"master_deck":["Strike_G","Strike_G","Strike_G","Strike_G","Strike_G","Defend_G+1","Defend_G","Defend_G","Defend_G","Defend_G+1","Survivor","Neutralize","Corpse Explosion","Masterful Stab","Dagger Spray+1","Tactician","Doubt","Catalyst","Well Laid Plans","Bane","Distraction"],"relics":["Ring of the Snake","Golden Idol","Ice Cream","CaptainsWheel","Bag of Preparation","Odd Mushroom"],"acts_visited":["Exordium"],"potions_floor_usage":[],"damage_taken":[{"damage":2.0,"enemies":"Small Slimes","floor":1.0,"turns":3.0},{"damage":0.0,"enemies":"Jaw Worm","floor":3.0,"turns":3.0},{"damage":0.0,"enemies":"2 Louse","floor":4.0,"turns":2.0},{"damage":12.0,"enemies":"Gremlin Nob","floor":8.0,"turns":4.0},{"damage":13.0,"enemies":"Lagavulin","floor":12.0,"turns":6.0},{"damage":0.0,"enemies":"Exordium Wildlife","floor":13.0,"turns":4.0},{"damage":5.0,"enemies":"The Mushroom Lair","floor":14.0,"turns":3.0},{"damage":52,"enemies":"Hexaghost","floor":16,"turns":12}],"seed_played":"4366421061545343122","potions_obtained":[{"floor":4.0,"key":"CunningPotion"},{"floor":8.0,"key":"Weak Potion"}],"is_trial":false,"path_per_floor":["M","?","M","M","?","R","?","E","T","?","R","E","M","?","R","B"],"character_chosen":"THE_SILENT","items_purchased":[],"campfire_rested":2,"item_purchase_floors":[],"current_hp_per_floor":[47,33,33,33,16,37,37,25,25,48,48,35,35,30,51,0,0],"gold":430,"neow_bonus":"THREE_RARE_CARDS","is_daily":false,"chose_seed":false,"campfire_upgraded":1,"win_rate":0.0,"timestamp":1613750303,"path_taken":["M","?","M","M","?","R","?","E","T","?","R","E","M","?","R","BOSS"],"items_purchased_type":[],"build_version":"2020-12-22","purchased_purges":0,"victory":false,"max_hp_per_floor":[70,70,70,70,70,70,70,70,70,70,70,70,70,70,70,70,70],"card_choices":[{"not_picked":["Envenom","A Thousand Cuts"],"picked":"Corpse Explosion","floor":0.0},{"not_picked":["Backflip","Cloak And Dagger"],"picked":"Masterful Stab","floor":1.0},{"not_picked":["Crippling Poison","Eviscerate"],"picked":"Dagger Spray","floor":3.0},{"not_picked":["Dodge and Roll","Cloak And Dagger"],"picked":"Tactician","floor":4.0},{"not_picked":["Expertise","Flying Knee"],"picked":"Catalyst","floor":8.0},{"not_picked":["Sucker Punch","Outmaneuver"],"picked":"Well Laid Plans","floor":12.0},{"not_picked":["Backflip","Deflect"],"picked":"Bane","floor":13.0},{"not_picked":["Predator","Cloak And Dagger"],"picked":"Distraction","floor":14.0}],"player_experience":76748,"relics_obtained":[{"floor":8.0,"key":"Ice Cream"},{"floor":9.0,"key":"CaptainsWheel"},{"floor":12.0,"key":"Bag of Preparation"},{"floor":14.0,"key":"Odd Mushroom"}],"event_choices":[{"damage_healed":0.0,"max_hp_gain":0.0,"max_hp_loss":0.0,"gold_gain":0.0,"event_name":"Shining Light","player_choice":"Entered Light","floor":2.0,"gold_loss":0.0,"damage_taken":14.0,"cards_upgraded":["Defend_G","Defend_G"]},{"damage_healed":0.0,"max_hp_gain":0.0,"max_hp_loss":0.0,"gold_gain":0.0,"event_name":"Golden Idol","player_choice":"Take Damage","floor":5.0,"gold_loss":0.0,"damage_taken":17.0,"relics_obtained":["Golden Idol"]},{"damage_healed":0.0,"max_hp_gain":0.0,"max_hp_loss":0.0,"gold_gain":175.0,"event_name":"Liars Game","player_choice":"AGREE","floor":7.0,"gold_loss":0.0,"damage_taken":0.0,"cards_obtained":["Doubt"]},{"damage_healed":23.0,"max_hp_gain":0.0,"max_hp_loss":0.0,"gold_gain":0.0,"event_name":"Big Fish","player_choice":"Banana","floor":10.0,"gold_loss":0.0,"damage_taken":0.0},{"damage_healed":0.0,"max_hp_gain":0.0,"max_hp_loss":0.0,"gold_gain":0.0,"event_name":"Mushrooms","player_choice":"Fought Mushrooms","floor":14.0,"gold_loss":0.0,"damage_taken":0.0}],"is_beta":false,"boss_relics":[],"items_purged_floors":[],"is_endless":false,"potions_floor_spawned":[4,8],"killed_by":"Hexaghost","ascension_level":0}}