{"host":"vhifjdba66khcqwn","time":1613762543,"event":{"mods":["AchievementEnabler","BaseMod","Bestiary","Minty Spire (QoL Compilation)","Practice Mode","Relic Stats","Spicy Shops","StSLib","slay the spire mod where everything is the same but ironclad has a cowboy hat"],"gold_per_floor":[110,385,405,30,41,72,72,98,98,124,124,89,89,103,103,103,103],"floor_reached":16,"language":"ENG","playtime":1244,"items_purged":["Regret"],"score":230,"play_id":"322c610e-1449-4633-bb85-d9bb6c029d7d","local_time":"20210219112223","is_ascension_mode":true,"campfire_choices":[{"data":"Discovery","floor":7,"key":"SMITH"},{"floor":11,"key":"REST"},{"data":"Bash","floor":13,"key":"SMITH"},{"data":"Flex","floor":15,"key":"SMITH"}],"circlet_count":0,"master_deck":["AscendersBane","Strike_R","Strike_R","Strike_R","Strike_R","Strike_R","Defend_R","Defend_R","Defend_R","Defend_R","Bash+1","Metallicize","Sword Boomerang","Discovery+1","Wild Strike","Power Through","True Grit","Sentinel","Flex+1"],"relics":["Burning Blood","Sling","Akabeko","Gambling Chip","Ornamental Fan","Meat on the Bone"],"acts_visited":["Exordium"],"potions_floor_usage":[6,6,6,16,16],"damage_taken":[{"damage":7,"enemies":"2 Louse","floor":1,"turns":4},{"damage":8,"enemies":"Cultist","floor":3,"turns":3},{"damage":16,"enemies":"Jaw Worm","floor":5,"turns":4},{"damage":33,"enemies":"Lagavulin","floor":6,"turns":5},{"damage":5,"enemies":"Gremlin Nob","floor":8,"turns":3},{"damage":15,"enemies":"3 Sentries","floor":10,"turns":5},{"damage":6,"enemies":"Looter","floor":14,"turns":2},{"damage":79,"enemies":"The Guardian","floor":16,"turns":16}],"seed_played":"-5480400062001196286","potions_obtained":[{"floor":0,"key":"EssenceOfSteel"},{"floor":0,"key":"EntropicBrew"},{"floor":8,"key":"Weak Potion"}],"is_trial":false,"path_per_floor":["M","?","M","$","M","E","R","E","T","E","R","?","R","M","R","B"],"character_chosen":"IRONCLAD","items_purchased":["Sling","Discovery"],"campfire_rested":1,"item_purchase_floors":[4,4],"current_hp_per_floor":[67,67,65,65,55,43,43,44,44,35,57,75,75,75,75,0,0],"gold":103,"neow_bonus":"THREE_SMALL_POTIONS","is_daily":false,"chose_seed":false,"campfire_upgraded":3,"win_rate":0.0,"timestamp":1613762543,"path_taken":["M","?","?","$","M","E","R","E","T","E","R","?","R","M","R","BOSS"],"items_purchased_type":["Relic","Card"],"build_version":"2020-12-22","purchased_purges":1,"victory":false,"max_hp_per_floor":[75,75,75,75,75,75,75,75,75,75,75,75,75,75,75,75,75],"relic_stats":{"counters":[8,42],"Ornamental Fan":[16],"Gambling Chip":[10],"obtain_stats":[{"Ornamental Fan":9,"Gambling Chip":8,"Sling":4,"Burning Blood":0,"Akabeko":6,"Meat on the Bone":10},{"Ornamental Fan":5,"Gambling Chip":5,"Sling":2,"Burning Blood":0,"Akabeko":4,"Meat on the Bone":6},{"Ornamental Fan":19,"Gambling Chip":19,"Sling":7,"Burning Blood":0,"Akabeko":16,"Meat on the Bone":24}],"Burning Blood":42,"Meat on the Bone":0},"card_choices":[{"not_picked":["Iron Wave","Havoc"],"picked":"Metallicize","floor":1},{"not_picked":["Shrug It Off","Pommel Strike"],"picked":"Sword Boomerang","floor":3},{"not_picked":["Carnage","Perfected Strike"],"picked":"Wild Strike","floor":5},{"not_picked":["Wild Strike","Intimidate"],"picked":"Power Through","floor":6},{"not_picked":["Havoc","Wild Strike"],"picked":"True Grit","floor":8},{"not_picked":["Wild Strike","Iron Wave"],"picked":"Sentinel","floor":10},{"not_picked":["Thunderclap","Double Tap"],"picked":"Flex","floor":14}],"player_experience":1221187,"relics_obtained":[{"floor":6,"key":"Akabeko"},{"floor":8,"key":"Gambling Chip"},{"floor":9,"key":"Ornamental Fan"},{"floor":10,"key":"Meat on the Bone"}],"event_choices":[{"damage_healed":0,"gold_gain":275,"player_choice":"Desecrate","damage_taken":0,"max_hp_gain":0,"max_hp_loss":0,"event_name":"Golden Shrine","floor":2,"gold_loss":0,"cards_obtained":["Regret"]},{"damage_healed":18,"gold_gain":0,"player_choice":"Healed","damage_taken":0,"max_hp_gain":0,"max_hp_loss":0,"event_name":"The Cleric","floor":12,"gold_loss":35}],"is_beta":false,"boss_relics":[],"items_purged_floors":[4],"is_endless":false,"potions_floor_spawned":[5,8,10],"killed_by":"The Guardian","ascension_level":19}}