{"host":"ox77rn1xcurm2t5a","time":1613729440,"event":{"mods":["2.2 Compatiblity","AchievementEnabler","Act Like it!","Aspiration","BaseMod","Best Route Mod","Better Match","Better Note","Better Sensory Stone","Block Reminder","Colored Map","Colored Powertips","Conjunction","Conspire","Custom Start","Energized Spire","GifTheSpireLib","Gold Saver","Gremlin Skip","Halation","Highlight Path","Hubris","Infinite Spire","Minty Spire (QoL Compilation)","Pale of the Ancients","Quick Restart","Reliquary","Replay The Spire","Reworked Bosses","ShortenTheSpire","Spire Exporter","StSLib","Stuff the Spire","Wandering Minibosses"],"gold_per_floor":[744,760,438,454,454,483,503,503,503,538,555,586,597,597,597,694,694,664,664],"floor_reached":18,"language":"ENG","playtime":536,"items_purged":["Defend_R"],"score":325,"play_id":"ac9f9216-9a49-4c3f-91b1-f8a82d86dbe0","local_time":"20210219121040","is_ascension_mode":true,"campfire_choices":[{"floor":8,"key":"RECALL"},{"data":"Bash","floor":15,"key":"SMITH"}],"circlet_count":0,"master_deck":["Strike_R","Strike_R","Strike_R","Strike_R","Strike_R","Defend_R","Defend_R","Defend_R","Bash+1","Anger","Cleave","Perfected Strike","Twin Strike","Battle Trance","Thunderclap","Clash"],"relics":["Burning Blood","StuffTheSpire:HeavyRock","Gremlin Food","aspiration:SeaSaltIceCream","NeowsBlessing","infinitespire:Lucky Rock","conspire:Flyswatter","hubris:MobiusCoin","reliquary:RustamsPendant"],"acts_visited":["Exordium","TheCity"],"potions_floor_usage":[4,11,11,12,18],"damage_taken":[{"damage":0,"enemies":"Jaw Worm","floor":1,"turns":5},{"damage":0,"enemies":"2 Louse","floor":2,"turns":2},{"damage":0,"enemies":"Cultist","floor":4,"turns":2},{"damage":0,"enemies":"Gremlin Nob","floor":6,"turns":1},{"damage":0,"enemies":"Blue Slaver","floor":7,"turns":1},{"damage":0,"enemies":"3 Sentries","floor":10,"turns":1},{"damage":0,"enemies":"Lots of Slimes","floor":11,"turns":3},{"damage":2,"enemies":"Gremlin Nob","floor":12,"turns":3},{"damage":10,"enemies":"Large Slime","floor":13,"turns":3},{"damage":65,"enemies":"Fading Forest","floor":16,"turns":11},{"damage":14,"enemies":"2 Thieves","floor":18,"turns":2}],"seed_played":"915075140790722218","potions_obtained":[{"floor":1,"key":"FearPotion"},{"floor":7,"key":"Elixir"},{"floor":10,"key":"SkillPotion"},{"floor":11,"key":"Toxic Potion"},{"floor":16,"key":"Languid Potion"}],"is_trial":false,"path_per_floor":["M","M","$","M","?","E","M","R","T","E","M","E","M","?","R","B",null,"M"],"character_chosen":"IRONCLAD","items_purchased":["Perfected Strike","Gremlin Food","BlessingOfTheForge"],"campfire_rested":0,"item_purchase_floors":[3,3,3],"current_hp_per_floor":[78,80,80,80,73,79,80,80,80,80,80,80,76,76,76,37,69,55,55],"gold":664,"neow_bonus":"RANDOM_COMMON_RELIC","is_daily":false,"chose_seed":false,"campfire_upgraded":1,"win_rate":0.0,"timestamp":1613729440,"path_taken":["M","M","$","M","?","E","M","R","T","E","M","E","M","?","R","BOSS","M"],"items_purchased_type":["Card","Relic","Potion"],"build_version":"2020-12-22","purchased_purges":1,"victory":false,"max_hp_per_floor":[80,80,80,80,80,80,80,80,80,80,80,80,80,80,80,80,80,80,80],"card_choices":[{"not_picked":["StuffTheSpire:Incineration","Flame Barrier"],"picked":"Anger","floor":1},{"not_picked":["Run Through","Shrug It Off"],"picked":"Cleave","floor":2},{"not_picked":["Impervious","hubris:ReadiedAction","Wild Strike"],"picked":"SKIP","floor":4},{"not_picked":["ReplayTheSpireMod:LeadingStrike","Abandon"],"picked":"Twin Strike","floor":6},{"not_picked":["Entrench","Twin Strike"],"picked":"Battle Trance","floor":7},{"not_picked":["Blood for Blood","Armaments"],"picked":"Thunderclap","floor":10},{"not_picked":["Warcry","Armaments","Body Slam"],"picked":"SKIP","floor":11},{"not_picked":["Life Link","hubris:ReadiedAction"],"picked":"Clash","floor":12},{"not_picked":["ReplayTheSpireMod:Corrosion Curse","Searing Blow","True Grit"],"picked":"SKIP","floor":13}],"player_experience":3157933,"relics_obtained":[{"floor":6,"key":"infinitespire:Lucky Rock"},{"floor":10,"key":"conspire:Flyswatter"},{"floor":12,"key":"hubris:MobiusCoin"}],"event_choices":[{"damage_healed":0,"gold_gain":0,"player_choice":"Success","damage_taken":7,"relics_obtained":["aspiration:SeaSaltIceCream"],"max_hp_gain":0,"max_hp_loss":0,"event_name":"Scrap Ooze","floor":5,"gold_loss":0}],"is_beta":false,"boss_relics":[{"not_picked":["hubris:RunicObelisk","halation:LoveArrow"],"picked":"reliquary:RustamsPendant"}],"items_purged_floors":[3],"is_endless":false,"potions_floor_spawned":[1,7,10,11,16],"killed_by":"2 Thieves","ascension_level":8}}