{"host":"2d69zsihwnsihkt1","time":1613776721,"event":{"mods":["AchievementEnabler","Act Like it!","BaseMod","Better Altar","Better Note","Better Skull","Bossed Relics","Colored Map","Colored Powertips","Curses Come First","Displayed Cursed Tome","Googly Eyes","Hermit","Minty Spire (QoL Compilation)","Rare Cards Sparkle","Relic Stats","Replay The Spire","Robot Space Explorer","Shapeshifter Mod","Shop Mod","StSLib","The Forsaken","The Hayseed","The Runesmith"],"gold_per_floor":[112,126,49,69,69,69,87,104,131,54,79,79,108,120,132,144,144],"floor_reached":16,"language":"ENG","playtime":1378,"items_purged":[],"score":110,"play_id":"80d1e4c5-f529-49b8-b468-5a1e4f757498","local_time":"20210219171841","is_ascension_mode":false,"campfire_choices":[{"floor":6,"key":"REST"},{"floor":15,"key":"REST"}],"circlet_count":0,"master_deck":["theForsaken:TheForsaken_Strike","theForsaken:TheForsaken_Strike","theForsaken:TheForsaken_Strike","theForsaken:TheForsaken_Defend","theForsaken:TheForsaken_Defend","theForsaken:TheForsaken_Defend","theForsaken:Smite","theForsaken:Penitence","theForsaken:DesperatePlea","theForsaken:DefensiveStance","theForsaken:Confusion"],"relics":["theForsaken:JudgementScales","Replay:Wax Seal","Lantern","Bag of Preparation","Akabeko","MawBank"],"acts_visited":["Exordium"],"potions_floor_usage":[11,11,16,16,16],"damage_taken":[{"damage":3,"enemies":"Jaw Worm","floor":1,"turns":5},{"damage":2,"enemies":"2 Louse","floor":2,"turns":3},{"damage":0,"enemies":"Cultist","floor":4,"turns":4},{"damage":2,"enemies":"Looter","floor":7,"turns":4},{"damage":18,"enemies":"Exordium Thugs","floor":8,"turns":8},{"damage":39,"enemies":"Lagavulin","floor":11,"turns":10},{"damage":14,"enemies":"Gremlin Nob","floor":13,"turns":5},{"damage":85,"enemies":"Hexaghost","floor":16,"turns":14}],"seed_played":"3704228668908036998","potions_obtained":[{"floor":4,"key":"ColorlessPotion"},{"floor":8,"key":"FearPotion"},{"floor":11,"key":"Swift Potion"},{"floor":13,"key":"Swift Potion"}],"is_trial":false,"path_per_floor":["M","M","$","M","?","R","M","M","T","$","E","?","E","?","R","B"],"character_chosen":"THE_FORSAKEN","items_purchased":["Replay:Wax Seal","Regen Potion"],"campfire_rested":2,"item_purchase_floors":[3,10],"current_hp_per_floor":[51,52,52,55,37,56,56,44,44,44,54,54,46,46,65,0,0],"gold":144,"neow_bonus":"THREE_RARE_CARDS","is_daily":false,"chose_seed":false,"campfire_upgraded":0,"win_rate":0.0,"timestamp":1613776721,"path_taken":["M","M","$","M","?","R","M","M","T","$","E","?","E","?","R","BOSS"],"items_purchased_type":["Relic","Potion"],"build_version":"2020-12-22","purchased_purges":0,"victory":false,"max_hp_per_floor":[65,65,65,65,65,65,65,65,65,65,65,65,65,65,65,65,65],"relic_stats":{"counters":[8,53],"Bag of Preparation":[6],"MawBank":36,"obtain_stats":[{"Lantern":5,"Bag of Preparation":9,"Replay:Wax Seal":3,"theForsaken:JudgementScales":0,"MawBank":13,"Akabeko":11},{"Lantern":3,"Bag of Preparation":5,"Replay:Wax Seal":2,"theForsaken:JudgementScales":0,"MawBank":7,"Akabeko":6},{"Lantern":12,"Bag of Preparation":24,"Replay:Wax Seal":8,"theForsaken:JudgementScales":0,"MawBank":39,"Akabeko":34}]},"card_choices":[{"not_picked":["theForsaken:Prudence","theForsaken:SacrificeSoul"],"picked":"theForsaken:DesperatePlea","floor":0},{"not_picked":["theForsaken:ShieldCharge","theForsaken:Bolster"],"picked":"theForsaken:DefensiveStance","floor":1},{"not_picked":["theForsaken:Thunderbolt","theForsaken:CleansingLight","theForsaken:ShieldCharge"],"picked":"SKIP","floor":2},{"not_picked":["theForsaken:Thunderbolt","theForsaken:FuryStrikes","theForsaken:DarkBargain"],"picked":"SKIP","floor":4},{"not_picked":["theForsaken:Parry","theForsaken:HymnOfPatience","theForsaken:Eulogy"],"picked":"SKIP","floor":7},{"not_picked":["theForsaken:Parry","theForsaken:HymnOfPatience","theForsaken:Terrorize"],"picked":"SKIP","floor":8},{"not_picked":["theForsaken:MagicWeapon","theForsaken:RainingSunlight"],"picked":"theForsaken:Confusion","floor":11},{"not_picked":["theForsaken:ShieldCharge","theForsaken:ChargeAttack","theForsaken:FuryStrikes"],"picked":"SKIP","floor":13}],"player_experience":1687227,"relics_obtained":[{"floor":9,"key":"Bag of Preparation"},{"floor":11,"key":"Akabeko"},{"floor":13,"key":"MawBank"}],"event_choices":[{"damage_healed":0,"gold_gain":0,"player_choice":"Success","damage_taken":18,"relics_obtained":["Lantern"],"max_hp_gain":0,"max_hp_loss":0,"event_name":"Scrap Ooze","floor":5,"gold_loss":0},{"cards_removed":["theForsaken:TheForsaken_Defend"],"damage_healed":0,"gold_gain":0,"player_choice":"Card Removal","damage_taken":0,"max_hp_gain":0,"max_hp_loss":0,"event_name":"Wheel of Change","floor":14,"gold_loss":0}],"is_beta":false,"boss_relics":[],"items_purged_floors":[],"is_endless":false,"potions_floor_spawned":[4,8,11,13],"killed_by":"Hexaghost","ascension_level":0}}