{"host":"w4b7hmige5bnqipq","time":1613730967,"event":{"mods":["2.2 Compatiblity","BaseMod","Colored Map","DeckTracker","Keyboard Shortcuts","Minty Spire (QoL Compilation)","Permanent Neow","Rare Cards Sparkle","SuperFastMode","everything is the same but u backflip on backflip","slay the spire mod where everything is the same but ironclad has a cowboy hat"],"gold_per_floor":[365,385,403,156,81,114,114,142,142,142,167,10,0,14,14,14,14],"floor_reached":16,"language":"KOR","playtime":404,"items_purged":["Strike_B"],"score":224,"play_id":"d0b916a3-f091-4d28-986f-961495b47395","local_time":"20210219183607","is_ascension_mode":true,"campfire_choices":[{"data":"Zap","floor":7,"key":"SMITH"},{"floor":10,"key":"REST"},{"data":"Lockon","floor":15,"key":"SMITH"}],"circlet_count":0,"master_deck":["AscendersBane","Strike_B","Strike_B","Defend_B+1","Defend_B","Defend_B","Defend_B","Zap+1","Dualcast+1","Rip and Tear","Chill","Lockon+1","Streamline","Reinforced Body+1","Fusion+1","Turbo+1"],"relics":["Cracked Core","ClockworkSouvenir","Juzu Bracelet","Toxic Egg 2","Toy Ornithopter","War Paint","OrangePellets"],"acts_visited":["Exordium"],"potions_floor_usage":[6,8,16],"damage_taken":[{"damage":3.0,"enemies":"2 Louse","floor":1.0,"turns":3.0},{"damage":5,"enemies":"Small Slimes","floor":2,"turns":3},{"damage":5,"enemies":"Jaw Worm","floor":3,"turns":3},{"damage":11,"enemies":"3 Sentries","floor":6,"turns":9},{"damage":11,"enemies":"Gremlin Nob","floor":8,"turns":3},{"damage":13,"enemies":"3 Sentries","floor":11,"turns":8},{"damage":4,"enemies":"Looter","floor":14,"turns":2},{"damage":21,"enemies":"The Guardian","floor":16,"turns":9}],"seed_played":"433374632979758027","potions_obtained":[{"floor":2,"key":"Strength Potion"},{"floor":3,"key":"ColorlessPotion"},{"floor":11,"key":"AttackPotion"}],"is_trial":false,"path_per_floor":["M","M","M","$","?","E","R","E","T","R","E","$","?","M","R","B"],"character_chosen":"DEFECT","items_purchased":["ClockworkSouvenir","OrangePellets"],"campfire_rested":1,"item_purchase_floors":[4,12],"current_hp_per_floor":[43,38,33,33,33,22,22,11,11,32,19,19,19,15,15,0,0],"gold":14,"neow_bonus":"TWO_FIFTY_GOLD","is_daily":false,"chose_seed":false,"campfire_upgraded":2,"win_rate":0.0,"timestamp":1613730967,"path_taken":["M","M","M","$","?","E","R","E","T","R","E","$","?","M","R","BOSS"],"items_purchased_type":["Relic","Relic"],"build_version":"2020-12-22","purchased_purges":1,"victory":false,"max_hp_per_floor":[71,71,71,71,71,71,71,71,71,71,71,71,71,71,71,71,71],"card_choices":[{"not_picked":["Hologram","Aggregate"],"picked":"Rip and Tear","floor":1},{"not_picked":["Turbo","White Noise"],"picked":"Chill","floor":2},{"not_picked":["Beam Cell","Cold Snap"],"picked":"Lockon","floor":3},{"not_picked":["Force Field","Lockon"],"picked":"Streamline","floor":6},{"not_picked":["Ball Lightning","Compile Driver"],"picked":"Reinforced Body+1","floor":8},{"not_picked":["Compile Driver","Gash"],"picked":"Fusion+1","floor":11},{"not_picked":["Streamline","Gash"],"picked":"Turbo+1","floor":14}],"player_experience":782225,"relics_obtained":[{"floor":6,"key":"Juzu Bracelet"},{"floor":8,"key":"Toxic Egg 2"},{"floor":9,"key":"Toy Ornithopter"},{"floor":11,"key":"War Paint"}],"event_choices":[{"cards_removed":["Strike_B"],"damage_healed":0,"gold_gain":0,"player_choice":"Card Removal","damage_taken":0,"max_hp_gain":0,"max_hp_loss":0,"event_name":"The Cleric","floor":5,"gold_loss":75},{"damage_healed":0,"gold_gain":0,"player_choice":"Left Gold","damage_taken":0,"max_hp_gain":0,"max_hp_loss":0,"event_name":"World of Goop","floor":13,"gold_loss":10}],"is_beta":false,"boss_relics":[],"items_purged_floors":[4],"is_endless":false,"potions_floor_spawned":[2,3,11],"killed_by":"The Guardian","ascension_level":18}}