{"host":"oeddu058k4r8wzo0","time":1613729236,"event":{"mods":["BaseMod","Better Third Choice","Colored Map","Colored Powertips","Highlight Path","Minty Spire (QoL Compilation)","Quick Restart","StSLib"],"gold_per_floor":[118,43,59,59,59,59,94,94,120,166,166,182,194,210,210,285,285,297,267,267,25,25,25,54,54,79,109,109,122,138,54,54,132,132,150,165,165,235,235,235,260,260,260,9,9,0,0,0,0,0,0],"floor_reached":50,"language":"ENG","playtime":2916,"items_purged":["Strike_G"],"score":964,"play_id":"26e3c105-7559-493d-9b02-8c52c5c87254","local_time":"20210219020716","is_ascension_mode":true,"campfire_choices":[{"data":"Transmutation","floor":6.0,"key":"SMITH"},{"floor":8.0,"key":"REST"},{"floor":11.0,"key":"REST"},{"floor":15.0,"key":"REST"},{"data":"ConjureBlade","floor":23.0,"key":"SMITH"},{"data":"Adrenaline","floor":25,"key":"SMITH"},{"data":"Terror","floor":28,"key":"SMITH"},{"data":"After Image","floor":32,"key":"SMITH"},{"data":"Secret Technique","floor":40,"key":"SMITH"},{"data":"Terror","floor":45,"key":"SMITH"},{"data":"A Thousand Cuts","floor":47,"key":"SMITH"},{"data":"Master of Strategy","floor":49,"key":"SMITH"}],"circlet_count":0,"master_deck":["AscendersBane","Defend_G","Defend_G","Defend_G","Survivor","Neutralize","Transmutation+1","Flying Knee","ConjureBlade+1","Backstab","Terror+1","Adrenaline+1","Outmaneuver+1","Predator","Terror+1","All Out Attack","Backstab","After Image+1","Leg Sweep","A Thousand Cuts+1","Burst+1","Prepared+1","A Thousand Cuts+1","Master of Strategy+1","Secret Technique+1","Flash of Steel"],"relics":["Ring of the Snake","MealTicket","Bag of Preparation","Strawberry","HornCleat","Coffee Dripper","ClockworkSouvenir","Ice Cream","Tiny Chest","Shuriken","Astrolabe","WingedGreaves","CeramicFish","Question Card","Anchor","Vajra","Red Mask"],"acts_visited":["Exordium","TheCity","TheBeyond"],"potions_floor_usage":[27,33,33,50],"damage_taken":[{"damage":0.0,"enemies":"2 Louse","floor":1.0,"turns":3.0},{"damage":9.0,"enemies":"Jaw Worm","floor":3.0,"turns":7.0},{"damage":39.0,"enemies":"Gremlin Nob","floor":7.0,"turns":4.0},{"damage":27.0,"enemies":"Lagavulin","floor":10.0,"turns":8.0},{"damage":0.0,"enemies":"Small Slimes","floor":12.0,"turns":2.0},{"damage":0.0,"enemies":"Exordium Wildlife","floor":13.0,"turns":6.0},{"damage":1.0,"enemies":"Blue Slaver","floor":14.0,"turns":5.0},{"damage":13.0,"enemies":"Slime Boss","floor":16.0,"turns":8.0},{"damage":0.0,"enemies":"Chosen","floor":18.0,"turns":3.0},{"damage":4.0,"enemies":"2 Thieves","floor":19.0,"turns":4.0},{"damage":9,"enemies":"Book of Stabbing","floor":24,"turns":5},{"damage":26,"enemies":"Gremlin Leader","floor":27,"turns":5},{"damage":6,"enemies":"Shelled Parasite and Fungi","floor":29,"turns":6},{"damage":0,"enemies":"3 Cultists","floor":30,"turns":3},{"damage":11,"enemies":"Champ","floor":33,"turns":10},{"damage":2,"enemies":"3 Darklings","floor":35,"turns":6},{"damage":0,"enemies":"Orb Walker","floor":36,"turns":3},{"damage":54,"enemies":"2 Orb Walkers","floor":38,"turns":7},{"damage":44,"enemies":"Time Eater","floor":50,"turns":7}],"seed_played":"5845883641081736457","potions_obtained":[{"floor":3.0,"key":"Poison Potion"},{"floor":7.0,"key":"CunningPotion"},{"floor":12.0,"key":"CunningPotion"},{"floor":14.0,"key":"DuplicationPotion"},{"floor":24,"key":"AttackPotion"},{"floor":27,"key":"DuplicationPotion"},{"floor":29,"key":"DistilledChaos"}],"is_trial":false,"path_per_floor":["M","?","M","?","$","R","E","R","T","E","R","M","M","M","R","B",null,"M","M","?","$","?","R","E","R","T","E","R","M","M","$","R","B",null,"M","M","$","?","?","R","T","T","T","$","R","?","R","$","R","B"],"character_chosen":"THE_SILENT","items_purchased":["ClockworkSouvenir","Leg Sweep","Vajra","LiquidMemories"],"campfire_rested":3,"item_purchase_floors":[21,31,44,44],"current_hp_per_floor":[59,59,50,29,44,44,5,23,30,3,23,23,23,22,42,29,58,58,54,36,51,51,51,42,42,42,16,16,10,10,25,25,14,58,56,56,71,17,7,7,7,7,7,22,22,22,22,37,37,0,0],"gold":0,"neow_bonus":"RANDOM_COLORLESS_2","is_daily":false,"chose_seed":false,"campfire_upgraded":9,"win_rate":0.0,"timestamp":1613729236,"path_taken":["M","?","M","?","$","R","E","R","T","E","R","M","M","?","R","BOSS","M","M","?","$","?","R","E","R","T","E","R","M","M","$","R","BOSS","M","M","$","?","?","R","?","?","T","$","R","?","R","?","R","BOSS"],"items_purchased_type":["Relic","Card","Relic","Potion"],"build_version":"2020-12-22","purchased_purges":1,"victory":false,"max_hp_per_floor":[60,60,60,60,60,60,60,60,67,67,67,67,67,67,67,67,67,67,67,72,72,72,72,72,72,72,72,72,72,72,72,72,72,72,72,72,72,72,72,72,72,72,72,72,72,72,72,72,72,72,72],"card_choices":[{"not_picked":["Secret Weapon","Thinking Ahead"],"picked":"Transmutation","floor":0.0},{"not_picked":["Poisoned Stab","Blade Dance"],"picked":"Flying Knee","floor":1.0},{"not_picked":["Choke","Poisoned Stab","Concentrate"],"picked":"SKIP","floor":3.0},{"not_picked":["PiercingWail","Wraith Form v2"],"picked":"Backstab","floor":7.0},{"not_picked":["Dash","Endless Agony","Footwork"],"picked":"SKIP","floor":10.0},{"not_picked":["Setup","Sucker Punch","Deadly Poison"],"picked":"SKIP","floor":12.0},{"not_picked":["Blade Dance","Prepared","Masterful Stab"],"picked":"SKIP","floor":13.0},{"not_picked":["Acrobatics","Blade Dance"],"picked":"Terror","floor":14.0},{"not_picked":["Malaise","After Image"],"picked":"Adrenaline","floor":16.0},{"not_picked":["Backflip","Deadly Poison"],"picked":"Outmaneuver+1","floor":18.0},{"not_picked":["Setup","Crippling Poison"],"picked":"Predator","floor":19.0},{"not_picked":["Prepared","Predator","Flying Knee"],"picked":"SKIP","floor":24},{"not_picked":["Dagger Throw+1","Predator"],"picked":"Backstab","floor":27},{"not_picked":["Infinite Blades","Blur"],"picked":"After Image","floor":29},{"not_picked":["Cloak And Dagger","Catalyst","Terror"],"picked":"SKIP","floor":30},{"not_picked":["Glass Knife","Burst"],"picked":"A Thousand Cuts","floor":33},{"not_picked":["Blade Dance","Prepared+1","Underhanded Strike"],"picked":"SKIP","floor":35},{"not_picked":["Dagger Spray","Dagger Throw+1","Quick Slash"],"picked":"SKIP","floor":36},{"not_picked":["Discovery","Finesse"],"picked":"Master of Strategy","floor":39},{"not_picked":["Enlightenment","Mayhem"],"picked":"Secret Technique","floor":39},{"not_picked":["Jack Of All Trades","Deep Breath"],"picked":"Flash of Steel","floor":39}],"player_experience":1367345,"relics_obtained":[{"floor":7.0,"key":"Bag of Preparation"},{"floor":9.0,"key":"Strawberry"},{"floor":10.0,"key":"HornCleat"},{"floor":24,"key":"Ice Cream"},{"floor":26,"key":"Tiny Chest"},{"floor":27,"key":"Shuriken"},{"floor":38,"key":"WingedGreaves"},{"floor":41,"key":"CeramicFish"},{"floor":42,"key":"Question Card"},{"floor":43,"key":"Anchor"}],"event_choices":[{"cards_removed":["Strike_G"],"damage_healed":0.0,"max_hp_gain":0.0,"max_hp_loss":0.0,"gold_gain":0.0,"event_name":"The Cleric","player_choice":"Card Removal","floor":2.0,"gold_loss":75.0,"damage_taken":0.0},{"damage_healed":0.0,"max_hp_gain":5.0,"max_hp_loss":0.0,"gold_gain":0.0,"event_name":"Forgotten Altar","player_choice":"Shed Blood","floor":20.0,"gold_loss":0.0,"damage_taken":23.0},{"damage_healed":0.0,"max_hp_gain":0.0,"max_hp_loss":0.0,"gold_gain":0.0,"cards_transformed":["Strike_G","Strike_G"],"event_name":"Drug Dealer","player_choice":"Became Test Subject","floor":22.0,"gold_loss":0.0,"damage_taken":0.0,"cards_obtained":["Terror","All Out Attack"]},{"damage_healed":0,"gold_gain":0,"player_choice":"Fight","damage_taken":0,"max_hp_gain":0,"max_hp_loss":0,"event_name":"Mysterious Sphere","floor":38,"gold_loss":0},{"damage_healed":0,"gold_gain":0,"player_choice":"Memory 3","damage_taken":10,"max_hp_gain":0,"max_hp_loss":0,"event_name":"SensoryStone","floor":39,"gold_loss":0},{"damage_healed":0,"gold_gain":0,"player_choice":"Paid","damage_taken":0,"relics_obtained":["Red Mask"],"max_hp_gain":0,"max_hp_loss":0,"event_name":"Tomb of Lord Red Mask","floor":46,"gold_loss":9}],"is_beta":false,"boss_relics":[{"not_picked":["SacredBark","Runic Dome"],"picked":"Coffee Dripper"},{"not_picked":["Tiny House","Black Star"],"picked":"Astrolabe"}],"items_purged_floors":[21],"is_endless":false,"potions_floor_spawned":[3,7,12,14,24,27,29],"killed_by":"Time Eater","ascension_level":20}}