{"host":"dlyy4wv9zatha4f7","time":1613748184,"event":{"mods":["Act Like it!","BaseMod","Better Third Choice","Colored Map","GifTheSpireLib","Minty Spire (QoL Compilation)","Ruina","Spicy Shops","StSLib","SuperFastMode","Unceasing Turn Reminder"],"gold_per_floor":[361,373,43,63,79,79,94,269,320,320,320,363,99,127,127,233,233,260,287,316,325,334,334,334],"floor_reached":23,"language":"ENG","playtime":1022,"items_purged":["Shame","Doubt"],"score":400,"play_id":"3e1f64d3-7b57-479b-88a9-324a016525d5","local_time":"20210219172304","is_ascension_mode":true,"campfire_choices":[{"data":"Dagger Spray","floor":6.0,"key":"SMITH"},{"floor":11.0,"key":"REST"},{"data":"Noxious Fumes","floor":15.0,"key":"SMITH"}],"circlet_count":0,"master_deck":["Strike_G","Strike_G+1","Strike_G","Strike_G","Defend_G","Defend_G","Defend_G","Defend_G","Defend_G+1","Survivor","Neutralize","Poisoned Stab","Footwork","Poisoned Stab","Dagger Spray+1","Endless Agony","Bouncing Flask","Noxious Fumes+1","Quick Slash+1","Adrenaline","Crippling Poison+1","Outmaneuver","PiercingWail","Tactician+1","ruina:Mimicry+1"],"relics":["Ring of the Snake","TwistedFunnel","CeramicFish","Molten Egg 2","Potion Belt","Snecko Eye"],"acts_visited":["Exordium","Exordium"],"potions_floor_usage":[19],"damage_taken":[{"damage":7.0,"enemies":"Cultist","floor":1.0,"turns":4.0},{"damage":1.0,"enemies":"Small Slimes","floor":2.0,"turns":4.0},{"damage":0.0,"enemies":"2 Louse","floor":4.0,"turns":2.0},{"damage":4.0,"enemies":"Blue Slaver","floor":5.0,"turns":3.0},{"damage":0.0,"enemies":"Gremlin Gang","floor":7.0,"turns":1.0},{"damage":13.0,"enemies":"Lagavulin","floor":12.0,"turns":5.0},{"damage":0.0,"enemies":"Gremlin Nob","floor":14.0,"turns":3.0},{"damage":0.0,"enemies":"Slime Boss","floor":16.0,"turns":5.0},{"damage":10,"enemies":"ruina:Nosferatu","floor":18,"turns":5},{"damage":12,"enemies":"ruina:3_Bats","floor":19,"turns":4},{"damage":18,"enemies":"ruina:KnightOfDespair","floor":20,"turns":5},{"damage":43,"enemies":"ruina:RoadHome","floor":23,"turns":3}],"seed_played":"4443028996043142377","potions_obtained":[{"floor":4.0,"key":"CunningPotion"},{"floor":5.0,"key":"Block Potion"},{"floor":14.0,"key":"Fire Potion"}],"is_trial":false,"path_per_floor":["M","M","$","M","M","R","M","?","T","?","R","E","$","E","R","B",null,"M","M","M","?","?","E"],"character_chosen":"THE_SILENT","items_purchased":["TwistedFunnel","Footwork","Noxious Fumes","Quick Slash+1"],"campfire_rested":1,"item_purchase_floors":[3,3,13,13],"current_hp_per_floor":[56,55,55,55,51,51,51,51,51,37,58,45,45,45,45,45,64,54,42,24,17,17,0,0],"gold":334,"neow_bonus":"TWO_FIFTY_GOLD","is_daily":false,"chose_seed":false,"campfire_upgraded":2,"win_rate":0.0,"timestamp":1613748184,"path_taken":["M","?","$","M","M","R","M","?","T","?","R","E","?","E","R","BOSS","M","M","?","?","?","E"],"items_purchased_type":["Relic","Card","Card","Card"],"build_version":"2020-12-22","purchased_purges":2,"victory":false,"max_hp_per_floor":[70,70,70,70,70,70,70,70,70,70,70,70,70,70,70,70,70,70,70,70,70,65,65,65],"card_choices":[{"not_picked":["Dagger Throw","Cloak And Dagger"],"picked":"Poisoned Stab","floor":1.0},{"not_picked":["Eviscerate","Finisher","Setup"],"picked":"SKIP","floor":2.0},{"not_picked":["Leg Sweep","Sucker Punch"],"picked":"Poisoned Stab","floor":4.0},{"not_picked":["Terror","Outmaneuver"],"picked":"Dagger Spray","floor":5.0},{"not_picked":["Concentrate","Deflect"],"picked":"Endless Agony","floor":7.0},{"not_picked":["All Out Attack+1","Night Terror"],"picked":"Bouncing Flask","floor":12.0},{"not_picked":["Finisher+1","Blade Dance","Dagger Spray+1"],"picked":"SKIP","floor":14.0},{"not_picked":["Bullet Time","Malaise"],"picked":"Adrenaline","floor":16.0},{"not_picked":["PiercingWail","Prepared"],"picked":"Crippling Poison+1","floor":18},{"not_picked":["Slice+1","Finisher+1"],"picked":"Outmaneuver","floor":19},{"not_picked":["Prepared","Deflect"],"picked":"PiercingWail","floor":20},{"not_picked":["ruina:BlindRage+1","ruina:CobaltScar"],"picked":"ruina:Mimicry+1","floor":22}],"player_experience":2299478,"relics_obtained":[{"floor":9.0,"key":"CeramicFish"},{"floor":12.0,"key":"Molten Egg 2"},{"floor":14.0,"key":"Potion Belt"}],"event_choices":[{"damage_healed":0.0,"max_hp_gain":0.0,"max_hp_loss":0.0,"gold_gain":175.0,"event_name":"betterThird:BetterSerpent","player_choice":"AGREE","floor":8.0,"gold_loss":0.0,"damage_taken":94.0},{"damage_healed":51.0,"max_hp_gain":0.0,"max_hp_loss":70.0,"gold_gain":0.0,"event_name":"betterThird:BetterShining","player_choice":"Upgrade","floor":10.0,"gold_loss":0.0,"damage_taken":14.0,"cards_upgraded":["Strike_G","Defend_G"]}],"is_beta":false,"boss_relics":[{"not_picked":["SacredBark","Empty Cage"],"picked":"Snecko Eye"}],"items_purged_floors":[3,13],"is_endless":false,"potions_floor_spawned":[4,5,14],"killed_by":"ruina:RoadHome","ascension_level":9}}