{"host":"qxeepl7ydvsgmfdb","time":1613748781,"event":{"mods":["AchievementEnabler","BaseMod","Colored Powertips","Minty Spire (QoL Compilation)","Quick Restart","slay the spire mod where everything is the same but ironclad has a cowboy hat"],"gold_per_floor":[119,22,22,22,22,50,67,67,67,86,86,101,101,121,121,210,210,228,278,297,21,21,21,45,45,68,68,68,86,130,153,153,153,153],"floor_reached":33,"language":"ENG","playtime":973,"items_purged":[],"score":562,"play_id":"90b13e71-ab95-40f6-8e63-ce43f50f467f","local_time":"20210219103301","is_ascension_mode":true,"campfire_choices":[{"floor":8.0,"key":"REST"},{"data":"Distraction","floor":13.0,"key":"SMITH"},{"data":"Dramatic Entrance","floor":15.0,"key":"SMITH"},{"data":"Venomology","floor":23.0,"key":"SMITH"},{"floor":25,"key":"REST"},{"floor":28,"key":"REST"},{"floor":32,"key":"REST"}],"circlet_count":0,"master_deck":["AscendersBane","Defend_G","Defend_G","Defend_G","Defend_G","Defend_G","Survivor","Neutralize","Finisher","Dramatic Entrance+1","Distraction+1","Cloak And Dagger","Slice","Venomology+1","Slice","Accuracy","Bite","Bite","Bite","Bite","Bite","Poisoned Stab+1","A Thousand Cuts"],"relics":["Ring of the Snake","NeowsBlessing","FossilizedHelix","Sundial","Shuriken","Golden Idol","Empty Cage","Pantograph","Juzu Bracelet","CaptainsWheel"],"acts_visited":["Exordium","TheCity"],"potions_floor_usage":[24,24,24,30,30,30,30,31,33],"damage_taken":[{"damage":0.0,"enemies":"2 Louse","floor":1.0,"turns":1.0},{"damage":0.0,"enemies":"Gremlin Nob","floor":6.0,"turns":1.0},{"damage":0.0,"enemies":"Small Slimes","floor":7.0,"turns":1.0},{"damage":0.0,"enemies":"Jaw Worm","floor":10.0,"turns":1.0},{"damage":0.0,"enemies":"2 Fungi Beasts","floor":12.0,"turns":3.0},{"damage":0.0,"enemies":"3 Louse","floor":14.0,"turns":1.0},{"damage":25.0,"enemies":"The Guardian","floor":16.0,"turns":15.0},{"damage":13.0,"enemies":"3 Byrds","floor":18.0,"turns":7.0},{"damage":2.0,"enemies":"Shell Parasite","floor":20.0,"turns":3.0},{"damage":27,"enemies":"Sentry and Sphere","floor":24,"turns":6},{"damage":29,"enemies":"Chosen and Byrds","floor":29,"turns":7},{"damage":12,"enemies":"Slavers","floor":30,"turns":4},{"damage":15,"enemies":"3 Cultists","floor":31,"turns":5},{"damage":128,"enemies":"Automaton","floor":33,"turns":10}],"seed_played":"-1598540691582885184","potions_obtained":[{"floor":1.0,"key":"CunningPotion"},{"floor":6.0,"key":"Explosive Potion"},{"floor":14.0,"key":"FearPotion"},{"floor":16.0,"key":"Poison Potion"},{"floor":20.0,"key":"SpeedPotion"},{"floor":24,"key":"LiquidBronze"}],"is_trial":false,"path_per_floor":["M","$","?","?","$","E","M","R","T","M","?","M","R","M","R","B",null,"M","?","M","$","?","R","M","R","T","?","R","M","E","M","R","B"],"character_chosen":"THE_SILENT","items_purchased":["Dramatic Entrance","Pantograph"],"campfire_rested":4,"item_purchase_floors":[2,21],"current_hp_per_floor":[59,59,59,24,24,24,26,45,45,47,47,49,49,51,51,28,57,46,46,46,46,46,46,21,40,40,40,59,43,41,36,55,0,0],"gold":153,"neow_bonus":"THREE_ENEMY_KILL","is_daily":false,"chose_seed":false,"campfire_upgraded":3,"win_rate":0.0,"timestamp":1613748781,"path_taken":["M","$","?","?","?","E","M","R","T","M","?","M","R","M","R","BOSS","M","?","M","$","?","R","M","R","T","?","R","M","E","M","R","BOSS"],"items_purchased_type":["Card","Relic"],"build_version":"2020-12-22","purchased_purges":0,"victory":false,"max_hp_per_floor":[66,66,66,66,66,66,66,66,66,66,66,66,66,66,66,66,66,66,66,66,66,66,66,66,66,66,66,66,66,66,66,66,66,66],"card_choices":[{"not_picked":["Leg Sweep","Outmaneuver"],"picked":"Finisher","floor":1.0},{"not_picked":["Flying Knee","Poisoned Stab"],"picked":"Distraction","floor":6.0},{"not_picked":["Outmaneuver","Bane","Flying Knee"],"picked":"SKIP","floor":7.0},{"not_picked":["Crippling Poison","Concentrate"],"picked":"Cloak And Dagger","floor":10.0},{"not_picked":["Flying Knee","Quick Slash"],"picked":"Slice","floor":12.0},{"not_picked":["Dash","Flechettes","Finisher"],"picked":"SKIP","floor":14.0},{"not_picked":["Unload","Tools of the Trade"],"picked":"Venomology","floor":16.0},{"not_picked":["Predator+1","Prepared"],"picked":"Slice","floor":18.0},{"not_picked":["Heel Hook","Dodge and Roll","Underhanded Strike"],"picked":"SKIP","floor":20.0},{"not_picked":["Heel Hook","Acrobatics"],"picked":"Accuracy","floor":24},{"not_picked":["Calculated Gamble","Underhanded Strike+1","Endless Agony"],"picked":"SKIP","floor":29},{"not_picked":["Dodge and Roll","Footwork"],"picked":"Poisoned Stab+1","floor":30},{"not_picked":["Outmaneuver+1","Deadly Poison"],"picked":"A Thousand Cuts","floor":31}],"player_experience":178955,"relics_obtained":[{"floor":6.0,"key":"Blood Vial"},{"floor":9.0,"key":"Shuriken"},{"floor":26,"key":"Juzu Bracelet"},{"floor":30,"key":"CaptainsWheel"}],"event_choices":[{"damage_healed":0.0,"max_hp_gain":0.0,"max_hp_loss":0.0,"gold_gain":0.0,"event_name":"Big Fish","player_choice":"Box","floor":3.0,"gold_loss":0.0,"damage_taken":0.0,"relics_obtained":["FossilizedHelix"],"cards_obtained":["Regret"]},{"damage_healed":0.0,"max_hp_gain":0.0,"max_hp_loss":0.0,"gold_gain":0.0,"event_name":"Scrap Ooze","player_choice":"Success","floor":4.0,"gold_loss":0.0,"damage_taken":35.0,"relics_obtained":["Sundial"]},{"damage_healed":0.0,"max_hp_gain":0.0,"max_hp_loss":0.0,"gold_gain":0.0,"event_name":"Golden Idol","player_choice":"Take Wound","floor":11.0,"gold_loss":0.0,"damage_taken":0.0,"relics_obtained":["Golden Idol"],"cards_obtained":["Injury"]},{"damage_healed":0.0,"max_hp_gain":0.0,"max_hp_loss":0.0,"gold_gain":50.0,"event_name":"Nest","player_choice":"Stole From Cult","floor":19.0,"gold_loss":0.0,"damage_taken":0.0},{"damage_healed":0.0,"max_hp_gain":0.0,"max_hp_loss":0.0,"gold_gain":0.0,"event_name":"Ghosts","player_choice":"Ignored","floor":22.0,"gold_loss":0.0,"damage_taken":0.0},{"damage_healed":0,"gold_gain":0,"player_choice":"Became a vampire (Vial)","damage_taken":0,"max_hp_gain":0,"max_hp_loss":0,"event_name":"Vampires","floor":27,"relics_lost":["Blood Vial"],"gold_loss":0,"cards_obtained":["Bite","Bite","Bite","Bite","Bite"]}],"is_beta":false,"boss_relics":[{"not_picked":["Runic Dome","Velvet Choker"],"picked":"Empty Cage"}],"items_purged_floors":[],"is_endless":false,"potions_floor_spawned":[1,6,14,16,20,24],"killed_by":"Automaton","ascension_level":17}}