{"host":"m6rwrrl4vtok99e8","time":1613731740,"event":{"mods":["ATMod(??Mod)","Act Like it!","Aspiration","BaseMod","Colored Powertips","Downfall","Energized Spire","GungeonMod","Jedi Mod","Koishi","LagranYue(???·?)","Lobotomy","Marisa????????","Minty Spire (QoL Compilation)","Pale of the Ancients","Quick Restart","Relic Stats","Reliquary","Remilia??????","Replay The Spire","Spicy Shops","StSLib","TestMod","The Servant 0.9.4","Waifu the Spire","WarShipGirlsR/????R mod","??????REMEMod"],"gold_per_floor":[116,116,116,1,24,57,57,125,125,125,171,171,211,211,211,340,340,389,480,405,8,77,135,135,135,135],"floor_reached":25,"language":"ZHS","playtime":1954,"items_purged":[],"score":229,"play_id":"2f464107-dd90-4370-849e-ea267116e762","local_time":"20210219184900","is_ascension_mode":false,"campfire_choices":[{"data":"RedMoon","floor":7.0,"key":"SMITH"},{"data":"ScarletShoot","floor":10.0,"key":"SMITH"},{"floor":15,"key":"REST"}],"circlet_count":0,"master_deck":["Strike_RM","Strike_RM","Defend_RM","Defend_RM","Defend_RM","RedMoon+1","ScarletShoot+1","Koishi:FourthEye","Ultimatum","CurseOfVladTepes","FavorOfDestiny","FavorOfDestiny","BloodHunter","MHz","MastersStateliness","BloodHunter","TricksterDevil","MiserableFate+1"],"relics":["ScarletHat","testmod-TestBox","REME_ComplimentaryCards","LagranYue:RandomDrawCardRelic","testmod-Temperance","CogitoBucket","Golden Idol","DemoMod:GnawedKey","reliquary:TatteredRug","DemoMod:MeltedRock","reliquary:Stiletto","AT_ATBox","Runic Pyramid","reliquary:FingerTrap","aspiration:SeaSaltIceCream","aspiration:Nostalgia","Ring of the Snake","Frozen Eye"],"acts_visited":["Exordium","TheCity"],"potions_floor_usage":[13,13,13,23,23],"damage_taken":[{"damage":0.0,"enemies":"2 Louse","floor":1.0,"turns":3.0},{"damage":0.0,"enemies":"Small Slimes","floor":5.0,"turns":5.0},{"damage":8.0,"enemies":"Lagavulin","floor":6.0,"turns":10.0},{"damage":4.0,"enemies":"Replay:BlueRogue","floor":8.0,"turns":8.0},{"damage":0.0,"enemies":"Jaw Worm","floor":11.0,"turns":6.0},{"damage":70,"enemies":"Large Slime","floor":13,"turns":9},{"damage":31,"enemies":"Hexaghost","floor":16,"turns":11},{"damage":6,"enemies":"Spheric Guardian","floor":18,"turns":5},{"damage":0,"enemies":"Chosen","floor":19,"turns":6},{"damage":22,"enemies":"Centurion and Healer","floor":22,"turns":8},{"damage":57,"enemies":"Gremlin Leader","floor":23,"turns":10},{"damage":0,"enemies":"Cultist and Chosen","floor":25,"turns":1}],"seed_played":"9087799012087708108","potions_obtained":[{"floor":1.0,"key":"Fire Potion"},{"floor":5.0,"key":"Weak Potion"},{"floor":6.0,"key":"Fire Potion"},{"floor":8.0,"key":"DistilledChaos"},{"floor":8.0,"key":"EssenceOfSteel"},{"floor":11.0,"key":"Fire Potion"},{"floor":16,"key":"Fire Potion"},{"floor":16,"key":"Strength Potion"},{"floor":18,"key":"BlessingOfTheForge"},{"floor":23,"key":"DemoMod:BlankPotion"}],"is_trial":false,"path_per_floor":["M","?","?","$","M","E","R","E","T","R","M","?","M","T","R","B",null,"M","M","?","$","M","E","?","M"],"character_chosen":"REMILIA","items_purchased":["DemoMod:GnawedKey","reliquary:FingerTrap","aspiration:SeaSaltIceCream"],"campfire_rested":1,"item_purchase_floors":[4,21,21],"current_hp_per_floor":[75,75,75,75,75,69,69,71,71,71,72,72,9,9,31,20,75,70,75,75,75,62,9,9,9,9],"gold":135,"neow_bonus":"","is_daily":false,"chose_seed":false,"campfire_upgraded":2,"win_rate":0.0,"timestamp":1613731740,"path_taken":["M","?","?","$","?","E","R","E","T","R","M","?","M","?","R","BOSS","M","?","?","$","M","E","?","M"],"items_purchased_type":["Relic","Relic","Relic"],"build_version":"2020-12-22","purchased_purges":0,"victory":false,"max_hp_per_floor":[75,75,75,75,75,75,75,75,75,75,75,75,75,75,75,75,75,75,75,75,75,75,75,75,75,75],"relic_stats":{"counters":[14,84],"Golden Idol":193,"obtain_stats":[{"AT_ATBox":0,"testmod-TestBox":0,"LagranYue:RandomDrawCardRelic":0,"testmod-Temperance":0,"Golden Idol":2,"aspiration:Nostalgia":21,"DemoMod:GlassGuonStoneRelic":1,"reliquary:TatteredRug":6,"aspiration:SeaSaltIceCream":21,"ScarletHat":0,"Frozen Eye":1,"CogitoBucket":0,"DemoMod:MeltedRock":8,"reliquary:Stiletto":9,"DemoMod:GnawedKey":4,"reliquary:FingerTrap":21,"REME_ComplimentaryCards":0,"Runic Pyramid":17,"Ring of the Snake":21},{"AT_ATBox":0,"testmod-TestBox":0,"LagranYue:RandomDrawCardRelic":0,"testmod-Temperance":0,"Golden Idol":1,"aspiration:Nostalgia":10,"DemoMod:GlassGuonStoneRelic":1,"reliquary:TatteredRug":3,"aspiration:SeaSaltIceCream":10,"ScarletHat":0,"Frozen Eye":1,"CogitoBucket":0,"DemoMod:MeltedRock":4,"reliquary:Stiletto":4,"DemoMod:GnawedKey":1,"reliquary:FingerTrap":10,"REME_ComplimentaryCards":0,"Runic Pyramid":8,"Ring of the Snake":10},{"AT_ATBox":0,"testmod-TestBox":0,"LagranYue:RandomDrawCardRelic":0,"testmod-Temperance":0,"Golden Idol":3,"aspiration:Nostalgia":64,"DemoMod:GlassGuonStoneRelic":3,"reliquary:TatteredRug":18,"aspiration:SeaSaltIceCream":64,"ScarletHat":0,"Frozen Eye":2,"CogitoBucket":0,"DemoMod:MeltedRock":26,"reliquary:Stiletto":26,"DemoMod:GnawedKey":3,"reliquary:FingerTrap":64,"REME_ComplimentaryCards":0,"Runic Pyramid":53,"Ring of the Snake":64}],"Ring of the Snake":[6]},"card_choices":[{"not_picked":["WhitesApple","Bloodbath"],"picked":"MeatLantern","floor":1.0},{"not_picked":["MillenniumVampire","EternalNight"],"picked":"Ultimatum","floor":1.0},{"not_picked":[],"picked":"CurseOfVladTepes","floor":3.0},{"not_picked":["ScarletDream","ScarletDevil"],"picked":"FavorOfDestiny","floor":5.0},{"not_picked":["DiffusionOfMisfortune","BloodRain"],"picked":"FavorOfDestiny","floor":6.0},{"not_picked":["ChainGang","DiffusionOfMisfortune"],"picked":"BloodHunter","floor":8.0},{"not_picked":["OldLady","Woodsman"],"picked":"MHz","floor":11.0},{"not_picked":["CharismaGuard","ScarletImprint"],"picked":"MastersStateliness","floor":11.0},{"not_picked":["ScarletImprint","ScarletSymphony"],"picked":"BloodHunter","floor":13},{"not_picked":["KillingBlow","BloodyHallows"],"picked":"TricksterDevil","floor":16},{"not_picked":["ScarletDevil+1","FavorOfDestiny","DiffusionOfMisfortune+1"],"picked":"SKIP","floor":18},{"not_picked":["ScarletNetherworld+1","ScarletDevil","StarOfDavid"],"picked":"SKIP","floor":19},{"not_picked":["BadLadyScramble","CharismaGuard"],"picked":"MiserableFate+1","floor":22},{"not_picked":["CharismaGuard","VampireSweep","DiffusionOfMisfortune"],"picked":"SKIP","floor":22},{"not_picked":["ScarletSymphony","UnstableMagic","ForecastOfChange"],"picked":"SKIP","floor":23}],"player_experience":44953,"relics_obtained":[{"floor":6.0,"key":"reliquary:TatteredRug"},{"floor":8.0,"key":"DemoMod:MeltedRock"},{"floor":9.0,"key":"reliquary:Stiletto"}],"event_choices":[{"damage_healed":0.0,"max_hp_gain":0.0,"max_hp_loss":0.0,"gold_gain":0.0,"event_name":"Golden Idol","player_choice":"Take Wound","floor":2.0,"gold_loss":0.0,"damage_taken":0.0,"relics_obtained":["Golden Idol"],"cards_obtained":["Injury"]},{"damage_healed":0.0,"max_hp_gain":0.0,"max_hp_loss":0.0,"gold_gain":0.0,"event_name":"??????","player_choice":"Swap Relic","floor":12.0,"relics_lost":["AT_ATBox"],"gold_loss":0.0,"damage_taken":0.0,"relics_obtained":["AT_ATBox"]},{"cards_removed":["Strike_RM"],"damage_healed":0,"gold_gain":0,"player_choice":"Gave Gold","damage_taken":0,"max_hp_gain":0,"max_hp_loss":0,"event_name":"Beggar","floor":20,"gold_loss":75},{"damage_healed":0,"gold_gain":0,"player_choice":"Ignored","damage_taken":0,"max_hp_gain":0,"max_hp_loss":0,"event_name":"Cursed Tome","floor":24,"gold_loss":0}],"is_beta":false,"boss_relics":[{"not_picked":["Tiny House","Replay:Drink Me"],"picked":"Runic Pyramid"}],"items_purged_floors":[],"is_endless":false,"potions_floor_spawned":[1,5,8,19,22],"killed_by":"Cultist and Chosen","ascension_level":0}}