{"host":"x73jdofm2fk9hsud","time":1613715046,"event":{"mods":["BaseMod","Bestiary","Minty Spire (QoL Compilation)","Relic Stats","ojb\u0027s Better Paths Mod","ojb\u0027s Info Mod"],"gold_per_floor":[113,38,55,55,55,55,95,95,120,135,178,196,238,282,282,380,380,414,339,348,381,408,408,7,29,54,54,99,118,162,196,208,319,331,375,387,399,411,452,513,525,580,592,636,693,507,557,230,230,230,230,230,230,30,73,73,73],"floor_reached":56,"language":"ENG","playtime":2497,"items_purged":["Strike_R","Bash"],"score":2473,"play_id":"de7a3307-17c1-4c59-9727-03ba88317d81","local_time":"20210219011046","is_ascension_mode":true,"campfire_choices":[{"data":"Apotheosis","floor":6,"key":"SMITH"},{"floor":8,"key":"REST"},{"data":"Limit Break","floor":15,"key":"SMITH"},{"floor":23,"key":"REST"},{"floor":27,"key":"RECALL"},{"data":"Disarm","floor":32,"key":"SMITH"},{"floor":41,"key":"REST"},{"floor":49,"key":"REST"},{"floor":53,"key":"REST"}],"circlet_count":0,"master_deck":["AscendersBane","Defend_R","Defend_R","Defend_R","Defend_R","Apotheosis+1","Pommel Strike","Thunderclap","Whirlwind","Flame Barrier","Uppercut","Limit Break+1","Sword Boomerang","Corruption","Ghostly Armor","Necronomicurse","Headbutt","Battle Trance","Dual Wield","Disarm+1","Offering","Burning Pact","Heavy Blade","Warcry+1","Ghostly Armor","Demon Form","Disarm+1","Limit Break","Flash of Steel"],"relics":["Burning Blood","WingedGreaves","Golden Idol","Pen Nib","MealTicket","CeramicFish","Red Skull","Potion Belt","Sozu","Necronomicon","Charon\u0027s Ashes","Blood Vial","StoneCalendar","Turnip","MawBank","Empty Cage","Gremlin Horn","Torii","Smiling Mask","DollysMirror","Art of War","Membership Card","Ice Cream","OrangePellets","Vajra","Paper Frog"],"acts_visited":["Exordium","TheCity","TheBeyond","TheEnding"],"potions_floor_usage":[7,18,21,55],"damage_taken":[{"damage":9,"enemies":"Small Slimes","floor":1,"turns":7},{"damage":2,"enemies":"Jaw Worm","floor":3,"turns":5},{"damage":12,"enemies":"Lagavulin","floor":7,"turns":6},{"damage":4,"enemies":"2 Louse","floor":10,"turns":3},{"damage":32,"enemies":"Gremlin Nob","floor":11,"turns":4},{"damage":1,"enemies":"2 Fungi Beasts","floor":12,"turns":3},{"damage":8,"enemies":"3 Sentries","floor":13,"turns":8},{"damage":11,"enemies":"Lagavulin","floor":14,"turns":7},{"damage":0,"enemies":"Slime Boss","floor":16,"turns":5},{"damage":21,"enemies":"Spheric Guardian","floor":18,"turns":5},{"damage":0,"enemies":"Shell Parasite","floor":21,"turns":1},{"damage":24,"enemies":"Cultist and Chosen","floor":22,"turns":4},{"damage":5,"enemies":"Snake Plant","floor":25,"turns":2},{"damage":23,"enemies":"Slavers","floor":28,"turns":3},{"damage":14,"enemies":"Shelled Parasite and Fungi","floor":29,"turns":3},{"damage":0,"enemies":"Gremlin Leader","floor":30,"turns":3},{"damage":13,"enemies":"Book of Stabbing","floor":31,"turns":4},{"damage":0,"enemies":"Collector","floor":33,"turns":5},{"damage":14,"enemies":"Orb Walker","floor":35,"turns":3},{"damage":18,"enemies":"3 Darklings","floor":39,"turns":3},{"damage":54,"enemies":"Nemesis","floor":40,"turns":5},{"damage":16,"enemies":"Giant Head","floor":42,"turns":5},{"damage":1,"enemies":"4 Shapes","floor":44,"turns":6},{"damage":21,"enemies":"Nemesis","floor":45,"turns":3},{"damage":6,"enemies":"Giant Head","floor":47,"turns":4},{"damage":31,"enemies":"Donu and Deca","floor":50,"turns":4},{"damage":32,"enemies":"Time Eater","floor":51,"turns":4},{"damage":35,"enemies":"Shield and Spear","floor":55,"turns":3},{"damage":62,"enemies":"The Heart","floor":56,"turns":2}],"seed_played":"-839922719831470039","potions_obtained":[{"floor":1,"key":"Fire Potion"},{"floor":7,"key":"ElixirPotion"},{"floor":12,"key":"GamblersBrew"},{"floor":13,"key":"Block Potion"},{"floor":16,"key":"BlessingOfTheForge"}],"is_trial":false,"path_per_floor":["M","?","M","?","?","R","E","R","T","M","E","M","E","E","R","B",null,"M","?","?","M","M","R","$","M","T","R","E","M","E","E","R","B",null,"M","?","?","$","M","E","R","E","T","M","E","$","E","$","R","B","B",null,"R","$","E","B"],"character_chosen":"IRONCLAD","items_purchased":["Charon\u0027s Ashes","DollysMirror","Membership Card","Ice Cream","OrangePellets","Vajra","Flash of Steel"],"campfire_rested":5,"item_purchase_floors":[24,46,48,48,54,54,54],"current_hp_per_floor":[47,47,51,40,40,40,34,54,54,56,30,35,33,28,28,34,60,45,45,24,30,12,32,47,48,48,48,33,27,35,30,30,38,61,55,55,55,68,56,10,30,22,22,29,16,31,33,48,68,43,19,56,68,68,39,0,0],"gold":73,"neow_bonus":"RANDOM_COLORLESS_2","is_daily":false,"chose_seed":false,"campfire_upgraded":3,"win_rate":0.0,"timestamp":1613715046,"path_taken":["M","?","M","?","?","R","E","R","T","M","E","M","E","E","R","BOSS","M","?","?","M","M","R","$","M","T","R","E","M","E","E","R","BOSS","M","?","?","$","M","E","R","E","T","M","E","$","E","$","R","BOSS","BOSS","R","$","E","BOSS"],"items_purchased_type":["Relic","Relic","Relic","Relic","Relic","Relic","Card"],"build_version":"2020-12-22","purchased_purges":2,"victory":false,"max_hp_per_floor":[75,75,75,75,68,68,68,68,68,68,68,68,68,68,68,68,68,68,68,68,68,68,68,68,68,68,68,68,68,68,68,68,68,68,68,68,68,68,68,68,68,68,68,68,68,68,68,68,68,68,68,68,68,68,68,68,68],"relic_stats":{"Gremlin Horn":[5,5],"Torii":4,"counters":[29,120],"Golden Idol":207,"CeramicFish":180,"StoneCalendar":[0],"Pen Nib":[15],"Charon\u0027s Ashes":[547],"MawBank":180,"Smiling Mask":50,"Burning Blood":168,"Sozu":8,"Blood Vial":26,"OrangePellets":[1],"MealTicket":58,"Turnip":[8],"Necronomicon":[35],"Art of War":[4],"obtain_stats":[{"Ice Cream":48,"Gremlin Horn":40,"Torii":42,"CeramicFish":11,"Vajra":54,"StoneCalendar":28,"Empty Cage":34,"Smiling Mask":45,"Burning Blood":0,"Sozu":17,"Blood Vial":26,"DollysMirror":46,"MealTicket":9,"WingedGreaves":4,"Necronomicon":20,"Red Skull":13,"Paper Frog":55,"Potion Belt":14,"Golden Idol":5,"Pen Nib":7,"Charon\u0027s Ashes":24,"MawBank":31,"OrangePellets":54,"Turnip":30,"Art of War":47,"Membership Card":48},{"Ice Cream":25,"Gremlin Horn":21,"Torii":22,"CeramicFish":5,"Vajra":27,"StoneCalendar":14,"Empty Cage":18,"Smiling Mask":24,"Burning Blood":0,"Sozu":9,"Blood Vial":13,"DollysMirror":24,"MealTicket":3,"WingedGreaves":2,"Necronomicon":10,"Red Skull":7,"Paper Frog":28,"Potion Belt":8,"Golden Idol":2,"Pen Nib":3,"Charon\u0027s Ashes":12,"MawBank":17,"OrangePellets":27,"Turnip":16,"Art of War":25,"Membership Card":25},{"Ice Cream":107,"Gremlin Horn":89,"Torii":94,"CeramicFish":25,"Vajra":115,"StoneCalendar":63,"Empty Cage":78,"Smiling Mask":103,"Burning Blood":0,"Sozu":48,"Blood Vial":60,"DollysMirror":103,"MealTicket":18,"WingedGreaves":12,"Necronomicon":53,"Red Skull":36,"Paper Frog":118,"Potion Belt":43,"Golden Idol":12,"Pen Nib":18,"Charon\u0027s Ashes":58,"MawBank":73,"OrangePellets":115,"Turnip":69,"Art of War":107,"Membership Card":107}]},"card_choices":[{"not_picked":["Panache","Secret Weapon"],"picked":"Apotheosis","floor":0},{"not_picked":["Dual Wield","Body Slam"],"picked":"Pommel Strike","floor":1},{"not_picked":["Second Wind","Rampage"],"picked":"Thunderclap","floor":3},{"not_picked":["Cleave","Body Slam"],"picked":"Whirlwind","floor":7},{"not_picked":["Clash","Twin Strike"],"picked":"Flame Barrier","floor":10},{"not_picked":["Headbutt","Juggernaut"],"picked":"Uppercut","floor":11},{"not_picked":["Twin Strike","Body Slam","Rampage"],"picked":"SKIP","floor":12},{"not_picked":["Dropkick","Sword Boomerang"],"picked":"Limit Break","floor":13},{"not_picked":["Pummel","Ghostly Armor"],"picked":"Sword Boomerang","floor":14},{"not_picked":["Brutality","Offering"],"picked":"Corruption","floor":16},{"not_picked":["Infernal Blade","Headbutt"],"picked":"Ghostly Armor","floor":18},{"not_picked":["Havoc","Pommel Strike"],"picked":"Headbutt","floor":21},{"not_picked":["Perfected Strike","Berserk"],"picked":"Shrug It Off","floor":22},{"not_picked":["Wild Strike","Dropkick"],"picked":"Battle Trance","floor":25},{"not_picked":["Rupture","Blood for Blood"],"picked":"Dual Wield","floor":28},{"not_picked":["Iron Wave","Perfected Strike","Pommel Strike"],"picked":"SKIP","floor":29},{"not_picked":["Juggernaut","Twin Strike+1"],"picked":"Disarm","floor":30},{"not_picked":["Sword Boomerang","Anger","Warcry"],"picked":"SKIP","floor":31},{"not_picked":["Impervious","Bludgeon"],"picked":"Offering","floor":33},{"not_picked":["Intimidate","Warcry"],"picked":"Burning Pact","floor":35},{"not_picked":["Armaments","Uppercut"],"picked":"Heavy Blade","floor":39},{"not_picked":["Clothesline","Clash"],"picked":"Warcry+1","floor":40},{"not_picked":["Havoc+1","Cleave","True Grit"],"picked":"SKIP","floor":42},{"not_picked":["Wild Strike+1","Heavy Blade"],"picked":"Ghostly Armor","floor":44},{"not_picked":["Corruption","Dark Embrace"],"picked":"Demon Form","floor":45},{"not_picked":["Double Tap","Thunderclap"],"picked":"Limit Break","floor":47},{"not_picked":["Power Through","Clash","Second Wind"],"picked":"SKIP","floor":55}],"player_experience":5380897,"relics_obtained":[{"floor":7,"key":"Pen Nib"},{"floor":9,"key":"MealTicket"},{"floor":11,"key":"CeramicFish"},{"floor":13,"key":"Red Skull"},{"floor":14,"key":"Potion Belt"},{"floor":20,"key":"Necronomicon"},{"floor":26,"key":"Blood Vial"},{"floor":28,"key":"StoneCalendar"},{"floor":30,"key":"Turnip"},{"floor":31,"key":"MawBank"},{"floor":40,"key":"Gremlin Horn"},{"floor":42,"key":"Torii"},{"floor":45,"key":"Smiling Mask"},{"floor":47,"key":"Art of War"},{"floor":55,"key":"Paper Frog"}],"event_choices":[{"cards_removed":["Strike_R"],"damage_healed":0,"gold_gain":0,"player_choice":"Card Removal","damage_taken":0,"max_hp_gain":0,"max_hp_loss":0,"event_name":"The Cleric","floor":2,"gold_loss":75},{"damage_healed":0,"gold_gain":0,"player_choice":"Success","damage_taken":11,"relics_obtained":["WingedGreaves"],"max_hp_gain":0,"max_hp_loss":0,"event_name":"Scrap Ooze","floor":4,"gold_loss":0},{"damage_healed":0,"gold_gain":0,"player_choice":"Lose Max HP","damage_taken":0,"relics_obtained":["Golden Idol"],"max_hp_gain":0,"max_hp_loss":7,"event_name":"Golden Idol","floor":5,"gold_loss":0},{"cards_removed":["Strike_R"],"damage_healed":0,"gold_gain":0,"player_choice":"Gave Gold","damage_taken":0,"max_hp_gain":0,"max_hp_loss":0,"event_name":"Beggar","floor":19,"gold_loss":75},{"damage_healed":0,"gold_gain":0,"player_choice":"Obtained Book","damage_taken":21,"max_hp_gain":0,"max_hp_loss":0,"event_name":"Cursed Tome","floor":20,"gold_loss":0},{"cards_removed":["Shrug It Off"],"damage_healed":0,"gold_gain":0,"player_choice":"Removed Skill","damage_taken":0,"max_hp_gain":0,"max_hp_loss":0,"event_name":"Falling","floor":36,"gold_loss":0},{"damage_healed":0,"gold_gain":0,"player_choice":"Ignored","damage_taken":0,"max_hp_gain":0,"max_hp_loss":0,"event_name":"Tomb of Lord Red Mask","floor":37,"gold_loss":0}],"is_beta":false,"boss_relics":[{"not_picked":["Runic Dome","Runic Cube"],"picked":"Sozu"},{"not_picked":["SacredBark","Mark of Pain"],"picked":"Empty Cage"}],"items_purged_floors":[24,46],"is_endless":false,"potions_floor_spawned":[1,7,12,13,16,18,21,30,33,35,39,42,47],"killed_by":"The Heart","ascension_level":20}}