{"host":"ohy0y2gq28lmekc7","time":1613724902,"event":{"mods":["AchievementEnabler","Act Like it!","BaseMod","Better Third Choice","BetterRewards","Colored Powertips","Curses Come First","Highlight Path","Minty Spire (QoL Compilation)","Permanent Neow","Quick Restart","Relic Stats","StSLib"],"gold_per_floor":[133,0,57,132,148,197,271,35,86,86,86,118,158,158,158,253,253,285,9,9,22,39,70,70,101,101,101,101,111,137,137,137,261,261,281,312,382,402,416,448,448,482,508,219,219,219,6,6,6,6,6,6,6,31,31,31],"floor_reached":55,"language":"ENG","playtime":4547,"items_purged":[],"score":840,"play_id":"0bc3f021-9140-49c8-934a-fd30b9d5bf3b","local_time":"20210219095502","is_ascension_mode":false,"campfire_choices":[{"floor":11.0,"key":"REST"},{"data":"ForeignInfluence","floor":15.0,"key":"SMITH"},{"data":"Enlightenment","floor":24.0,"key":"SMITH"},{"floor":32,"key":"REST"},{"data":"DeusExMachina","floor":41,"key":"SMITH"},{"floor":46,"key":"RECALL"},{"data":"Madness","floor":49,"key":"SMITH"},{"data":"Vengeance","floor":52,"key":"SMITH"}],"circlet_count":0,"master_deck":["Strike_P+1","Strike_P+1","Strike_P+1","Strike_P+1","Defend_P+1","Defend_P+1","Defend_P+1","Defend_P+1","Eruption+1","Vigilance","HandOfGreed","ForeignInfluence+1","JustLucky","Vengeance+1","CutThroughFate","PathToVictory","Enlightenment+1","FollowUp","Weave","JustLucky","Brilliance","DeceiveReality","CutThroughFate","Vault","PathToVictory","ThirdEye","SignatureMove","FollowUp","ThirdEye+1","JustLucky","Vault","Weave","Consecrate","Prostrate","DeusExMachina+1","Prostrate+1","WheelKick+1","Prostrate","CutThroughFate+1","MasterReality","Consecrate+1","FollowUp+1","TalkToTheHand","Master of Strategy","Madness+1","Meditate","Judgement"],"relics":["PureWater","Pocketwatch","InkBottle","Dream Catcher","Membership Card","Tiny Chest","Bag of Preparation","Ancient Tea Set","Black Star","Boot","Toolbox","Regal Pillow","Lantern","Eternal Feather","Bottled Lightning","White Beast Statue","Pantograph","Damaru","Sozu","Thread and Needle","Vajra","Bag of Marbles","Ice Cream","GoldenEye","Kunai","Gremlin Horn","Pen Nib"],"acts_visited":["Exordium","TheCity","TheBeyond","TheEnding"],"potions_floor_usage":[33,33,50,55],"damage_taken":[{"damage":6.0,"enemies":"Jaw Worm","floor":1.0,"turns":2.0},{"damage":3.0,"enemies":"Small Slimes","floor":3.0,"turns":3.0},{"damage":0.0,"enemies":"Cultist","floor":5.0,"turns":2.0},{"damage":11.0,"enemies":"3 Sentries","floor":6.0,"turns":4.0},{"damage":0.0,"enemies":"3 Louse","floor":12.0,"turns":2.0},{"damage":8.0,"enemies":"Looter","floor":13.0,"turns":3.0},{"damage":42.0,"enemies":"The Guardian","floor":16.0,"turns":8.0},{"damage":11.0,"enemies":"3 Byrds","floor":18.0,"turns":3.0},{"damage":0.0,"enemies":"Spheric Guardian","floor":21.0,"turns":3.0},{"damage":16.0,"enemies":"Snake Plant","floor":22.0,"turns":4.0},{"damage":0.0,"enemies":"Gremlin Leader","floor":23.0,"turns":3.0},{"damage":0.0,"enemies":"Chosen and Byrds","floor":25.0,"turns":4.0},{"damage":10,"enemies":"Centurion and Healer","floor":29,"turns":3},{"damage":69,"enemies":"Champ","floor":33,"turns":8},{"damage":4,"enemies":"3 Shapes","floor":35,"turns":3},{"damage":0,"enemies":"3 Darklings","floor":36,"turns":4},{"damage":0,"enemies":"Mind Bloom Boss Battle","floor":37,"turns":1},{"damage":0,"enemies":"Sphere and 2 Shapes","floor":38,"turns":3},{"damage":6,"enemies":"Transient","floor":39,"turns":7},{"damage":6,"enemies":"Giant Head","floor":40,"turns":6},{"damage":7,"enemies":"Spire Growth","floor":42,"turns":3},{"damage":88,"enemies":"Time Eater","floor":50,"turns":7},{"damage":22,"enemies":"Shield and Spear","floor":54,"turns":3},{"damage":84,"enemies":"The Heart","floor":55,"turns":3}],"seed_played":"-3346813336917710320","potions_obtained":[{"floor":5.0,"key":"Dexterity Potion"},{"floor":6.0,"key":"Regen Potion"},{"floor":22.0,"key":"AttackPotion"},{"floor":23.0,"key":"Ancient Potion"},{"floor":25.0,"key":"EssenceOfSteel"},{"floor":33,"key":"Regen Potion"}],"is_trial":false,"path_per_floor":["M","?","M","?","M","E","?","$","T","?","R","M","M","?","R","B",null,"M","$","T","M","M","E","R","M","T","?","T","M","T","?","R","B",null,"M","M","?","M","M","E","R","M","T","$","?","R","$","T","R","B",null,"R","$","E","B"],"character_chosen":"WATCHER","items_purchased":["HandOfGreed","InkBottle","CutThroughFate","Membership Card","Tiny Chest","JustLucky","Boot","ThirdEye","Toolbox","Regal Pillow","SignatureMove","TalkToTheHand","Ice Cream","Master of Strategy","GoldenEye","Madness","Meditate"],"campfire_rested":2,"item_purchase_floors":[0,0,0,8,8,8,19,19,19,19,19,44,44,44,47,47,47],"current_hp_per_floor":[34,40,37,26,26,15,15,15,15,15,38,38,35,61,61,19,78,67,67,67,67,51,51,69,69,69,69,69,59,59,59,78,9,78,74,74,78,78,72,66,78,71,71,71,71,78,78,78,78,4,78,78,78,56,0,0],"gold":31,"neow_bonus":"","is_daily":false,"chose_seed":false,"campfire_upgraded":5,"win_rate":0.0,"timestamp":1613724902,"path_taken":["M","?","M","?","M","E","?","$","T","?","R","M","?","?","R","BOSS","M","$","?","?","M","E","R","M","T","?","?","M","?","?","R","BOSS","M","M","?","M","M","E","R","M","T","$","?","R","$","?","R","BOSS","R","$","E","BOSS"],"items_purchased_type":["Card","Relic","Card","Relic","Relic","Card","Relic","Card","Relic","Relic","Card","Card","Relic","Card","Relic","Card","Card"],"build_version":"2020-12-22","purchased_purges":0,"victory":false,"max_hp_per_floor":[72,78,78,78,78,78,78,78,78,78,78,78,78,78,78,78,78,78,78,78,78,78,78,78,78,78,78,78,78,78,78,78,78,78,78,78,78,78,78,78,78,78,78,78,78,78,78,78,78,78,78,78,78,78,78,78],"relic_stats":{"Regal Pillow":0,"Gremlin Horn":[0,0],"counters":[130,538],"Eternal Feather":55,"Pen Nib":[2],"Bag of Preparation":[38],"Boot":[90],"GoldenEye":[24],"Sozu":8,"Dream Catcher":2,"Pantograph":26,"Tiny Chest":3,"Black Star":3,"Kunai":[19],"obtain_stats":[{"Ice Cream":44,"Calipers":36,"Gremlin Horn":45,"Vajra":10,"Bottled Tornado":31,"Boot":30,"Sozu":34,"Centennial Puzzle":6,"HornCleat":9,"Sundial":12,"Philosopher\u0027s Stone":34,"HandDrill":19,"Kunai":43,"Toxic Egg 2":41,"Girya":36,"Pear":9,"Happy Flower":6,"Astrolabe":34,"Oddly Smooth Stone":40,"Velvet Choker":17,"Eternal Feather":5,"Tingsha":34,"Pen Nib":0,"Letter Opener":34,"Paper Crane":46,"War Paint":37,"Du-Vu Doll":0,"SlaversCollar":17,"Bottled Flame":31,"Shuriken":6,"Bird Faced Urn":12,"Bronze Scales":29,"Molten Egg 2":32,"Black Star":17,"NlothsMask":2,"Meat on the Bone":48,"Pocketwatch":0,"Lantern":26,"Regal Pillow":27,"Torii":0,"Snake Skull":21,"Juzu Bracelet":29,"Bag of Preparation":45,"Ancient Tea Set":8,"Empty Cage":34,"ClockworkSouvenir":30,"Nunchaku":26,"Dream Catcher":6,"Shovel":0,"Mummified Hand":30,"Ninja Scroll":49,"Gambling Chip":31,"Pantograph":41,"Toolbox":19,"Tiny Chest":0,"WingedGreaves":37,"Red Mask":20,"InkBottle":24,"Ring of the Snake":0,"Potion Belt":34,"The Specimen":0,"Golden Idol":11,"Damaru":30,"Thread and Needle":40,"PreservedInsect":45,"Omamori":7,"Frozen Egg 2":26,"Odd Mushroom":13,"Orichalcum":2,"GoldenEye":47,"White Beast Statue":43,"Mercury Hourglass":0,"Calling Bell":34,"Strange Spoon":31,"Anchor":43,"Ornamental Fan":41,"Orrery":19,"Coffee Dripper":17,"Bag of Marbles":27,"Bottled Lightning":42,"Membership Card":13,"PureWater":0,"TungstenRod":0,"FossilizedHelix":0},{"Ice Cream":127,"Calipers":23,"Gremlin Horn":28,"Vajra":35,"Bottled Tornado":20,"Boot":92,"Sozu":120,"Centennial Puzzle":83,"HornCleat":35,"Sundial":35,"Philosopher\u0027s Stone":21,"HandDrill":88,"Kunai":28,"Toxic Egg 2":99,"Girya":46,"Pear":7,"Happy Flower":5,"Astrolabe":94,"Oddly Smooth Stone":47,"Velvet Choker":87,"Eternal Feather":4,"Tingsha":44,"Pen Nib":0,"Letter Opener":44,"Paper Crane":29,"War Paint":46,"Du-Vu Doll":52,"SlaversCollar":64,"Bottled Flame":72,"Shuriken":35,"Bird Faced Urn":8,"Bronze Scales":43,"Molten Egg 2":43,"Black Star":38,"NlothsMask":53,"Meat on the Bone":77,"Pocketwatch":106,"Lantern":15,"Regal Pillow":16,"Torii":30,"Snake Skull":40,"Juzu Bracelet":18,"Bag of Preparation":28,"Ancient Tea Set":35,"Empty Cage":73,"ClockworkSouvenir":18,"Nunchaku":90,"Dream Catcher":110,"Shovel":30,"Mummified Hand":43,"Ninja Scroll":51,"Gambling Chip":20,"Pantograph":48,"Toolbox":114,"Tiny Chest":30,"WingedGreaves":24,"Red Mask":13,"InkBottle":15,"Ring of the Snake":0,"Potion Belt":44,"The Specimen":52,"Golden Idol":84,"Damaru":119,"Thread and Needle":27,"PreservedInsect":50,"Omamori":35,"Frozen Egg 2":41,"Odd Mushroom":63,"Orichalcum":79,"GoldenEye":127,"White Beast Statue":49,"Mercury Hourglass":30,"Calling Bell":44,"Strange Spoon":72,"Anchor":76,"Ornamental Fan":48,"Orrery":12,"Coffee Dripper":11,"Bag of Marbles":42,"Bottled Lightning":28,"Membership Card":85,"PureWater":0,"TungstenRod":58,"FossilizedHelix":78},{"Ice Cream":525,"Calipers":94,"Gremlin Horn":113,"Vajra":143,"Bottled Tornado":83,"Boot":388,"Sozu":498,"Centennial Puzzle":351,"HornCleat":143,"Sundial":143,"Philosopher\u0027s Stone":86,"HandDrill":372,"Kunai":113,"Toxic Egg 2":415,"Girya":191,"Pear":35,"Happy Flower":26,"Astrolabe":398,"Oddly Smooth Stone":194,"Velvet Choker":369,"Eternal Feather":20,"Tingsha":185,"Pen Nib":0,"Letter Opener":185,"Paper Crane":118,"War Paint":191,"Du-Vu Doll":216,"SlaversCollar":263,"Bottled Flame":301,"Shuriken":143,"Bird Faced Urn":38,"Bronze Scales":178,"Molten Egg 2":178,"Black Star":158,"NlothsMask":219,"Meat on the Bone":325,"Pocketwatch":446,"Lantern":65,"Regal Pillow":69,"Torii":123,"Snake Skull":166,"Juzu Bracelet":77,"Bag of Preparation":113,"Ancient Tea Set":143,"Empty Cage":307,"ClockworkSouvenir":77,"Nunchaku":378,"Dream Catcher":457,"Shovel":123,"Mummified Hand":178,"Ninja Scroll":209,"Gambling Chip":83,"Pantograph":199,"Toolbox":473,"Tiny Chest":123,"WingedGreaves":97,"Red Mask":58,"InkBottle":65,"Ring of the Snake":0,"Potion Belt":185,"The Specimen":216,"Golden Idol":352,"Damaru":490,"Thread and Needle":109,"PreservedInsect":206,"Omamori":143,"Frozen Egg 2":171,"Odd Mushroom":255,"Orichalcum":334,"GoldenEye":525,"White Beast Statue":204,"Mercury Hourglass":123,"Calling Bell":185,"Strange Spoon":301,"Anchor":320,"Ornamental Fan":199,"Orrery":54,"Coffee Dripper":51,"Bag of Marbles":174,"Bottled Lightning":113,"Membership Card":356,"PureWater":0,"TungstenRod":236,"FossilizedHelix":331}],"InkBottle":[57],"Pocketwatch":[15]},"card_choices":[{"not_picked":["EmptyMind","Consecrate"],"picked":"PathToVictory","floor":1.0},{"not_picked":["Protect","Consecrate"],"picked":"FollowUp","floor":3.0},{"not_picked":["DeceiveReality","BowlingBash"],"picked":"Weave","floor":5.0},{"not_picked":["ClearTheMind","CrushJoints"],"picked":"CutThroughFate","floor":6.0},{"not_picked":["CrushJoints","FlyingSleeves"],"picked":"Brilliance","floor":11.0},{"not_picked":["EmptyFist","EmptyBody"],"picked":"DeceiveReality","floor":12.0},{"not_picked":["Halt","FlurryOfBlows"],"picked":"CutThroughFate","floor":13.0},{"not_picked":["Brilliance","Blasphemy"],"picked":"Vault","floor":16.0},{"not_picked":["SashWhip","ClearTheMind"],"picked":"PathToVictory","floor":18.0},{"not_picked":["Collect","Halt"],"picked":"FollowUp","floor":21.0},{"not_picked":["Evaluate","ClearTheMind"],"picked":"ThirdEye+1","floor":22.0},{"not_picked":["FearNoEvil+1","EmptyFist"],"picked":"JustLucky","floor":23.0},{"not_picked":["WaveOfTheHand","EmptyFist"],"picked":"Vault","floor":25.0},{"not_picked":["ClearTheMind","SignatureMove"],"picked":"Consecrate","floor":29},{"not_picked":["Crescendo","FollowUp"],"picked":"Prostrate","floor":32},{"not_picked":["Blasphemy","Wish"],"picked":"DeusExMachina","floor":33},{"not_picked":["CrushJoints+1","EmptyBody"],"picked":"Prostrate+1","floor":35},{"not_picked":["Wireheading","FlyingSleeves+1"],"picked":"WheelKick+1","floor":36},{"not_picked":["Crescendo","EmptyFist"],"picked":"Prostrate","floor":37},{"not_picked":["FollowUp+1","Prostrate+1"],"picked":"CutThroughFate+1","floor":38},{"not_picked":["EmptyMind","LikeWater+1"],"picked":"MasterReality","floor":39},{"not_picked":["BowlingBash","Collect"],"picked":"Consecrate+1","floor":40},{"not_picked":["ClearTheMind","EmptyFist+1"],"picked":"FollowUp+1","floor":42},{"not_picked":["Prostrate+1","ThirdEye+1"],"picked":"Judgement","floor":54}],"player_experience":76053,"relics_obtained":[{"floor":6.0,"key":"Dream Catcher"},{"floor":9.0,"key":"Bag of Preparation"},{"floor":20.0,"key":"Lantern"},{"floor":23.0,"key":"Eternal Feather"},{"floor":23.0,"key":"Bottled Lightning"},{"floor":26.0,"key":"White Beast Statue"},{"floor":28.0,"key":"Pantograph"},{"floor":30,"key":"Damaru"},{"floor":37,"key":"Thread and Needle"},{"floor":40,"key":"Vajra"},{"floor":40,"key":"Bag of Marbles"},{"floor":48,"key":"Kunai"},{"floor":54,"key":"Gremlin Horn"},{"floor":54,"key":"Pen Nib"}],"event_choices":[{"damage_healed":0.0,"max_hp_gain":0.0,"max_hp_loss":0.0,"gold_gain":0.0,"event_name":"betterThird:BetterSerpent","player_choice":"RENOUNCE","floor":2.0,"gold_loss":133.0,"damage_taken":133.0,"cards_obtained":["Enlightenment"]},{"damage_healed":0.0,"max_hp_gain":0.0,"max_hp_loss":0.0,"gold_gain":75.0,"event_name":"betterThird:BetterGoop","player_choice":"Gold","floor":4.0,"gold_loss":0.0,"damage_taken":11.0},{"damage_healed":0.0,"max_hp_gain":0.0,"max_hp_loss":0.0,"gold_gain":74.0,"event_name":"Golden Wing","player_choice":"Gained Gold","floor":7.0,"gold_loss":0.0,"damage_taken":0.0},{"cards_removed":["CutThroughFate"],"damage_healed":0.0,"max_hp_gain":0.0,"max_hp_loss":0.0,"gold_gain":0.0,"event_name":"WeMeetAgain","player_choice":"Gave Card","floor":10.0,"gold_loss":0.0,"damage_taken":0.0,"relics_obtained":["Ancient Tea Set"]},{"damage_healed":26.0,"max_hp_gain":0.0,"max_hp_loss":0.0,"gold_gain":0.0,"event_name":"Big Fish","player_choice":"Banana","floor":14.0,"gold_loss":0.0,"damage_taken":0.0},{"damage_healed":0.0,"max_hp_gain":0.0,"max_hp_loss":0.0,"gold_gain":0.0,"event_name":"The Library","player_choice":"Read","floor":27.0,"gold_loss":0.0,"damage_taken":0.0,"cards_obtained":["Weave"]},{"damage_healed":0,"gold_gain":0,"player_choice":"Simplicity","damage_taken":0,"max_hp_gain":0,"max_hp_loss":8,"event_name":"betterThird:BetterWriting","floor":31,"gold_loss":0},{"damage_healed":0,"gold_gain":0,"player_choice":"Fight","damage_taken":0,"max_hp_gain":0,"max_hp_loss":0,"event_name":"MindBloom","floor":37,"gold_loss":0},{"damage_healed":0,"gold_gain":0,"player_choice":"Upgraded","damage_taken":0,"max_hp_gain":0,"max_hp_loss":0,"event_name":"Upgrade Shrine","floor":45,"gold_loss":0,"cards_upgraded":["Eruption"]}],"is_beta":false,"boss_relics":[{"not_picked":["SlaversCollar","VioletLotus"],"picked":"Black Star"},{"not_picked":["Empty Cage","Coffee Dripper"],"picked":"Sozu"}],"items_purged_floors":[],"is_endless":false,"potions_floor_spawned":[5,6,22,23,25,29,33,35,36,37,38,39,40,42,54],"killed_by":"The Heart","ascension_level":0}}