{"host":"pszcj3piwl6eu8b1","time":1613753670,"event":{"mods":["2.2 Compatiblity","Act Like it!","Aspiration","BaseMod","Better Altar","Better Match","Better Note","Better Sensory Stone","Better Skull","Better Third Choice","Better Vampires","CCEM2","Downfall","Elementarium","Energized Spire","Gensokyo","GifTheSpireLib","Hallownest","Hubris","Marisa????????","Menagerie","Minty Spire (QoL Compilation)","Permanent Neow","Quarter Circle Forward PUNCH!","Quick Restart","Replay The Spire","Ruina","Shop Mod","StSLib","Stuff the Spire","The Animator","The Blue Laboratory"],"gold_per_floor":[131,143,3,3,3,3,32,395,395,395,413,443,443,443,443,518,518,518,518],"floor_reached":18,"language":"ENG","playtime":1224,"items_purged":[],"score":302,"play_id":"372fb39f-9649-4284-b6b6-9c311dd6e275","local_time":"20210219085430","is_ascension_mode":true,"campfire_choices":[{"data":"animator:Benimaru","floor":6.0,"key":"SMITH"},{"floor":10.0,"key":"RECALL"},{"data":"animator:Kaijin","floor":13.0,"key":"SMITH"},{"data":"animator:Souei","floor":15.0,"key":"SMITH"}],"circlet_count":0,"master_deck":["AscendersBane","animator:Strike_TenSura","animator:Defend_TenSura+1","animator:Strike","animator:Strike","animator:Strike","animator:Defend","animator:Defend","animator:Defend","animator:Benimaru+1","animator:Shuna","Strike_MRS","animator:Defend_RozenMaiden","animator:Shizu","animator:Souei+1","animator:ItamiYouji+1","animator:Shizu+1","animator:HigakiRinne+1","animator:Raven","animator:Souei","animator:Kaijin+1","animator:Millim","Night Terror","animator:Shiro","Languid","Writhe","downfall:Icky"],"relics":["animator:LivingPicture","animator:TheMissingPiece","animator:PurgingStone","hubris:64BitClover","qcfpunch:School_Backpack","Eternal Feather","Replay:Ancient Bell","Bronze Scales","CCEMRelics:CocoNut","animator:EngravedStaff"],"acts_visited":["Gensokyo:Gensokyo","ruina:Briah"],"potions_floor_usage":[18],"damage_taken":[{"damage":0.0,"enemies":"Gensokyo:Gryphon","floor":1.0,"turns":3.0},{"damage":6.0,"enemies":"Gensokyo:Mamizou","floor":7.0,"turns":5.0},{"damage":11.0,"enemies":"Gensokyo:Python","floor":11.0,"turns":3.0},{"damage":0.0,"enemies":"Gensokyo:3_Fairies","floor":12.0,"turns":4.0},{"damage":51.0,"enemies":"Gensokyo:Kokoro","floor":16.0,"turns":9.0},{"damage":60,"enemies":"ruina:3_Bats","floor":18,"turns":3}],"seed_played":"-8924844535202806608","potions_obtained":[{"floor":1.0,"key":"blueLaboratory:HorrorPotion"},{"floor":11.0,"key":"Slimebound:ThreeZeroPotion"},{"floor":16.0,"key":"sneckomod:MuddlingPotion"}],"is_trial":false,"path_per_floor":["M","?","?","?","?","R","E","?","T","R","M","M","R","?","R","B",null,"M"],"character_chosen":"THE_ANIMATOR","items_purchased":[],"campfire_rested":0,"item_purchase_floors":[],"current_hp_per_floor":[55,55,55,55,61,61,55,22,22,34,23,24,36,36,48,1,56,0,0],"gold":518,"neow_bonus":"THREE_RARE_CARDS","is_daily":false,"chose_seed":false,"campfire_upgraded":3,"win_rate":0.0,"timestamp":1613753670,"path_taken":["M","?","?","?","?","R","E","?","T","R","M","?","R","?","R","BOSS","M"],"items_purchased_type":[],"build_version":"2020-12-22","purchased_purges":0,"victory":false,"max_hp_per_floor":[61,61,61,61,67,67,67,67,67,67,67,68,68,68,68,68,73,73,73],"card_choices":[{"not_picked":["animator:ItamiYouji","animator:Eris"],"picked":"animator:Shizu","floor":0.0},{"not_picked":["animator:DolaCouronne","animator:DolaRiku"],"picked":"animator:Souei","floor":1.0},{"not_picked":["animator:SwordMaiden+1","animator:FeridBathory+1"],"picked":"animator:ItamiYouji+1","floor":2.0},{"not_picked":["animator:Eris+1","animator:Saitama+1"],"picked":"animator:Shizu+1","floor":2.0},{"not_picked":["animator:Father+1","animator:Saitama+1"],"picked":"animator:HigakiRinne+1","floor":2.0},{"not_picked":["animator:Elsword","animator:Fredrika"],"picked":"animator:Souei","floor":7.0},{"not_picked":["Headbutt","Havoc","Intimidate"],"picked":"SKIP","floor":11.0},{"not_picked":["animator:Rider","animator:Rena","animator:Ciel"],"picked":"SKIP","floor":11.0},{"not_picked":["animator:GazelDwargon","animator:Shuna"],"picked":"animator:Kaijin","floor":12.0},{"not_picked":["animator:Elsword","animator:LizardPriest"],"picked":"animator:Millim","floor":12.0},{"not_picked":["aspiration:Lunge","Wraith Form v2"],"picked":"Night Terror","floor":16.0},{"not_picked":["animator:SwordMaiden","animator:MadokaKaname"],"picked":"animator:Shiro","floor":16.0},{"not_picked":["Pain","ReplayTheSpireMod:Restless Dread"],"picked":"Languid","floor":17.0},{"not_picked":["Voices","downfall:Malfunctioning"],"picked":"Writhe","floor":17.0},{"not_picked":["StuffTheSpire:GnomedCurse","Shame"],"picked":"downfall:Icky","floor":17.0}],"player_experience":1430032,"relics_obtained":[{"floor":7.0,"key":"qcfpunch:School_Backpack"},{"floor":9.0,"key":"Eternal Feather"}],"event_choices":[{"damage_healed":0.0,"max_hp_gain":0.0,"max_hp_loss":0.0,"gold_gain":0.0,"event_name":"betterMatch:BetterMatch","player_choice":"3","floor":2.0,"gold_loss":0.0,"damage_taken":0.0,"cards_obtained":["betterMatch:RareCard"]},{"damage_healed":0.0,"max_hp_gain":0.0,"max_hp_loss":0.0,"gold_gain":363.0,"event_name":"betterSkull:BetterSkull","player_choice":"GO GO GO GO ","floor":8.0,"gold_loss":0.0,"damage_taken":37.0,"cards_upgraded":[],"relics_obtained":[]}],"is_beta":false,"boss_relics":[{"not_picked":["ReplayTheSpireMod:DimensionalGlitch","Fusion Hammer"],"picked":"Replay:Ancient Bell"},{"not_picked":["Art of War","animator:WornHelmet"],"picked":"Bronze Scales"},{"not_picked":["CCEMRelics:GlassOfMilk","Replay:Bottled Eggs"],"picked":"CCEMRelics:CocoNut"},{"not_picked":["Pocketwatch","WingedGreaves"],"picked":"animator:EngravedStaff"}],"items_purged_floors":[],"is_endless":false,"potions_floor_spawned":[1,11,16],"killed_by":"ruina:3_Bats","ascension_level":20}}