{"host":"9rqk712yu6s3287p","time":1613752388,"event":{"mods":["ATMod(°¢èªMod)","Act Like it!","BaseMod","CapriCore","Chen","Gensokyo","Googly Eyes","Marisa£¨ìFÓê¡¡Ä§ÀíÉ³£©","Minty Spire (QoL Compilation)","MostiFishMod","Onozuka Komachi Mod","Reimu£¨²©ÀöÁéÃÎ£©","Remilia_Scarlet Moed£¨ÀÙÃ×ÀòÑÇ¡¤Ë¹¿¨À×ÌØ£©3.3.5","Remilia£¨ÀÙÃ×ÀòÑÇ£©","RumiaBox-Â¶Ã×æ«µÄÉñÃØºĞ×Ó","StSLib","The Administrix","The Immortal","The Servant 0.9.4","Yakumo Yukari mod","Youmu£¨»êÆÇÑıÃÎ£©","Yuyuko","[IsaacMod]ÒÔÈö¼âËş","¡¾ÒÅÎï¿¨ÅÆ¡¿REMEMod"],"gold_per_floor":[110,35,51,71,87,116,116,116],"floor_reached":7,"language":"ZHS","playtime":235,"items_purged":["Faramita\u0027s Temptation"],"score":106,"play_id":"609d7068-dc1e-4ae9-8b09-e183f0361420","local_time":"20210220003308","daily_mods":["Vintage","Heirloom","Time Dilation","Flight","Elite Swarm","Lethality","Binary"],"is_ascension_mode":true,"campfire_choices":[],"circlet_count":0,"master_deck":["AscendersBane","Fantasy Butterflies","Fantasy Butterflies","Fantasy Butterflies","Fantasy Butterflies","Fantasy Butterflies","Dreamy Sakura","Dreamy Sakura","Dreamy Sakura","Dreamy Sakura","Dreamy Sakura","Deathly Ground"],"relics":["Coronal","Yuyuko\u0027s fan","Busted Crown","AT_ATBox","DaveBox","REME_ComplimentaryCards","HushsDoor","BFFS","DianPoetry","HollowDreamFlower","Thread and Needle","SynthV:TestCard","Potion Belt","Regal Pillow","Ghost Lamp","StoneCalendar"],"acts_visited":["Exordium"],"potions_floor_usage":[],"damage_taken":[{"damage":2.0,"enemies":"Small Slimes","floor":1.0,"turns":2.0},{"damage":2.0,"enemies":"Cultist","floor":3.0,"turns":2.0},{"damage":10.0,"enemies":"2 Louse","floor":4.0,"turns":2.0},{"damage":9.0,"enemies":"Looter","floor":5.0,"turns":2.0},{"damage":17.0,"enemies":"3 Sentries","floor":6.0,"turns":4.0},{"damage":0,"enemies":"Lagavulin","floor":7,"turns":1}],"seed_played":"-352019289994750453","potions_obtained":[{"floor":5.0,"key":"GamblersBrew"}],"is_trial":true,"path_per_floor":["M","$","M","M","M","E","E"],"character_chosen":"YUYOKO","items_purchased":[],"campfire_rested":0,"item_purchase_floors":[],"current_hp_per_floor":[35,35,35,35,32,33,37,37],"gold":116,"neow_bonus":"","is_daily":false,"chose_seed":false,"campfire_upgraded":0,"win_rate":0.0,"timestamp":1613752388,"path_taken":["M","$","M","M","M","E","E"],"items_purchased_type":[],"build_version":"2020-12-22","purchased_purges":1,"victory":false,"max_hp_per_floor":[37,37,37,37,37,37,37,37],"card_choices":[{"not_picked":["Remain Here","Dying Dream"],"picked":"SKIP","floor":6.0}],"player_experience":567800,"relics_obtained":[{"floor":1.0,"key":"Thread and Needle"},{"floor":1.0,"key":"SynthV:TestCard"},{"floor":3.0,"key":"Potion Belt"},{"floor":4.0,"key":"Regal Pillow"},{"floor":5.0,"key":"Ghost Lamp"},{"floor":6.0,"key":"StoneCalendar"}],"event_choices":[],"is_beta":false,"boss_relics":[],"items_purged_floors":[2],"is_endless":false,"potions_floor_spawned":[5],"killed_by":"Lagavulin","ascension_level":20}}