{"host":"htvce8wym9d6pe5b","time":1613738700,"event":{"mods":["Act Like it!","BaseMod","Colored Map","Conspire","Downfall","Duelist Mod","Hermit","Highlight Path","Hubris","Infinite Spire","Jorbs\u0027s Wanderer Trilogy","Minty Spire (QoL Compilation)","Replay The Spire","StSLib","The Bug Knight","The Cursed","The Disciple","The Hierophant","The Runesmith"],"gold_per_floor":[0,25,10,10,26,26,53,41,59,59,59,59,59,59,59,165,165,65,84,112,112],"floor_reached":20,"language":"ENG","playtime":599,"items_purged":["sneckomod:UnknownCommonSkill"],"score":210,"play_id":"6daa17f2-b3c4-4e00-90f7-ad9374e35f82","local_time":"20210219064500","daily_mods":["Insanity","Diverse","Colorless Cards"],"is_ascension_mode":false,"campfire_choices":[{"floor":1,"key":"RECALL"},{"data":"expansioncontent:QuickStudy","floor":13,"key":"SMITH"},{"data":"Infinite Blades","floor":18,"key":"SMITH"}],"circlet_count":0,"master_deck":["Strike_G","Strike_B","hubris:Strike_Merchant","Defend_R","Defend_G","Defend_B","hubris:Defend_Merchant","hubris:MerchantsHand","hubris:MerchantsHand","All Out Attack","Double Energy","theDuelist:VampireFraulein","Infinite Blades+1","expansioncontent:QuickStudy+1","Quick Slash","bronze:Branch","HollowMod:RecoilStrike","Replay:Parry+1","Echo Form","Tempo+1","Lockon"],"relics":["Smiling Mask","hubris:NiceRug","Ring of Chaos","replay:Trail_Library","NeowsBlessing","Juzu Bracelet","NeowsBlessing","NeowsBlessing","NeowsBlessing","Ring of Chaos","downfall:HeartBlessingRed"],"acts_visited":["Exordium","TheCity"],"potions_floor_usage":[],"damage_taken":[{"damage":10,"enemies":"Cultist","floor":2,"turns":4},{"damage":5,"enemies":"downfall:FleeingMerchant","floor":3,"turns":4},{"damage":0,"enemies":"Small Slimes","floor":5,"turns":1},{"damage":0,"enemies":"downfall:FleeingMerchant","floor":8,"turns":1},{"damage":0,"enemies":"Jaw Worm","floor":9,"turns":1},{"damage":0,"enemies":"IC_STATUS_ARCHETYPE","floor":16,"turns":1},{"damage":0,"enemies":"Shell Parasite","floor":19,"turns":1},{"damage":0,"enemies":"Spheric Guardian","floor":20,"turns":1}],"seed_played":"-2648187156295664052","potions_obtained":[{"floor":2,"key":"Adrenaline Potion"},{"floor":9,"key":"SteroidPotion"}],"is_trial":true,"path_per_floor":["R","M","$","WH","M","WH","T","$","M","WH","WH","?","R","?","WH","B",null,"R","M","M"],"character_chosen":"DEFECT","items_purchased":["expansioncontent:QuickStudy","Quick Slash","bronze:Branch"],"campfire_rested":0,"item_purchase_floors":[8,8,8],"current_hp_per_floor":[75,65,60,60,60,67,67,67,67,67,67,67,67,67,67,67,82,82,82,82,82],"gold":112,"neow_bonus":"THREE_ENEMY_KILL","is_daily":false,"chose_seed":false,"campfire_upgraded":2,"win_rate":0.0,"timestamp":1613738700,"path_taken":["R","M","?","WH","?","WH","T","$","M","WH","WH","?","R","?","WH","BOSS","R","M","M"],"items_purchased_type":["Card","Card","Card"],"build_version":"2020-12-22","purchased_purges":1,"victory":false,"max_hp_per_floor":[75,75,75,75,75,82,82,82,82,82,82,82,82,82,82,82,82,82,82,82,82],"card_choices":[{"not_picked":["theDuelist:GraydleEagle","theDuelist:BlastMagician"],"picked":"All Out Attack","floor":2},{"not_picked":["After Image","bronze:Iterate"],"picked":"Double Energy","floor":3},{"not_picked":["hermit:Quickdraw","LockedAnchor"],"picked":"theDuelist:VampireFraulein","floor":5},{"not_picked":["Runesmith:RuneHurl","Bane"],"picked":"Infinite Blades","floor":8},{"not_picked":["TheCursedMod:Stretching","hexamod:GhostOfSpirePast"],"picked":"HollowMod:RecoilStrike","floor":9},{"not_picked":["Slimebound:LeechLife","Grand Finale"],"picked":"Echo Form","floor":16},{"not_picked":["theDuelist:MeteorDestruction","theDuelist:MoltenDestruction+1"],"picked":"Tempo+1","floor":19},{"not_picked":["hermit:HoleUp","theDuelist:RockstoneWarrior"],"picked":"Lockon","floor":20}],"player_experience":8964,"relics_obtained":[{"floor":7,"key":"Juzu Bracelet"}],"event_choices":[{"damage_healed":0,"gold_gain":0,"player_choice":"Leave","damage_taken":0,"max_hp_gain":0,"max_hp_loss":0,"event_name":"The Cleric","floor":14,"gold_loss":0}],"is_beta":false,"boss_relics":[{"not_picked":["Nuclear Battery","Replay:Drink Me"],"picked":"Ring of Chaos"}],"items_purged_floors":[8],"is_endless":false,"potions_floor_spawned":[2,9,19],"killed_by":"Spheric Guardian","ascension_level":0}}