{"host":"tlbbab9afexrkdtf","time":1613773978,"event":{"mods":["2.2 Compatiblity","AchievementEnabler","BaseMod","Colored Map","Colored Powertips","Minty Spire (QoL Compilation)","Rare Cards Sparkle","StSLib"],"gold_per_floor":[365,36,48,61,79,79,133,8,89,89,108,108,123,123,123],"floor_reached":14,"language":"ENG","playtime":316,"items_purged":[],"score":133,"play_id":"9fff0b14-64b3-4054-b5e0-70ba97cec87d","local_time":"20210219173258","is_ascension_mode":true,"campfire_choices":[{"floor":6,"key":"REST"},{"floor":12,"key":"REST"}],"circlet_count":0,"master_deck":["Strike_B","Strike_B","Strike_B","Strike_B","Defend_B","Defend_B","Defend_B","Defend_B","Zap","Dualcast","Go for the Eyes","Defragment","Creative AI","Conserve Battery","Chill","Conserve Battery","Storm","Coolheaded","Injury","Conserve Battery","Consume"],"relics":["Cracked Core","Mercury Hourglass","Girya","Ornamental Fan","Golden Idol"],"acts_visited":["Exordium"],"potions_floor_usage":[7,13,13],"damage_taken":[{"damage":0,"enemies":"2 Louse","floor":1,"turns":1},{"damage":0,"enemies":"Jaw Worm","floor":3,"turns":3},{"damage":0,"enemies":"Small Slimes","floor":4,"turns":2},{"damage":5,"enemies":"Blue Slaver","floor":5,"turns":3},{"damage":38,"enemies":"Gremlin Nob","floor":7,"turns":5},{"damage":5,"enemies":"Large Slime","floor":11,"turns":6},{"damage":20,"enemies":"Exordium Thugs","floor":13,"turns":6},{"damage":29,"enemies":"Lagavulin","floor":14,"turns":5}],"seed_played":"7954860139208730343","potions_obtained":[{"floor":4,"key":"ColorlessPotion"},{"floor":7,"key":"ColorlessPotion"},{"floor":11,"key":"Swift Potion"},{"floor":13,"key":"SteroidPotion"}],"is_trial":false,"path_per_floor":["M","$","M","M","M","R","E","$","T","?","M","R","M","E"],"character_chosen":"DEFECT","items_purchased":["Mercury Hourglass","Defragment","Storm","Coolheaded"],"campfire_rested":2,"item_purchase_floors":[2,2,8,8],"current_hp_per_floor":[68,68,68,68,63,68,30,30,30,30,25,45,25,0,0],"gold":123,"neow_bonus":"TWO_FIFTY_GOLD","is_daily":false,"chose_seed":false,"campfire_upgraded":0,"win_rate":0.0,"timestamp":1613773978,"path_taken":["M","$","M","M","M","R","E","$","T","?","M","R","M","E"],"items_purchased_type":["Relic","Card","Card","Card"],"build_version":"2020-12-22","purchased_purges":0,"victory":false,"max_hp_per_floor":[68,68,68,68,68,68,68,68,68,68,68,68,68,68,68],"card_choices":[{"not_picked":["Turbo","Leap"],"picked":"Go for the Eyes","floor":1},{"not_picked":["Turbo","Recycle"],"picked":"Creative AI","floor":3},{"not_picked":["Go for the Eyes","Redo"],"picked":"Conserve Battery","floor":4},{"not_picked":["Scrape","Double Energy"],"picked":"Chill","floor":5},{"not_picked":["Barrage","Leap"],"picked":"Conserve Battery","floor":7},{"not_picked":["Rebound","Reinforced Body"],"picked":"Conserve Battery","floor":11},{"not_picked":["Compile Driver","Cold Snap"],"picked":"Consume","floor":13}],"player_experience":339975,"relics_obtained":[{"floor":7,"key":"Girya"},{"floor":9,"key":"Ornamental Fan"}],"event_choices":[{"damage_healed":0,"gold_gain":0,"player_choice":"Take Wound","damage_taken":0,"relics_obtained":["Golden Idol"],"max_hp_gain":0,"max_hp_loss":0,"event_name":"Golden Idol","floor":10,"gold_loss":0,"cards_obtained":["Injury"]}],"is_beta":false,"boss_relics":[],"items_purged_floors":[],"is_endless":false,"potions_floor_spawned":[4,7,11,13],"killed_by":"Lagavulin","ascension_level":9}}