{"host":"i0m6ffz3lpe3z1ky","time":1613744244,"event":{"mods":["Aspiration","BaseMod","Bestiary","BetterRewards","Colored Map","Conspire","Energized Spire","Highlight Path","Hubris","Ironclad Rager","Minty Spire (QoL Compilation)","Quick Restart","Reliquary","Shop Mod","Spicy Shops","StSLib","Thieving Mod"],"gold_per_floor":[112,124,135,135,145,145,175,175,224,499,499,517,548,561,561,561,561],"floor_reached":16,"language":"KOR","playtime":808,"items_purged":[],"score":194,"play_id":"5bfe4005-4a43-4568-9818-e7d5ead363e4","local_time":"20210219231724","is_ascension_mode":true,"campfire_choices":[{"data":"Shrug It Off","floor":6.0,"key":"SMITH"},{"data":"Fire Breathing","floor":8.0,"key":"SMITH"},{"data":"Spot Weakness","floor":15,"key":"SMITH"}],"circlet_count":0,"master_deck":["Strike_R","Strike_R","Strike_R","Strike_R","Strike_R","Defend_R","Defend_R","Defend_R","Defend_R","Bash","Fire Breathing+1","Shrug It Off+1","Seeing Red","Battle Trance","Spot Weakness+1","Shrug It Off"],"relics":["Burning Blood","reliquary:Stiletto","Matryoshka","Question Card","Omamori","Sling","reliquary:TridentHead","PreservedInsect","Juzu Bracelet","hubris:Towel","Anchor","Toy Ornithopter","Smiling Mask","hubris:Reverence"],"acts_visited":["Exordium"],"potions_floor_usage":[13,13],"damage_taken":[{"damage":1.0,"enemies":"Cultist","floor":1.0,"turns":4.0},{"damage":2.0,"enemies":"Small Slimes","floor":2.0,"turns":5.0},{"damage":0.0,"enemies":"Jaw Worm","floor":3.0,"turns":5.0},{"damage":12.0,"enemies":"Red Slaver","floor":5.0,"turns":8.0},{"damage":5.0,"enemies":"3 Sentries","floor":7.0,"turns":4.0},{"damage":16,"enemies":"Gremlin Gang","floor":12,"turns":5},{"damage":10,"enemies":"Lagavulin","floor":13,"turns":7},{"damage":0,"enemies":"2 Fungi Beasts","floor":14,"turns":2},{"damage":46,"enemies":"The Guardian","floor":16,"turns":18}],"seed_played":"639613706517361726","potions_obtained":[{"floor":1.0,"key":"SteroidPotion"},{"floor":5.0,"key":"FearPotion"},{"floor":13,"key":"SneckoOil"}],"is_trial":false,"path_per_floor":["M","M","M","?","M","R","E","R","T","?","?","M","E","M","R","B"],"character_chosen":"IRONCLAD","items_purchased":["reliquary:Stiletto","Matryoshka","Question Card","Omamori","Sling","reliquary:TridentHead","ThievingMod:ThievingPotion","PreservedInsect","Juzu Bracelet"],"campfire_rested":0,"item_purchase_floors":[0,0,0,0,0,0,0,0,0],"current_hp_per_floor":[37,41,47,47,41,41,42,42,42,42,42,32,38,44,44,0,0],"gold":561,"neow_bonus":"","is_daily":false,"chose_seed":false,"campfire_upgraded":3,"win_rate":0.0,"timestamp":1613744244,"path_taken":["M","M","M","?","M","R","E","R","T","?","?","M","E","M","R","BOSS"],"items_purchased_type":["Relic","Relic","Relic","Relic","Relic","Relic","Potion","Relic","Relic"],"build_version":"2020-12-22","purchased_purges":0,"victory":false,"max_hp_per_floor":[80,80,80,80,80,80,80,80,80,80,80,80,80,80,80,80,80],"card_choices":[{"not_picked":["Evolve","Twin Strike","Fire Breathing","Dual Wield"],"picked":"SKIP","floor":1.0},{"not_picked":["Evolve","Twin Strike","Dual Wield"],"picked":"Fire Breathing","floor":1.0},{"not_picked":["Flex","True Grit","hubris:SharpeningStone"],"picked":"Shrug It Off","floor":2.0},{"not_picked":["Sentinel","Perfected Strike","True Grit"],"picked":"Seeing Red","floor":3.0},{"not_picked":["Second Wind","Twin Strike","Anger","Ghostly Armor"],"picked":"SKIP","floor":5.0},{"not_picked":["Shrug It Off","Second Wind","Wild Strike"],"picked":"Battle Trance","floor":7.0},{"not_picked":["Reckless Charge","Anger","hubris:ReadiedAction","Warcry"],"picked":"SKIP","floor":12},{"not_picked":["True Grit","Reckless Charge","Ghostly Armor"],"picked":"Spot Weakness","floor":13},{"not_picked":["Flex","Sword Boomerang","Infernal Blade"],"picked":"Shrug It Off","floor":14}],"player_experience":419229,"relics_obtained":[{"floor":7.0,"key":"Anchor"},{"floor":9.0,"key":"Toy Ornithopter"},{"floor":9.0,"key":"Smiling Mask"},{"floor":13,"key":"hubris:Reverence"}],"event_choices":[{"damage_healed":0.0,"max_hp_gain":0.0,"max_hp_loss":0.0,"gold_gain":275.0,"event_name":"Golden Shrine","player_choice":"Desecrate","floor":10.0,"gold_loss":0.0,"damage_taken":0.0,"cards_obtained":["Regret"]},{"damage_healed":0.0,"max_hp_gain":0.0,"max_hp_loss":0.0,"gold_gain":0.0,"event_name":"conspire:Investor","player_choice":"Leave","floor":11.0,"gold_loss":0.0,"damage_taken":0.0}],"is_beta":false,"boss_relics":[],"items_purged_floors":[],"is_endless":false,"potions_floor_spawned":[1,5,13],"killed_by":"The Guardian","ascension_level":4}}