{"host":"o3b7ow6d1xe49css","time":1613723810,"event":{"mods":["Aspiration","BaseMod","Better Altar","Better Match","Better Note","Better Sensory Stone","Better Skull","Better Third Choice","Colored Powertips","Conspire","Energized Spire","Force Act Four","GifTheSpireLib","Halation","Hubris","Lobotomy","Minty Spire (QoL Compilation)","Relic Filter Mod","Reliquary","Replay The Spire","Spicy Shops","Spikes Relics","StSLib","Stuff the Spire","The Blue Laboratory","Together in Spire"],"gold_per_floor":[110,130,146,146,162,188,43,43,43,78,92,110,125,142,142,237,237,347,51,1,1,18,43,43,58,82,82,7,7,136,147,147,251,251,264,264,264,281,281,307,307,39,39,39,71,87,106,133,133,133,33,59,59],"floor_reached":54,"language":"ENG","playtime":3087,"items_purged":["hubris:Greed","Writhe"],"score":1352,"play_id":"e0b48a0b-7dfc-4cb9-9503-35508759e149","local_time":"20210218233650","is_ascension_mode":false,"campfire_choices":[{"data":"Glass Knife","floor":8,"key":"SMITH"},{"data":"conspire:PoisonWeapons","floor":24,"key":"SMITH"},{"data":"Bullet Time","floor":27,"key":"SMITH"},{"data":"ReplayTheSpireMod:From All Sides","floor":29,"key":"SMITH"},{"data":"Prepared","floor":32,"key":"SMITH"},{"data":"Blade Dance","floor":41,"key":"SMITH"},{"data":"StuffTheSpire:BrainWave","floor":49,"key":"SMITH"},{"data":"Acrobatics","floor":50,"key":"SMITH"}],"circlet_count":0,"master_deck":["Strike_G","Strike_G","Strike_G","Strike_G","Strike_G","Defend_G","Defend_G","Defend_G","Defend_G","Defend_G","Survivor","Neutralize","Predator","ReplayTheSpireMod:From All Sides+1","Dagger Spray","Glass Knife+1","Prepared+1","conspire:PoisonWeapons+1","Bullet Time+1","Masterful Stab+1","Blade Dance+1","Prepared+1","Malaise","StuffTheSpire:BrainWave+1","hubris:NaturalOne","Die Die Die","ReplayTheSpireMod:Scrap Shanks+1","Acrobatics+1","Leg Sweep+1"],"relics":["Ring of the Snake","aspiration:Nostalgia","Burning Blood","CaptainsWheel","Letter Opener","BrokenLever","hubris:Icosahedron","Cursed Key","conspire:TreasureMap","Frozen Egg 2","reliquary:Aerogel","aspiration:ChemicalBlood","ReplayTheSpireMod:Ninjato","hubris:Backtick","BicycleWheel","hubris:Towel","reliquary:Firecrackers","ClockworkSouvenir","ReplayFunnel","hubris:SphereOfDissonance","StuffTheSpire:Tea","WristBlade","Strawberry"],"acts_visited":["Exordium","TheCity","TheBeyond","TheEnding"],"potions_floor_usage":[6,10,16,16,16,23,30,30,30,33,38,45,46,53,53,53],"damage_taken":[{"damage":3,"enemies":"Jaw Worm","floor":1,"turns":2},{"damage":0,"enemies":"Small Slimes","floor":2,"turns":2},{"damage":0,"enemies":"Cultist","floor":3,"turns":2},{"damage":2,"enemies":"Exordium Thugs","floor":5,"turns":2},{"damage":4,"enemies":"3 Sentries","floor":6,"turns":5},{"damage":8,"enemies":"Lagavulin","floor":10,"turns":3},{"damage":0,"enemies":"2 Fungi Beasts","floor":11,"turns":1},{"damage":4,"enemies":"3 Louse","floor":12,"turns":2},{"damage":0,"enemies":"Large Slime","floor":13,"turns":1},{"damage":0,"enemies":"Exordium Wildlife","floor":14,"turns":2},{"damage":17,"enemies":"Hexaghost","floor":16,"turns":5},{"damage":0,"enemies":"conspire:FuzzyDice","floor":18,"turns":4},{"damage":6,"enemies":"2 Thieves","floor":22,"turns":4},{"damage":12,"enemies":"Book of Stabbing","floor":23,"turns":4},{"damage":1,"enemies":"Centurion and Healer","floor":25,"turns":5},{"damage":2,"enemies":"Slavers","floor":30,"turns":5},{"damage":1,"enemies":"Sentry and Sphere","floor":31,"turns":3},{"damage":24,"enemies":"Pondfish","floor":33,"turns":9},{"damage":29,"enemies":"3 Shapes","floor":35,"turns":4},{"damage":9,"enemies":"3 Darklings","floor":38,"turns":4},{"damage":0,"enemies":"Nemesis","floor":40,"turns":4},{"damage":0,"enemies":"Giant Head","floor":45,"turns":3},{"damage":0,"enemies":"Writhing Mass","floor":46,"turns":1},{"damage":0,"enemies":"Maw","floor":47,"turns":1},{"damage":0,"enemies":"R_Hoarder","floor":48,"turns":1},{"damage":0,"enemies":"Shield and Spear","floor":52,"turns":2},{"damage":11,"enemies":"The Heart","floor":53,"turns":2}],"seed_played":"-7106892961918365367","potions_obtained":[{"floor":3,"key":"CunningPotion"},{"floor":6,"key":"SneckoOil"},{"floor":11,"key":"blueLaboratory:FruitPunch"},{"floor":12,"key":"blueLaboratory:FruitPunch"},{"floor":13,"key":"blueLaboratory:StoneskinPotion"},{"floor":16,"key":"Strength Potion"},{"floor":23,"key":"Energy Potion"},{"floor":25,"key":"Strength Potion"},{"floor":38,"key":"Swift Potion"},{"floor":45,"key":"blueLaboratory:BlinkPotion"},{"floor":46,"key":"Swift Potion"}],"is_trial":false,"path_per_floor":["M","M","M","?","M","E","$","R","T","E","M","M","M","M","R","B",null,"M","$","?","?","M","E","R","M","T","R","$","R","E","M","R","B",null,"M","?","?","M","?","E","R","$","T","$","E","M","M","E","R","R","$","E","B",null],"character_chosen":"THE_SILENT","items_purchased":["Glass Knife","conspire:TreasureMap","Frozen Egg 2","ReplayTheSpireMod:Scrap Shanks+1","ClockworkSouvenir","SkillPotion"],"campfire_rested":0,"item_purchase_floors":[7,19,19,42,42,42],"current_hp_per_floor":[70,70,70,70,70,70,70,70,70,68,70,70,70,70,70,63,74,74,74,74,71,71,65,65,70,70,70,70,70,71,71,71,53,71,48,48,48,45,45,51,51,51,51,51,57,63,64,64,64,64,64,71,66],"gold":59,"neow_bonus":"NOSTALGIA","is_daily":false,"chose_seed":false,"campfire_upgraded":8,"win_rate":0.0,"timestamp":1613723810,"path_taken":["M","M","M","?","M","E","$","R","T","E","M","M","M","M","R","BOSS","M","$","?","?","M","E","R","M","T","R","?","R","E","M","R","BOSS","M","?","?","?","?","E","R","$","T","$","E","M","M","E","R","R","$","E","BOSS"],"items_purchased_type":["Card","Relic","Relic","Card","Relic","Potion"],"build_version":"2020-12-22","purchased_purges":2,"victory":true,"max_hp_per_floor":[70,70,70,70,70,70,70,70,70,70,70,70,70,70,70,74,74,74,74,74,71,71,71,71,71,71,71,71,71,71,71,71,71,71,71,71,71,71,64,64,64,64,64,64,64,64,64,64,64,64,64,71,71],"card_choices":[{"not_picked":["StuffTheSpire:ClusterCrunch","Blur","Dodge and Roll"],"picked":"SKIP","floor":1},{"not_picked":["StuffTheSpire:Injection","StuffTheSpire:DoubleShiv"],"picked":"Predator","floor":2},{"not_picked":["Sucker Punch","Slice","Outmaneuver"],"picked":"SKIP","floor":3},{"not_picked":["Deadly Poison","StuffTheSpire:Sprint"],"picked":"ReplayTheSpireMod:From All Sides","floor":5},{"not_picked":["PiercingWail","Prepared"],"picked":"Dagger Spray","floor":6},{"not_picked":["Cloak And Dagger","Deflect"],"picked":"Prepared","floor":10},{"not_picked":["StuffTheSpire:Injection","Bane","StuffTheSpire:Python"],"picked":"SKIP","floor":11},{"not_picked":["StuffTheSpire:Sprint","StuffTheSpire:Shiver","ShadowRift"],"picked":"SKIP","floor":12},{"not_picked":["Poison Darts","Sneak Up"],"picked":"conspire:PoisonWeapons","floor":13},{"not_picked":["Outmaneuver","Deflect","Fluid Movement"],"picked":"SKIP","floor":14},{"not_picked":["Malaise","Phantasmal Killer"],"picked":"Bullet Time","floor":16},{"not_picked":["Dagger Spray","Deadly Poison","Choke"],"picked":"SKIP","floor":18},{"not_picked":["Hidden Blade","Poisoned Stab"],"picked":"Masterful Stab+1","floor":22},{"not_picked":["StuffTheSpire:BumpUp","aspiration:Lunge"],"picked":"Blade Dance","floor":23},{"not_picked":["StuffTheSpire:Repulse","Slice","Poisoned Stab+1"],"picked":"SKIP","floor":25},{"not_picked":["Sucker Punch","StuffTheSpire:Injection+1","Venomology"],"picked":"SKIP","floor":30},{"not_picked":["Flying Knee","StuffTheSpire:BumpUp"],"picked":"Prepared+1","floor":31},{"not_picked":["Poison Darts","Unload"],"picked":"Malaise","floor":33},{"not_picked":["Underhanded Strike","Dagger Throw","hubris:Counter+1"],"picked":"SKIP","floor":35},{"not_picked":["Dodge and Roll","StuffTheSpire:ClusterCrunch","StuffTheSpire:DoubleShiv+1"],"picked":"SKIP","floor":38},{"not_picked":["Sucker Punch","Replay:Poison Smokescreen"],"picked":"Die Die Die","floor":40},{"not_picked":["Poisoned Stab","Flying Knee"],"picked":"Acrobatics","floor":45},{"not_picked":["Sucker Punch+1","Grand Finale","StuffTheSpire:Repulse+1"],"picked":"SKIP","floor":46},{"not_picked":["Sucker Punch+1","Grand Finale","StuffTheSpire:Repulse+1"],"picked":"SKIP","floor":46},{"not_picked":["Dodge and Roll+1","StuffTheSpire:Python+1","Backflip+1"],"picked":"SKIP","floor":47},{"not_picked":["Skewer+1","Hidden Blade+1"],"picked":"Leg Sweep+1","floor":48},{"not_picked":["StuffTheSpire:Sprint+1","StuffTheSpire:BumpUp","StuffTheSpire:Fury+1"],"picked":"SKIP","floor":52}],"player_experience":1351008,"relics_obtained":[{"floor":6,"key":"CaptainsWheel"},{"floor":9,"key":"Letter Opener"},{"floor":10,"key":"BrokenLever"},{"floor":23,"key":"reliquary:Aerogel"},{"floor":26,"key":"aspiration:ChemicalBlood"},{"floor":30,"key":"ReplayTheSpireMod:Ninjato"},{"floor":40,"key":"reliquary:Firecrackers"},{"floor":43,"key":"ReplayFunnel"},{"floor":45,"key":"hubris:SphereOfDissonance"},{"floor":48,"key":"StuffTheSpire:Tea"},{"floor":52,"key":"Strawberry"}],"event_choices":[{"damage_healed":0,"gold_gain":0,"player_choice":"Bet on Murderer","damage_taken":0,"max_hp_gain":0,"max_hp_loss":0,"event_name":"The Joust","floor":20,"gold_loss":50},{"cards_removed":["Parasite"],"damage_healed":0,"gold_gain":0,"player_choice":"Purged","damage_taken":0,"max_hp_gain":0,"max_hp_loss":0,"event_name":"Purifier","floor":21,"gold_loss":0},{"damage_healed":0,"gold_gain":0,"player_choice":"Ignored","damage_taken":0,"max_hp_gain":0,"max_hp_loss":0,"event_name":"betterThird:BetterPortal","floor":37,"gold_loss":0}],"is_beta":false,"boss_relics":[{"not_picked":["halation:LoveArrow","hubris:HollowSoul"],"picked":"Cursed Key"},{"not_picked":["SacredBark","Fusion Hammer"],"picked":"hubris:Backtick"}],"items_purged_floors":[28,51],"is_endless":false,"potions_floor_spawned":[3,6,11,12,13,16,23,25,38,45,46,47,52],"ascension_level":0}}