{"host":"ifd7sfhtlbe34qll","time":1613710991,"event":{"mods":["2.2 Compatiblity","Act Like it!","Ascension Unlocker","BaseMod","Block Reminder","Colored Map","Curses Come First","Downfall","Highlight Path","Minty Spire (QoL Compilation)","Potion Indicator Mod","Quick Restart","Random Character Button","Relic Stats","StSLib","SuperFastMode"],"gold_per_floor":[349,365,380,380,392,405,428,470,499,499,72,107,107,135,163,163,163,163],"floor_reached":16,"language":"ENG","playtime":857,"items_purged":["hexamod:Strike"],"score":278,"play_id":"7dd1a129-2b99-4d45-9fb5-450276b7f0e4","local_time":"20210218230311","is_ascension_mode":true,"campfire_choices":[{"data":"hexamod:Sear","floor":1,"key":"SMITH"},{"floor":10,"key":"REST"},{"floor":13,"key":"REST"}],"circlet_count":0,"master_deck":["AscendersBane","hexamod:Strike","hexamod:Strike+1","hexamod:Strike+1","hexamod:Defend","hexamod:Defend","hexamod:Defend","hexamod:Defend","hexamod:Sear+1","hexamod:Float","hexamod:FourthSeal","hexamod:PhantomFireball","hexamod:DynamicBlow","hexamod:NightmareGuise","hexamod:PhantomFireball","hexamod:GhostOfSpireFuture","hexamod:FlamesFromBeyond","hexamod:RadiantFlame","hexamod:ExtraCrispy","hexamod:ApocalypseNow","hexamod:ThermalTransfer"],"relics":["hexamod:SpiritBrand","Whetstone","CeramicFish","hexamod:InflammatoryLetter","Omamori"],"acts_visited":["Exordium"],"potions_floor_usage":[5,8,9,11,14,16,16],"damage_taken":[{"damage":0,"enemies":"2 Louse","floor":2,"turns":4},{"damage":1,"enemies":"Cultist","floor":3,"turns":4},{"damage":0,"enemies":"Jaw Worm","floor":5,"turns":1},{"damage":14,"enemies":"Lots of Slimes","floor":6,"turns":5},{"damage":24,"enemies":"Lagavulin","floor":8,"turns":8},{"damage":1,"enemies":"Large Slime","floor":9,"turns":6},{"damage":0,"enemies":"downfall:FleeingMerchant","floor":11,"turns":4},{"damage":0,"enemies":"Gremlin Nob","floor":12,"turns":3},{"damage":4,"enemies":"Red Slaver","floor":14,"turns":2},{"damage":18,"enemies":"Exordium Thugs","floor":15,"turns":5},{"damage":18,"enemies":"DF_ARCHETYPE_STREAMLINE","floor":16,"turns":3}],"seed_played":"1955358793889211675","potions_obtained":[{"floor":3,"key":"hexamod:SoulburnPotion"},{"floor":4,"key":"SneckoOil"},{"floor":5,"key":"champ:CounterPotion"},{"floor":8,"key":"Dexterity Potion"},{"floor":9,"key":"BlessingOfTheForge"},{"floor":11,"key":"SteroidPotion"},{"floor":14,"key":"Guardian:BlockOnCardUsePotion"},{"floor":15,"key":"CultistPotion"}],"is_trial":false,"path_per_floor":["R","M","M","?","M","M","T","E","M","R","$","E","R","M","M","B"],"character_chosen":"THE_SPIRIT","items_purchased":["hexamod:InflammatoryLetter","hexamod:RadiantFlame"],"campfire_rested":2,"item_purchase_floors":[11,11],"current_hp_per_floor":[42,42,41,41,41,27,27,3,2,20,20,20,38,34,16,0,0,0],"gold":163,"neow_bonus":"TWO_FIFTY_GOLD","is_daily":false,"chose_seed":false,"campfire_upgraded":1,"win_rate":0.0,"timestamp":1613710991,"path_taken":["R","M","M","?","M","M","T","E","M","R","$","E","R","M","M","BOSS"],"items_purchased_type":["Relic","Card"],"build_version":"2020-12-22","purchased_purges":1,"victory":false,"max_hp_per_floor":[63,63,63,63,63,63,63,63,63,63,63,63,63,63,63,63,63,63],"relic_stats":{"counters":[11,45],"CeramicFish":63,"Whetstone":["hexamod:Strike","hexamod:Strike"],"obtain_stats":[{"CeramicFish":8,"hexamod:InflammatoryLetter":11,"Omamori":12,"Whetstone":7,"hexamod:SpiritBrand":0},{"CeramicFish":5,"hexamod:InflammatoryLetter":7,"Omamori":8,"Whetstone":4,"hexamod:SpiritBrand":0},{"CeramicFish":22,"hexamod:InflammatoryLetter":32,"Omamori":35,"Whetstone":14,"hexamod:SpiritBrand":0}]},"card_choices":[{"not_picked":["hexamod:ShieldOfDarkness","hexamod:GhostLash"],"picked":"hexamod:FourthSeal","floor":2},{"not_picked":["hexamod:GhostOfSpireFuture","hexamod:ChargedBarrage"],"picked":"hexamod:PhantomFireball","floor":3},{"not_picked":["hexamod:SecondSeal","hexamod:HeatMetal"],"picked":"hexamod:DynamicBlow","floor":5},{"not_picked":["hexamod:FourthSeal","hexamod:CatchUp"],"picked":"hexamod:NightmareGuise","floor":6},{"not_picked":["hexamod:BacktrackSmack","hexamod:ExtraCrispy"],"picked":"hexamod:PhantomFireball","floor":8},{"not_picked":["hexamod:FirstSeal","hexamod:HeatCrush"],"picked":"hexamod:GhostOfSpireFuture","floor":9},{"not_picked":["hexamod:GhostOfSpirePast","hexamod:Hexaguard"],"picked":"hexamod:FlamesFromBeyond","floor":11},{"not_picked":["hexamod:InspiringFlames","hexamod:ShieldOfDarkness"],"picked":"hexamod:ExtraCrispy","floor":12},{"not_picked":["hexamod:ThermalTransfer","hexamod:Haunt"],"picked":"hexamod:ApocalypseNow","floor":14},{"not_picked":["hexamod:BurningTouch","hexamod:Again"],"picked":"hexamod:ThermalTransfer","floor":15}],"player_experience":1755086,"relics_obtained":[{"floor":7,"key":"Whetstone"},{"floor":8,"key":"CeramicFish"},{"floor":12,"key":"Omamori"}],"event_choices":[{"damage_healed":0,"gold_gain":0,"player_choice":"Got Potions","damage_taken":0,"max_hp_gain":0,"max_hp_loss":0,"event_name":"Lab","floor":4,"gold_loss":0}],"is_beta":false,"boss_relics":[],"items_purged_floors":[11],"is_endless":false,"potions_floor_spawned":[5,9,14,15],"killed_by":"DF_ARCHETYPE_STREAMLINE","ascension_level":20}}