{"host":"z9rwthyxsf7d04ix","time":1613732499,"event":{"mods":["AchievementEnabler","BaseMod","Colored Map","Colored Powertips","Minty Spire (QoL Compilation)","Quick Restart"],"gold_per_floor":[117,134,151,151,151,177,102,127,127,139,151,136,168,199,211,318,380,373,385,407,430,33,60,60,60,60],"floor_reached":25,"language":"ENG","playtime":2522,"items_purged":["Regret"],"score":279,"play_id":"19e0b425-a2b3-472c-ab05-91986bd4ed5b","local_time":"20210219130139","is_ascension_mode":true,"campfire_choices":[{"floor":10,"key":"RECALL"},{"floor":15,"key":"REST"},{"floor":24,"key":"REST"}],"circlet_count":0,"master_deck":["Strike_R","Strike_R","Strike_R","Strike_R","Strike_R","Defend_R","Defend_R+1","Defend_R","Defend_R","Bash","Impervious","Iron Wave+1","Barricade","Shrug It Off","Evolve","Anger+1","Ghostly Armor","Limit Break","Power Through","Armaments+1","Dramatic Entrance","Deep Breath","Bandage Up","True Grit+1","Dark Embrace"],"relics":["Burning Blood","Strawberry","Pear","CaptainsWheel","MawBank","Tiny House","Strange Spoon","StrikeDummy","Mango"],"acts_visited":["Exordium","TheCity"],"potions_floor_usage":[8,23,23,23],"damage_taken":[{"damage":1,"enemies":"Cultist","floor":1,"turns":4},{"damage":6,"enemies":"Jaw Worm","floor":2,"turns":4},{"damage":7,"enemies":"Small Slimes","floor":3,"turns":5},{"damage":54,"enemies":"3 Sentries","floor":6,"turns":16},{"damage":5,"enemies":"Lagavulin","floor":8,"turns":13},{"damage":12,"enemies":"Exordium Wildlife","floor":13,"turns":6},{"damage":1,"enemies":"Large Slime","floor":14,"turns":7},{"damage":20,"enemies":"Hexaghost","floor":16,"turns":15},{"damage":0,"enemies":"2 Thieves","floor":18,"turns":5},{"damage":20,"enemies":"Chosen","floor":20,"turns":9},{"damage":15,"enemies":"Snake Plant","floor":21,"turns":9},{"damage":49,"enemies":"Slavers","floor":23,"turns":7},{"damage":138,"enemies":"Gremlin Leader","floor":25,"turns":11}],"seed_played":"-6377099796561192246","potions_obtained":[{"floor":6,"key":"Fire Potion"},{"floor":13,"key":"Ancient Potion"},{"floor":14,"key":"Swift Potion"},{"floor":17,"key":"AttackPotion"},{"floor":21,"key":"BloodPotion"},{"floor":23,"key":"FairyPotion"}],"is_trial":false,"path_per_floor":["M","M","M","?","?","E","$","E","T","R","$","?","M","M","R","B",null,"M","?","M","M","$","E","R","E"],"character_chosen":"IRONCLAD","items_purchased":["Strange Spoon","StrikeDummy"],"campfire_rested":2,"item_purchase_floors":[22,22],"current_hp_per_floor":[72,72,71,78,62,24,24,25,25,25,25,25,19,24,50,36,94,94,67,57,54,54,47,79,0,0],"gold":60,"neow_bonus":"THREE_RARE_CARDS","is_daily":false,"chose_seed":false,"campfire_upgraded":0,"win_rate":0.0,"timestamp":1613732499,"path_taken":["M","M","?","?","?","E","?","E","T","R","$","?","?","M","R","BOSS","M","?","?","M","$","E","R","E"],"items_purchased_type":["Relic","Relic"],"build_version":"2020-12-22","purchased_purges":1,"victory":false,"max_hp_per_floor":[72,72,72,79,79,89,89,89,89,89,89,89,89,89,89,89,94,94,94,94,94,94,108,108,108,108],"card_choices":[{"not_picked":["Feed","Brutality"],"picked":"Impervious","floor":0},{"not_picked":["Body Slam","Sword Boomerang"],"picked":"Iron Wave","floor":1},{"not_picked":["Clothesline","Entrench","Pommel Strike"],"picked":"SKIP","floor":2},{"not_picked":["Pommel Strike","Infernal Blade"],"picked":"Barricade","floor":3},{"not_picked":["True Grit","Flex"],"picked":"Shrug It Off","floor":6},{"not_picked":["Feed","Spot Weakness"],"picked":"Evolve","floor":8},{"not_picked":["Wild Strike","Whirlwind"],"picked":"Anger","floor":13},{"not_picked":["Reckless Charge","Armaments"],"picked":"Ghostly Armor","floor":14},{"not_picked":["Barricade","Feed"],"picked":"Limit Break","floor":16},{"not_picked":["Clash","Flex"],"picked":"Power Through","floor":17},{"not_picked":["Battle Trance","Searing Blow"],"picked":"Armaments+1","floor":18},{"not_picked":["Clash+1","Power Through","Anger"],"picked":"SKIP","floor":20},{"not_picked":["Uppercut+1","Anger"],"picked":"True Grit+1","floor":21},{"not_picked":["Shrug It Off+1","Twin Strike"],"picked":"Dark Embrace","floor":23}],"player_experience":756492,"relics_obtained":[{"floor":6,"key":"Pear"},{"floor":8,"key":"CaptainsWheel"},{"floor":9,"key":"MawBank"},{"floor":23,"key":"Mango"}],"event_choices":[{"damage_healed":0,"gold_gain":0,"player_choice":"Box","damage_taken":0,"relics_obtained":["Strawberry"],"max_hp_gain":0,"max_hp_loss":0,"event_name":"Big Fish","floor":4,"gold_loss":0,"cards_obtained":["Regret"]},{"damage_healed":0,"gold_gain":0,"player_choice":"Entered Light","damage_taken":16,"max_hp_gain":0,"max_hp_loss":0,"event_name":"Shining Light","floor":5,"gold_loss":0,"cards_upgraded":["Defend_R","Iron Wave"]},{"damage_healed":0,"gold_gain":0,"player_choice":"Left Gold","damage_taken":0,"max_hp_gain":0,"max_hp_loss":0,"event_name":"World of Goop","floor":12,"gold_loss":27},{"damage_healed":0,"gold_gain":0,"player_choice":"CARD CARD CARD ","damage_taken":27,"max_hp_gain":0,"max_hp_loss":0,"event_name":"Knowing Skull","floor":19,"potions_obtained":[],"gold_loss":0,"cards_obtained":["Dramatic Entrance","Deep Breath","Bandage Up"]}],"is_beta":false,"boss_relics":[{"not_picked":["Snecko Eye","Runic Pyramid"],"picked":"Tiny House"}],"items_purged_floors":[7],"is_endless":false,"potions_floor_spawned":[6,13,14,21,23],"killed_by":"Gremlin Leader","ascension_level":2}}