{"host":"dn2xyj3kd3d9cfyb","time":1613711285,"event":{"mods":["BaseMod","Conspire","Hero for Fun","Hubris","Marisa£®ÏF”Í°°ƒß¿Ì…≥£©","Minty Spire (QoL Compilation)","Reimu£®≤©¿ˆ¡È√Œ£©","Remilia£®¿Ÿ√◊¿Ú—«£©","Replay The Spire","Shop Mod","StSLib","The Administrix","The Animator","The Construct","The Cursed","The Mystic","Youmu£®ªÍ∆«—˝√Œ£©","Yuri Mod","Yuyuko"],"gold_per_floor":[124,74,74,90,107,134,134,148,225,225,257,257,276,303,303,303,303],"floor_reached":16,"language":"ZHS","playtime":697,"items_purged":[],"score":138,"play_id":"fce1710d-809d-4638-817f-425ebafd214a","local_time":"20210219130805","is_ascension_mode":true,"campfire_choices":[{"data":"animator:DolaSchwi","floor":7,"key":"SMITH"},{"data":"animator:DolaSchwi","floor":10,"key":"SMITH"},{"floor":12,"key":"REST"},{"data":"animator:FielNirvalen","floor":15,"key":"SMITH"}],"circlet_count":0,"master_deck":["animator:Strike_NoGameNoLife","animator:Defend_NoGameNoLife","animator:Strike","animator:Strike","animator:Strike","animator:Defend","animator:Defend","animator:DolaSchwi+1","animator:DolaCouronne","animator:FielNirvalen+1","animator:YunYun","animator:DwarfShaman","animator:DolaSchwi+1","animator:Witch","animator:Geryuganshoop","animator:ChlammyZell"],"relics":["animator:LivingPicture","animator:TheMissingPiece","animator:PurgingStone","NeowsBlessing","hubris:OldNail","Regal Pillow","Bag of Preparation","Replay:Wax Seal"],"acts_visited":["Exordium"],"potions_floor_usage":[11,14,14,16],"damage_taken":[{"damage":0,"enemies":"2 Louse","floor":1,"turns":1},{"damage":0,"enemies":"Cultist","floor":4,"turns":1},{"damage":0,"enemies":"Small Slimes","floor":5,"turns":1},{"damage":30,"enemies":"Gremlin Nob","floor":6,"turns":4},{"damage":14,"enemies":"Red Slaver","floor":8,"turns":3},{"damage":13,"enemies":"3 Sentries","floor":11,"turns":6},{"damage":0,"enemies":"Exordium Thugs","floor":13,"turns":3},{"damage":13,"enemies":"Gremlin Nob","floor":14,"turns":4},{"damage":40,"enemies":"Fading Forest","floor":16,"turns":7}],"seed_played":"-3173136886728268559","potions_obtained":[{"floor":1,"key":"Languid Potion"},{"floor":4,"key":"SteroidPotion"},{"floor":6,"key":"Dexterity Potion"}],"is_trial":false,"path_per_floor":["M","?","?","M","M","E","R","M","T","R","E","R","M","E","R","B"],"character_chosen":"THE_ANIMATOR","items_purchased":[],"campfire_rested":1,"item_purchase_floors":[],"current_hp_per_floor":[66,66,66,66,66,36,36,22,22,22,9,43,43,31,31,0,0],"gold":303,"neow_bonus":"THREE_ENEMY_KILL","is_daily":false,"chose_seed":false,"campfire_upgraded":3,"win_rate":0.0,"timestamp":1613711285,"path_taken":["M","?","?","M","M","E","R","M","T","R","E","R","?","E","R","BOSS"],"items_purchased_type":[],"build_version":"2020-12-22","purchased_purges":0,"victory":false,"max_hp_per_floor":[66,66,66,66,66,66,66,66,66,66,66,66,66,67,67,67,67],"card_choices":[{"not_picked":["animator:GuildGirl","animator:Raven"],"picked":"animator:FielNirvalen","floor":1},{"not_picked":["animator:DolaCouronne","animator:Gluttony"],"picked":"animator:YunYun","floor":4},{"not_picked":["animator:SayakaMiki","animator:Aisha"],"picked":"animator:DwarfShaman","floor":5},{"not_picked":["animator:FielNirvalen","animator:Tet"],"picked":"animator:DolaSchwi","floor":6},{"not_picked":["animator:Millim","animator:FielNirvalen"],"picked":"animator:Witch","floor":8},{"not_picked":["animator:DwarfShaman","animator:GoblinSlayer","animator:Konayuki"],"picked":"SKIP","floor":11},{"not_picked":["animator:Archer","animator:Benimaru"],"picked":"animator:Geryuganshoop","floor":13},{"not_picked":["animator:DolaStephanie","animator:DolaSchwi"],"picked":"animator:ChlammyZell","floor":14}],"player_experience":658660,"relics_obtained":[{"floor":6,"key":"Regal Pillow"},{"floor":11,"key":"Bag of Preparation"},{"floor":14,"key":"Replay:Wax Seal"}],"event_choices":[{"cards_removed":["animator:Defend"],"damage_healed":0,"gold_gain":0,"player_choice":"Card Removal","damage_taken":0,"max_hp_gain":0,"max_hp_loss":0,"event_name":"The Cleric","floor":2,"gold_loss":50},{"damage_healed":0,"gold_gain":0,"player_choice":"Gave Potion","damage_taken":0,"relics_obtained":["hubris:OldNail"],"max_hp_gain":0,"max_hp_loss":0,"event_name":"WeMeetAgain","floor":3,"gold_loss":0}],"is_beta":false,"boss_relics":[],"items_purged_floors":[],"is_endless":false,"potions_floor_spawned":[1,4,6,14],"killed_by":"Fading Forest","ascension_level":3}}