{"host":"dfndxqnky9iale73","time":1613761318,"event":{"mods":["Act Like it!","Aspiration","BaseMod","Downfall","Gensokyo","Hubris","Marisa????????","Minty Spire (QoL Compilation)","Permanent Neow","Replay The Spire","StSLib","SuperFastMode"],"gold_per_floor":[113,113,213,225,242,268,268,288,288,298,298,298,298,324,324,419,419,434,324,324,343,360,360,360,360],"floor_reached":24,"language":"ENG","playtime":1358,"items_purged":[],"score":268,"play_id":"311e1cb0-b8dd-4b17-95c7-8a43736c7042","local_time":"20210219200158","is_ascension_mode":true,"campfire_choices":[{"floor":7.0,"key":"REST"},{"data":"6A","floor":13.0,"key":"SMITH"},{"data":"RefractionSpark","floor":15.0,"key":"SMITH"},{"floor":23,"key":"REST"}],"circlet_count":0,"master_deck":["Strike_MRS","Strike_MRS","Strike_MRS","Strike_MRS","Defend_MRS","Defend_MRS","Defend_MRS","Defend_MRS","MasterSpark+1","UpSweep","RefractionSpark","DC","StarBarrage","EarthLightRay","RefractionSpark+1","6A+1","GrandCross","FinalSpark+1","CurseOfTheBell","GrandCross+1","OortCloud","OortCloud","MilkyWay","RefractionSpark","GalacticHalo"],"relics":["MiniHakkero","ReplayFunnel","Blood Vial","Question Card","aspiration:BabyByrd","Kunai","Calling Bell","MealTicket","Gremlin Horn","Unceasing Top"],"acts_visited":["Exordium","TheCity"],"potions_floor_usage":[24],"damage_taken":[{"damage":7.0,"enemies":"Jaw Worm","floor":1.0,"turns":3.0},{"damage":1.0,"enemies":"2 Louse","floor":4.0,"turns":2.0},{"damage":1.0,"enemies":"Cultist","floor":5.0,"turns":3.0},{"damage":35.0,"enemies":"3 Sentries","floor":6.0,"turns":7.0},{"damage":2.0,"enemies":"3 Louse","floor":8.0,"turns":2.0},{"damage":22.0,"enemies":"Large Slime","floor":10.0,"turns":5.0},{"damage":8.0,"enemies":"Gremlin Nob","floor":14.0,"turns":3.0},{"damage":48,"enemies":"Hexaghost","floor":16,"turns":10},{"damage":46,"enemies":"2 Thieves","floor":18,"turns":4},{"damage":12,"enemies":"Chosen","floor":21,"turns":6},{"damage":25,"enemies":"Snake Plant","floor":22,"turns":5},{"damage":37,"enemies":"Book of Stabbing","floor":24,"turns":4}],"seed_played":"-2158555466131694025","potions_obtained":[{"floor":4.0,"key":"hexamod:SoulburnPotion"},{"floor":5.0,"key":"FairyPotion"},{"floor":22,"key":"CultistPotion"}],"is_trial":false,"path_per_floor":["M","?","?","M","M","E","R","M","T","M","?","?","R","E","R","B",null,"M","$","?","M","M","R","E"],"character_chosen":"MARISA","items_purchased":["OortCloud","MilkyWay"],"campfire_rested":2,"item_purchase_floors":[19,19],"current_hp_per_floor":[61,61,61,60,59,24,46,50,50,34,34,27,27,25,25,7,58,18,33,33,27,8,30,0,0],"gold":360,"neow_bonus":"RANDOM_COMMON_RELIC","is_daily":false,"chose_seed":false,"campfire_upgraded":2,"win_rate":0.0,"timestamp":1613761318,"path_taken":["M","?","?","M","M","E","R","M","T","?","?","?","R","E","R","BOSS","M","$","?","?","M","R","E"],"items_purchased_type":["Card","Card"],"build_version":"2020-12-22","purchased_purges":0,"victory":false,"max_hp_per_floor":[75,75,75,75,75,75,75,75,75,75,75,75,75,75,75,75,75,75,75,75,75,75,75,75,75],"card_choices":[{"not_picked":["Acceleration","WitchLeyline"],"picked":"RefractionSpark","floor":1.0},{"not_picked":["MeteoricShower","LuminesStrike"],"picked":"DC","floor":4.0},{"not_picked":["DragonMeteor","WitchLeyline"],"picked":"StarBarrage","floor":5.0},{"not_picked":["IllusionStar","Occultation"],"picked":"EarthLightRay","floor":6.0},{"not_picked":["MysteriousBeam","ManaConvection"],"picked":"RefractionSpark","floor":8.0},{"not_picked":["AlicesGift","DC","MagicChant"],"picked":"6A","floor":10.0},{"not_picked":["NonDirectionalLaser","EarthLightRay","StarlightTyphoon"],"picked":"GrandCross","floor":14.0},{"not_picked":["StarDustReverie","SuperNova","SatelliteIllusion"],"picked":"FinalSpark","floor":16},{"not_picked":["FairyDestructionRay","LuminesStrike","Acceleration+1"],"picked":"GrandCross+1","floor":18},{"not_picked":["WitchLeyline","WitchOfGreed","AsteroidBelt"],"picked":"RefractionSpark","floor":21},{"not_picked":["MagicAbsorber","NonDirectionalLaser","SuperPerseids"],"picked":"GalacticHalo","floor":22}],"player_experience":245278,"relics_obtained":[{"floor":6.0,"key":"Blood Vial"},{"floor":9.0,"key":"Question Card"},{"floor":14.0,"key":"Kunai"},{"floor":17,"key":"MealTicket"},{"floor":17,"key":"Gremlin Horn"},{"floor":17,"key":"Unceasing Top"}],"event_choices":[{"damage_healed":0.0,"max_hp_gain":0.0,"max_hp_loss":0.0,"gold_gain":100.0,"event_name":"Golden Shrine","player_choice":"Pray","floor":3.0,"gold_loss":0.0,"damage_taken":0.0},{"damage_healed":0.0,"max_hp_gain":0.0,"max_hp_loss":0.0,"gold_gain":0.0,"event_name":"Wheel of Change","player_choice":"Damaged","floor":12.0,"gold_loss":0.0,"damage_taken":7.0},{"damage_healed":0,"gold_gain":0,"player_choice":"Upgraded","damage_taken":0,"max_hp_gain":0,"max_hp_loss":0,"event_name":"Upgrade Shrine","floor":20,"gold_loss":0,"cards_upgraded":["FinalSpark"]}],"is_beta":false,"boss_relics":[{"not_picked":["aspiration:SecretTechniqueScroll","Tiny House"],"picked":"Calling Bell"}],"items_purged_floors":[],"is_endless":false,"potions_floor_spawned":[4,5,22],"killed_by":"Book of Stabbing","ascension_level":6}}