{"host":"uhi6g4fgvyietct9","time":1613745201,"event":{"mods":["AchievementEnabler","BaseMod","Colored Map","Colored Powertips","Minty Spire (QoL Compilation)","StSLib","SuperFastMode"],"gold_per_floor":[113,113,14,14,14,40,40,68,68,68,78,97,97,22,22,122,122,110,110,120,219,234,234,234],"floor_reached":23,"language":"KOR","playtime":968,"items_purged":["Strike_G"],"score":305,"play_id":"107b1442-23c4-45b7-be4b-2152deacefe6","local_time":"20210219233321","is_ascension_mode":true,"campfire_choices":[{"floor":7,"key":"REST"},{"floor":13,"key":"REST"},{"data":"Blade Dance","floor":15,"key":"SMITH"}],"circlet_count":0,"master_deck":["AscendersBane","Strike_G","Strike_G","Defend_G","Defend_G","Defend_G","Defend_G","Defend_G","Survivor","Neutralize+1","Backstab","Blade Dance+1","Poisoned Stab","PiercingWail","Flying Knee","Well Laid Plans+1","Envenom+1","Blade Dance","Writhe","Footwork+1"],"relics":["Ring of the Serpent","TungstenRod","Shuriken","Ancient Tea Set","Frozen Egg 2","Pantograph"],"acts_visited":["Exordium","TheCity"],"potions_floor_usage":[16,18,22],"damage_taken":[{"damage":2,"enemies":"Jaw Worm","floor":1,"turns":5},{"damage":37,"enemies":"3 Sentries","floor":6,"turns":11},{"damage":15,"enemies":"Lagavulin","floor":8,"turns":5},{"damage":0,"enemies":"Cultist","floor":11,"turns":3},{"damage":0,"enemies":"2 Louse","floor":12,"turns":2},{"damage":20,"enemies":"Slime Boss","floor":16,"turns":8},{"damage":13,"enemies":"2 Thieves","floor":18,"turns":4},{"damage":25,"enemies":"Spheric Guardian","floor":20,"turns":4},{"damage":5,"enemies":"Cultist and Chosen","floor":22,"turns":6},{"damage":20,"enemies":"Book of Stabbing","floor":23,"turns":4}],"seed_played":"5286635092485385201","potions_obtained":[{"floor":1,"key":"DistilledChaos"},{"floor":12,"key":"PowerPotion"},{"floor":16,"key":"Regen Potion"},{"floor":20,"key":"ColorlessPotion"}],"is_trial":false,"path_per_floor":["M","?","$","$","?","E","R","E","T","?","M","M","R","$","R","B",null,"M","?","M","?","M","E"],"character_chosen":"THE_SILENT","items_purchased":["Blade Dance","Poisoned Stab"],"campfire_rested":2,"item_purchase_floors":[3,3],"current_hp_per_floor":[61,61,61,61,55,18,39,24,24,24,24,24,45,45,45,25,59,60,60,35,35,30,10,10],"gold":234,"neow_bonus":"UPGRADE_CARD","is_daily":false,"chose_seed":false,"campfire_upgraded":1,"win_rate":0.0,"timestamp":1613745201,"path_taken":["M","?","?","$","?","E","R","E","T","?","M","M","R","$","R","BOSS","M","?","M","?","M","E"],"items_purchased_type":["Card","Card"],"build_version":"2020-12-22","purchased_purges":1,"victory":false,"max_hp_per_floor":[70,70,70,70,70,70,70,70,70,70,70,70,70,70,70,70,70,70,70,70,70,70,70,70],"card_choices":[{"not_picked":["Escape Plan","Dagger Throw"],"picked":"Backstab","floor":1},{"not_picked":["Deadly Poison","Dagger Throw","Quick Slash"],"picked":"SKIP","floor":6},{"not_picked":["Doppelganger","Bane"],"picked":"PiercingWail","floor":8},{"not_picked":["Outmaneuver","Dagger Throw"],"picked":"Well Laid Plans+1","floor":11},{"not_picked":["Outmaneuver","Deadly Poison","Bane"],"picked":"SKIP","floor":12},{"not_picked":["Venomology","A Thousand Cuts+1"],"picked":"Envenom+1","floor":16},{"not_picked":["PiercingWail","Reflex"],"picked":"Blade Dance","floor":18},{"not_picked":["Quick Slash","PiercingWail"],"picked":"Footwork+1","floor":20},{"not_picked":["Riddle With Holes+1","Bane","All Out Attack"],"picked":"SKIP","floor":22}],"player_experience":599629,"relics_obtained":[{"floor":6,"key":"Shuriken"},{"floor":8,"key":"Ancient Tea Set"},{"floor":9,"key":"Frozen Egg 2"}],"event_choices":[{"damage_healed":0,"gold_gain":0,"player_choice":"Gave Potion","damage_taken":0,"relics_obtained":["TungstenRod"],"max_hp_gain":0,"max_hp_loss":0,"event_name":"WeMeetAgain","floor":2,"gold_loss":0},{"cards_removed":["Strike_G"],"damage_healed":0,"gold_gain":0,"player_choice":"Card Removal","damage_taken":7,"max_hp_gain":0,"max_hp_loss":0,"event_name":"Golden Wing","floor":5,"gold_loss":0},{"damage_healed":0,"gold_gain":0,"cards_transformed":["Strike_G"],"player_choice":"Change","damage_taken":0,"max_hp_gain":0,"max_hp_loss":0,"event_name":"Living Wall","floor":10,"gold_loss":0,"cards_obtained":["Flying Knee"]},{"damage_healed":0,"gold_gain":0,"player_choice":"Opened","damage_taken":0,"relics_obtained":["Pantograph"],"max_hp_gain":0,"max_hp_loss":0,"event_name":"The Mausoleum","floor":19,"gold_loss":0,"cards_obtained":["Writhe"]},{"damage_healed":0,"gold_gain":99,"player_choice":"Stole From Cult","damage_taken":0,"max_hp_gain":0,"max_hp_loss":0,"event_name":"Nest","floor":21,"gold_loss":0}],"is_beta":false,"boss_relics":[{"not_picked":["Ectoplasm","HoveringKite"],"picked":"Ring of the Serpent"}],"items_purged_floors":[14],"is_endless":false,"potions_floor_spawned":[1,12,16,20],"killed_by":"Book of Stabbing","ascension_level":11}}