{"host":"36t3qd3wjvajtu1z","time":1613696952,"event":{"mods":["2.2 Compatiblity","AchievementEnabler","BaseMod","Bestiary","Block Reminder","Colored Powertips","Curses Come First","Filter the Spire","Highlight Path","Minty Spire (QoL Compilation)","Permanent Neow","Quick Restart","Random Character Button","Rare Cards Sparkle","Relic Stats","Slay-I","StSLib","Unknown Chances"],"gold_per_floor":[16,16,36,36,59,135,135,166,166,201,224,268,268,107,107,203,203,219,233,233,249,272,272,315,315,315,315,339,78,96,96,96],"floor_reached":31,"language":"ENG","playtime":2059,"items_purged":["Strike_B","Strike_B"],"score":495,"play_id":"135789c7-f533-48f2-ae09-28094c1ab612","local_time":"20210218170912","is_ascension_mode":true,"campfire_choices":[{"floor":7,"key":"REST"},{"data":"Mayhem","floor":13,"key":"SMITH"},{"data":"Go for the Eyes","floor":15,"key":"SMITH"},{"floor":23,"key":"REST"},{"data":"Creative AI","floor":25,"key":"SMITH"}],"circlet_count":0,"master_deck":["AscendersBane","Strike_B","Defend_B","Defend_B","Defend_B","Defend_B","Zap","Dualcast","Mayhem+1","Lockon","Compile Driver","Cold Snap","Streamline","Creative AI+1","Go for the Eyes+1","Leap","Machine Learning","Glacier","Coolheaded","Reinforced Body+1","Conserve Battery","Fission","Glacier","Conserve Battery"],"relics":["Cracked Core","Golden Idol","Regal Pillow","Mercury Hourglass","Eternal Feather","Odd Mushroom","Cables","Inserter","StrikeDummy","White Beast Statue"],"acts_visited":["Exordium","TheCity"],"potions_floor_usage":[6,6,12,16,28,30,31],"damage_taken":[{"damage":3,"enemies":"2 Louse","floor":1,"turns":3},{"damage":9,"enemies":"Jaw Worm","floor":3,"turns":3},{"damage":0,"enemies":"Small Slimes","floor":5,"turns":3},{"damage":14,"enemies":"3 Sentries","floor":6,"turns":6},{"damage":20,"enemies":"Lagavulin","floor":8,"turns":7},{"damage":9,"enemies":"The Mushroom Lair","floor":10,"turns":3},{"damage":5,"enemies":"3 Louse","floor":11,"turns":2},{"damage":16,"enemies":"3 Sentries","floor":12,"turns":5},{"damage":23,"enemies":"Hexaghost","floor":16,"turns":10},{"damage":15,"enemies":"Spheric Guardian","floor":18,"turns":4},{"damage":7,"enemies":"Chosen","floor":19,"turns":5},{"damage":14,"enemies":"Centurion and Healer","floor":21,"turns":8},{"damage":1,"enemies":"Chosen and Byrds","floor":22,"turns":7},{"damage":23,"enemies":"Book of Stabbing","floor":24,"turns":10},{"damage":0,"enemies":"Snecko","floor":28,"turns":6},{"damage":29,"enemies":"3 Cultists","floor":30,"turns":7},{"damage":19,"enemies":"Gremlin Leader","floor":31,"turns":4}],"seed_played":"3563514504544974867","potions_obtained":[{"floor":3,"key":"ColorlessPotion"},{"floor":5,"key":"SkillPotion"},{"floor":11,"key":"FocusPotion"},{"floor":18,"key":"Ancient Potion"},{"floor":24,"key":"AttackPotion"},{"floor":28,"key":"Energy Potion"},{"floor":30,"key":"Block Potion"}],"is_trial":false,"path_per_floor":["M","?","M","?","M","E","R","E","T","?","M","E","R","$","R","B",null,"M","M","?","M","M","R","E","R","T","?","M","$","M","E"],"character_chosen":"DEFECT","items_purchased":["Strength Potion","Leap","Fission","Glacier"],"campfire_rested":2,"item_purchase_floors":[14,14,29,29],"current_hp_per_floor":[61,61,52,52,52,38,64,44,44,35,30,14,23,23,32,9,50,35,28,28,14,13,59,36,48,48,48,48,48,19,0,0],"gold":96,"neow_bonus":"RANDOM_COLORLESS_2","is_daily":false,"chose_seed":false,"campfire_upgraded":3,"win_rate":0.0,"timestamp":1613696952,"path_taken":["M","?","M","?","M","E","R","E","T","?","M","E","R","$","R","BOSS","M","M","?","M","M","R","E","R","T","?","M","$","?","E"],"items_purchased_type":["Potion","Card","Card","Card"],"build_version":"2020-12-22","purchased_purges":2,"victory":false,"max_hp_per_floor":[71,64,64,64,64,64,64,64,64,64,64,64,64,64,64,64,64,64,64,64,64,64,64,64,64,64,64,64,64,64,64,64],"relic_stats":{"Regal Pillow":22,"Inserter":[25],"counters":[17,92],"Golden Idol":94,"Eternal Feather":42,"obtain_stats":[{"Regal Pillow":6,"Inserter":17,"Golden Idol":2,"Eternal Feather":9,"Odd Mushroom":10,"Cracked Core":0,"StrikeDummy":24,"White Beast Statue":26,"Mercury Hourglass":8,"Cables":12},{"Regal Pillow":4,"Inserter":9,"Golden Idol":1,"Eternal Feather":5,"Odd Mushroom":6,"Cracked Core":0,"StrikeDummy":14,"White Beast Statue":14,"Mercury Hourglass":5,"Cables":8},{"Regal Pillow":15,"Inserter":41,"Golden Idol":3,"Eternal Feather":22,"Odd Mushroom":25,"Cracked Core":0,"StrikeDummy":75,"White Beast Statue":75,"Mercury Hourglass":22,"Cables":31}],"Mercury Hourglass":[315],"Cables":[52,33,19,0,0]},"card_choices":[{"not_picked":["Thinking Ahead","Secret Technique"],"picked":"Mayhem","floor":0.0},{"not_picked":["Leap","Sweeping Beam"],"picked":"Lockon","floor":1},{"not_picked":["Gash","Leap"],"picked":"Compile Driver","floor":3},{"not_picked":["Loop","Conserve Battery"],"picked":"Cold Snap","floor":5},{"not_picked":["Sweeping Beam","Beam Cell"],"picked":"Streamline","floor":6},{"not_picked":["Force Field","Reprogram","Chaos"],"picked":"SKIP","floor":8},{"not_picked":["Streamline","Reinforced Body"],"picked":"Creative AI","floor":11},{"not_picked":["Blizzard","Meteor Strike"],"picked":"Go for the Eyes","floor":12},{"not_picked":["Meteor Strike","Multi-Cast"],"picked":"Machine Learning","floor":16},{"not_picked":["Go for the Eyes","Conserve Battery"],"picked":"Glacier","floor":18},{"not_picked":["Beam Cell","Ball Lightning","Gash"],"picked":"SKIP","floor":19},{"not_picked":["Sunder","Gash"],"picked":"Coolheaded","floor":21},{"not_picked":["Beam Cell","Blizzard","Cold Snap"],"picked":"SKIP","floor":22},{"not_picked":["Hologram","Reprogram+1"],"picked":"Reinforced Body+1","floor":24},{"not_picked":["Undo","Hologram"],"picked":"Conserve Battery","floor":28},{"not_picked":["Ball Lightning","Scrape"],"picked":"Conserve Battery","floor":30}],"player_experience":546132,"relics_obtained":[{"floor":6,"key":"Regal Pillow"},{"floor":8,"key":"Mercury Hourglass"},{"floor":9,"key":"Eternal Feather"},{"floor":10,"key":"Odd Mushroom"},{"floor":12,"key":"Cables"},{"floor":24,"key":"StrikeDummy"},{"floor":26,"key":"White Beast Statue"}],"event_choices":[{"damage_healed":0,"gold_gain":0,"player_choice":"Lose Max HP","damage_taken":0,"relics_obtained":["Golden Idol"],"max_hp_gain":0,"max_hp_loss":7,"event_name":"Golden Idol","floor":2,"gold_loss":0},{"damage_healed":0,"gold_gain":0,"player_choice":"Ignored","damage_taken":0,"max_hp_gain":0,"max_hp_loss":0,"event_name":"Liars Game","floor":4,"gold_loss":0},{"damage_healed":0,"gold_gain":0,"player_choice":"Fought Mushrooms","damage_taken":0,"max_hp_gain":0,"max_hp_loss":0,"event_name":"Mushrooms","floor":10,"gold_loss":0},{"damage_healed":0,"gold_gain":0,"player_choice":"Ignored","damage_taken":0,"max_hp_gain":0,"max_hp_loss":0,"event_name":"Vampires","floor":20,"gold_loss":0},{"cards_removed":["Strike_B"],"damage_healed":0,"gold_gain":0,"player_choice":"Purged","damage_taken":0,"max_hp_gain":0,"max_hp_loss":0,"event_name":"Purifier","floor":27,"gold_loss":0}],"is_beta":false,"boss_relics":[{"not_picked":["Velvet Choker","Philosopher\u0027s Stone"],"picked":"Inserter"}],"items_purged_floors":[14,29],"is_endless":false,"potions_floor_spawned":[3,5,11,18,24,28,30],"killed_by":"Gremlin Leader","ascension_level":16}}