{"host":"l3lzhw5qete3bz2v","time":1613739304,"event":{"mods":["BaseMod","Colored Map","Colored Powertips","Minty Spire (QoL Compilation)","StSLib","SuperFastMode"],"gold_per_floor":[110,127,127,127,127,163,163,198,243,243,262,333,369,385,385,499,499,522,549,574,597,616,655,664,693,693,702,711,755,273,309,309,416,416,445,222,237,36,36,36,52,52,131,165,165,206,21,36,45,45],"floor_reached":51,"language":"JPN","playtime":3123,"items_purged":["Pain","Strike_G"],"score":1185,"play_id":"250e5124-3379-4283-8f23-952dd438cc9b","local_time":"20210219215504","is_ascension_mode":true,"campfire_choices":[{"data":"Glass Knife","floor":7.0,"key":"SMITH"},{"data":"Noxious Fumes","floor":10.0,"key":"SMITH"},{"data":"Deep Breath","floor":15.0,"key":"SMITH"},{"floor":24.0,"key":"REST"},{"floor":27,"key":"REST"},{"data":"Footwork","floor":32,"key":"SMITH"},{"floor":40,"key":"DIG"},{"floor":42,"key":"DIG"},{"data":"1","floor":45,"key":"LIFT"},{"floor":49,"key":"REST"}],"circlet_count":0,"master_deck":["Strike_G","Defend_G","Defend_G","Defend_G","Defend_G","Defend_G","Survivor","Neutralize","CurseOfTheBell","Dagger Spray","Blade Dance","Noxious Fumes+1","Glass Knife+1","Endless Agony","Acrobatics","Tactician","Deep Breath+1","Doppelganger","Neutralize","Phantasmal Killer","Dash+1","All Out Attack","Adrenaline","Dodge and Roll+1","Escape Plan","Terror+1","Bouncing Flask+1","Blur","Footwork+1","Skewer+1","Accuracy","Apotheosis","Crippling Poison","Corpse Explosion","Blade Dance","Outmaneuver+1","Concentrate","PiercingWail"],"relics":["Calling Bell","Dream Catcher","Gremlin Horn","Calipers","CeramicFish","Blue Candle","PreservedInsect","Shovel","Philosopher\u0027s Stone","Bag of Marbles","Pear","WarpedTongs","Bronze Scales","Membership Card","Pocketwatch","Ice Cream","Fusion Hammer","Turnip","Mummified Hand","Chemical X","Unceasing Top","Girya","HornCleat","Dead Branch","Snake Skull","Lantern","Anchor"],"acts_visited":["Exordium","TheCity","TheBeyond"],"potions_floor_usage":[25,29,33,33,50],"damage_taken":[{"damage":2.0,"enemies":"Jaw Worm","floor":1.0,"turns":5.0},{"damage":3.0,"enemies":"2 Louse","floor":2.0,"turns":3.0},{"damage":11.0,"enemies":"3 Sentries","floor":6.0,"turns":5.0},{"damage":12.0,"enemies":"Lagavulin","floor":8.0,"turns":5.0},{"damage":0.0,"enemies":"Small Slimes","floor":11.0,"turns":3.0},{"damage":2.0,"enemies":"Gremlin Nob","floor":12.0,"turns":3.0},{"damage":0.0,"enemies":"Red Slaver","floor":14.0,"turns":5.0},{"damage":25.0,"enemies":"The Guardian","floor":16.0,"turns":11.0},{"damage":0.0,"enemies":"Chosen","floor":18.0,"turns":4.0},{"damage":2.0,"enemies":"3 Byrds","floor":19.0,"turns":4.0},{"damage":36.0,"enemies":"Snake Plant","floor":20.0,"turns":5.0},{"damage":0.0,"enemies":"3 Cultists","floor":21.0,"turns":4.0},{"damage":10.0,"enemies":"Centurion and Healer","floor":22.0,"turns":6.0},{"damage":0.0,"enemies":"Gremlin Leader","floor":23.0,"turns":2.0},{"damage":16,"enemies":"Chosen and Byrds","floor":25,"turns":5},{"damage":5,"enemies":"Slavers","floor":29,"turns":2},{"damage":12,"enemies":"Book of Stabbing","floor":31,"turns":3},{"damage":12,"enemies":"Collector","floor":33,"turns":10},{"damage":0,"enemies":"3 Shapes","floor":35,"turns":2},{"damage":0,"enemies":"Orb Walker","floor":37,"turns":3},{"damage":4,"enemies":"4 Shapes","floor":41,"turns":2},{"damage":7,"enemies":"Reptomancer","floor":44,"turns":5},{"damage":2,"enemies":"Giant Head","floor":46,"turns":2},{"damage":0,"enemies":"3 Darklings","floor":48,"turns":3},{"damage":0,"enemies":"Awakened One","floor":50,"turns":6}],"seed_played":"-1046817252331637346","potions_obtained":[{"floor":6.0,"key":"Strength Potion"},{"floor":8.0,"key":"Swift Potion"},{"floor":11.0,"key":"Poison Potion"},{"floor":20.0,"key":"Energy Potion"},{"floor":23.0,"key":"Ancient Potion"},{"floor":25,"key":"Explosive Potion"},{"floor":29,"key":"Regen Potion"},{"floor":33,"key":"BlessingOfTheForge"},{"floor":37,"key":"Energy Potion"}],"is_trial":false,"path_per_floor":["M","M","?","?","?","E","R","E","T","R","M","?","?","M","R","B",null,"M","M","M","M","M","E","R","M","T","R","?","E","$","E","R","B",null,"M","$","M","$","?","R","M","R","T","E","R","E","$","M","R","B",null],"character_chosen":"THE_SILENT","items_purchased":["Membership Card","Pocketwatch","Accuracy","LiquidMemories","Apotheosis","Explosive Potion","Turnip","Mummified Hand","Chemical X","Lantern","Anchor","Concentrate"],"campfire_rested":3,"item_purchase_floors":[30,30,30,30,30,36,36,38,38,47,47,47],"current_hp_per_floor":[68,65,65,65,65,54,54,42,42,42,42,40,40,40,40,15,56,56,54,18,18,8,8,29,13,23,47,47,42,42,30,30,33,68,68,68,68,68,68,68,64,64,64,57,57,55,55,55,79,79],"gold":45,"neow_bonus":"BOSS_RELIC","is_daily":false,"chose_seed":false,"campfire_upgraded":4,"win_rate":0.0,"timestamp":1613739304,"path_taken":["M","M","?","?","?","E","R","E","T","R","?","?","?","M","R","BOSS","M","?","M","?","M","E","R","M","T","R","?","E","?","E","R","BOSS","M","$","M","$","?","R","M","R","T","E","R","E","?","M","R","BOSS"],"items_purchased_type":["Relic","Relic","Card","Potion","Card","Potion","Relic","Relic","Relic","Relic","Relic","Card"],"build_version":"2020-12-22","purchased_purges":2,"victory":true,"max_hp_per_floor":[70,70,70,70,70,70,70,70,70,70,70,70,70,70,70,70,70,70,70,70,70,70,70,70,70,80,80,80,80,80,80,80,80,80,80,80,80,80,80,80,80,80,80,80,80,80,80,80,80,80],"card_choices":[{"not_picked":["Sucker Punch","Underhanded Strike"],"picked":"Dagger Spray","floor":1.0},{"not_picked":["Deadly Poison","Choke"],"picked":"Blade Dance","floor":2.0},{"not_picked":["Choke","Envenom"],"picked":"Endless Agony","floor":6.0},{"not_picked":["Prepared","Choke","Deflect"],"picked":"SKIP","floor":8.0},{"not_picked":["Outmaneuver","Backstab","Distraction"],"picked":"SKIP","floor":11.0},{"not_picked":["Prepared","Sucker Punch"],"picked":"Acrobatics","floor":12.0},{"not_picked":["Choke","Dodge and Roll","Prepared"],"picked":"SKIP","floor":14.0},{"not_picked":["Bullet Time","Night Terror"],"picked":"Phantasmal Killer","floor":16.0},{"not_picked":["Dodge and Roll","Dagger Throw"],"picked":"Dash+1","floor":18.0},{"not_picked":["Deflect","Deadly Poison"],"picked":"All Out Attack","floor":19.0},{"not_picked":["Catalyst","Accuracy"],"picked":"Adrenaline","floor":20.0},{"not_picked":["Riddle With Holes","Poisoned Stab"],"picked":"Dodge and Roll+1","floor":21.0},{"not_picked":["Flechettes","Outmaneuver"],"picked":"Escape Plan","floor":22.0},{"not_picked":["Dagger Spray","Flying Knee+1"],"picked":"Terror+1","floor":23.0},{"not_picked":["Backflip","Cloak And Dagger"],"picked":"Bouncing Flask+1","floor":24.0},{"not_picked":["Concentrate","Flechettes"],"picked":"Blur","floor":25},{"not_picked":["Leg Sweep","Terror"],"picked":"Footwork","floor":27},{"not_picked":["Backstab","Concentrate"],"picked":"Skewer+1","floor":29},{"not_picked":["Dagger Throw+1","Riddle With Holes+1"],"picked":"Crippling Poison","floor":31},{"not_picked":["A Thousand Cuts","Glass Knife"],"picked":"Corpse Explosion","floor":33},{"not_picked":["Cloak And Dagger+1","Dodge and Roll"],"picked":"Blade Dance","floor":35},{"not_picked":["Sucker Punch","Deadly Poison+1","Finisher"],"picked":"SKIP","floor":37},{"not_picked":["All Out Attack+1","Masterful Stab+1","Underhanded Strike+1"],"picked":"SKIP","floor":41},{"not_picked":["Quick Slash","Die Die Die","Tactician"],"picked":"SKIP","floor":44},{"not_picked":["Deadly Poison+1","Finisher"],"picked":"Outmaneuver+1","floor":46},{"not_picked":["Underhanded Strike","Eviscerate+1","Deflect+1"],"picked":"SKIP","floor":48},{"not_picked":["Endless Agony+1","Deflect"],"picked":"PiercingWail","floor":49}],"player_experience":113328,"relics_obtained":[{"floor":0.0,"key":"Dream Catcher"},{"floor":0.0,"key":"Gremlin Horn"},{"floor":0.0,"key":"Calipers"},{"floor":6.0,"key":"CeramicFish"},{"floor":8.0,"key":"Blue Candle"},{"floor":9.0,"key":"PreservedInsect"},{"floor":12.0,"key":"Shovel"},{"floor":23.0,"key":"Bag of Marbles"},{"floor":26,"key":"Pear"},{"floor":29,"key":"Bronze Scales"},{"floor":31,"key":"Ice Cream"},{"floor":40,"key":"Unceasing Top"},{"floor":42,"key":"Girya"},{"floor":43,"key":"HornCleat"},{"floor":44,"key":"Dead Branch"},{"floor":46,"key":"Snake Skull"}],"event_choices":[{"damage_healed":0.0,"max_hp_gain":0.0,"max_hp_loss":0.0,"gold_gain":0.0,"event_name":"Liars Game","player_choice":"Ignored","floor":3.0,"gold_loss":0.0,"damage_taken":0.0},{"damage_healed":0.0,"max_hp_gain":0.0,"max_hp_loss":0.0,"gold_gain":0.0,"cards_transformed":["Strike_G"],"event_name":"Living Wall","player_choice":"Change","floor":4.0,"gold_loss":0.0,"damage_taken":0.0,"cards_obtained":["Noxious Fumes"]},{"damage_healed":0.0,"max_hp_gain":0.0,"max_hp_loss":0.0,"gold_gain":0.0,"cards_transformed":["Strike_G"],"event_name":"Transmorgrifier","player_choice":"Transformed","floor":5.0,"gold_loss":0.0,"damage_taken":0.0,"cards_obtained":["Glass Knife"]},{"damage_healed":0.0,"max_hp_gain":0.0,"max_hp_loss":0.0,"gold_gain":0.0,"event_name":"Dead Adventurer","player_choice":"Searched \u00271\u0027 times","floor":12.0,"gold_loss":0.0,"damage_taken":0.0},{"damage_healed":0.0,"max_hp_gain":0.0,"max_hp_loss":0.0,"gold_gain":0.0,"event_name":"Match and Keep!","player_choice":"4 cards matched","floor":13.0,"gold_loss":0.0,"damage_taken":0.0,"cards_obtained":["Tactician","Deep Breath","Doppelganger","Neutralize"]},{"damage_healed":0,"gold_gain":0,"player_choice":"Rummage","damage_taken":0,"relics_obtained":["WarpedTongs"],"max_hp_gain":0,"max_hp_loss":0,"event_name":"Accursed Blacksmith","floor":28,"gold_loss":0,"cards_obtained":["Pain"]},{"cards_removed":["Strike_G"],"damage_healed":0,"gold_gain":0,"player_choice":"Purged","damage_taken":0,"max_hp_gain":0,"max_hp_loss":0,"event_name":"Purifier","floor":39,"gold_loss":0}],"is_beta":false,"boss_relics":[{"not_picked":["Ectoplasm","Busted Crown"],"picked":"Philosopher\u0027s Stone"},{"not_picked":["HoveringKite","SlaversCollar"],"picked":"Fusion Hammer"}],"items_purged_floors":[30,36],"is_endless":false,"potions_floor_spawned":[6,8,11,20,23,25,29,31,33,37,46],"ascension_level":5}}