{"host":"ibckqdmmf9y74ymf","time":1613762013,"event":{"mods":["2.2 Compatiblity","BaseMod","Colored Map","Curses Come First","Highlight Path","Minty Spire (QoL Compilation)","Quick Restart","Rare Cards Sparkle","Relic Stats","StSLib"],"gold_per_floor":[19,29,29,44,57,86,86,116,162,127,127,151,175,189,189,280,280,293,312,312,312,312],"floor_reached":21,"language":"ENG","playtime":548,"items_purged":[],"score":486,"play_id":"ef9b7fac-4959-4d4e-ba2e-7f79f17685e6","local_time":"20210219201333","is_ascension_mode":true,"campfire_choices":[{"data":"FlurryOfBlows","floor":7.0,"key":"SMITH"},{"data":"Halt","floor":15.0,"key":"SMITH"}],"circlet_count":0,"master_deck":["AscendersBane","Strike_P","Strike_P","Defend_P","Defend_P","Defend_P","Defend_P","Eruption","Vigilance","Judgement","FlurryOfBlows+1","BowlingBash","Crescendo","FlurryOfBlows+1","DeusExMachina","Halt+1","CarveReality","LessonLearned","Fasting2","WheelKick","InnerPeace"],"relics":["PureWater","Shuriken","White Beast Statue","Strawberry","Golden Idol","VioletLotus"],"acts_visited":["Exordium","TheCity"],"potions_floor_usage":[19],"damage_taken":[{"damage":0.0,"enemies":"Small Slimes","floor":1.0,"turns":1.0},{"damage":2.0,"enemies":"Jaw Worm","floor":2.0,"turns":3.0},{"damage":0.0,"enemies":"2 Louse","floor":4.0,"turns":2.0},{"damage":4.0,"enemies":"Exordium Wildlife","floor":5.0,"turns":3.0},{"damage":7.0,"enemies":"3 Sentries","floor":6.0,"turns":4.0},{"damage":22.0,"enemies":"Gremlin Nob","floor":8.0,"turns":3.0},{"damage":0.0,"enemies":"2 Fungi Beasts","floor":12.0,"turns":2.0},{"damage":10.0,"enemies":"3 Louse","floor":13.0,"turns":3.0},{"damage":0.0,"enemies":"Looter","floor":14.0,"turns":1.0},{"damage":0.0,"enemies":"Slime Boss","floor":16.0,"turns":4.0},{"damage":17.0,"enemies":"Shell Parasite","floor":18.0,"turns":3.0},{"damage":7,"enemies":"Chosen","floor":19,"turns":3},{"damage":9,"enemies":"Snake Plant","floor":21,"turns":3}],"seed_played":"7645409215651693476","potions_obtained":[{"floor":4.0,"key":"LiquidMemories"},{"floor":8.0,"key":"AttackPotion"},{"floor":13.0,"key":"BottledMiracle"},{"floor":14.0,"key":"DistilledChaos"},{"floor":16.0,"key":"Strength Potion"},{"floor":18.0,"key":"PowerPotion"},{"floor":19,"key":"BottledMiracle"}],"is_trial":false,"path_per_floor":["M","M","?","M","M","E","R","E","T","?","?","M","M","M","R","B",null,"M","M","?","M"],"character_chosen":"WATCHER","items_purchased":[],"campfire_rested":0,"item_purchase_floors":[],"current_hp_per_floor":[61,59,59,59,55,48,48,26,33,51,51,51,41,41,41,41,61,44,37,37,28,28],"gold":312,"neow_bonus":"THREE_RARE_CARDS","is_daily":false,"chose_seed":false,"campfire_upgraded":2,"win_rate":0.0,"timestamp":1613762013,"path_taken":["M","M","?","M","M","E","R","E","T","?","?","M","?","M","R","BOSS","M","M","?","M"],"items_purchased_type":[],"build_version":"2020-12-22","purchased_purges":0,"victory":false,"max_hp_per_floor":[68,68,68,68,68,68,68,68,75,75,68,68,68,68,68,68,68,68,68,68,68,68],"relic_stats":{"counters":[13,35],"Shuriken":[12],"Golden Idol":38,"VioletLotus":[1],"obtain_stats":[{"Shuriken":6,"Golden Idol":11,"Strawberry":9,"VioletLotus":17,"PureWater":0,"White Beast Statue":8},{"Shuriken":5,"Golden Idol":6,"Strawberry":6,"VioletLotus":10,"PureWater":0,"White Beast Statue":6},{"Shuriken":13,"Golden Idol":16,"Strawberry":16,"VioletLotus":26,"PureWater":0,"White Beast Statue":16}]},"card_choices":[{"not_picked":["MasterReality","Alpha"],"picked":"Judgement","floor":0.0},{"not_picked":["JustLucky","Indignation"],"picked":"FlurryOfBlows","floor":1.0},{"not_picked":["ThirdEye","Worship"],"picked":"BowlingBash","floor":2.0},{"not_picked":["FollowUp","EmptyMind"],"picked":"Crescendo","floor":4.0},{"not_picked":["Sanctity","Swivel"],"picked":"FlurryOfBlows","floor":5.0},{"not_picked":["Sanctity","Prostrate"],"picked":"DeusExMachina","floor":6.0},{"not_picked":["Weave","ClearTheMind"],"picked":"Halt","floor":8.0},{"not_picked":["Halt","FollowUp","Pray"],"picked":"SKIP","floor":12.0},{"not_picked":["Crescendo","FlurryOfBlows","BowlingBash"],"picked":"SKIP","floor":13.0},{"not_picked":["SashWhip","Halt"],"picked":"CarveReality","floor":14.0},{"not_picked":["MasterReality","Devotion"],"picked":"LessonLearned","floor":16.0},{"not_picked":["Swivel","SashWhip","ClearTheMind"],"picked":"SKIP","floor":18.0},{"not_picked":["PathToVictory","FlurryOfBlows"],"picked":"Fasting2","floor":19}],"player_experience":747480,"relics_obtained":[{"floor":6.0,"key":"Shuriken"},{"floor":8.0,"key":"White Beast Statue"},{"floor":9.0,"key":"Strawberry"}],"event_choices":[{"damage_healed":0.0,"max_hp_gain":0.0,"max_hp_loss":0.0,"gold_gain":0.0,"event_name":"Living Wall","player_choice":"Grow","floor":3.0,"gold_loss":0.0,"damage_taken":0.0,"cards_upgraded":["FlurryOfBlows"]},{"damage_healed":18.0,"max_hp_gain":0.0,"max_hp_loss":0.0,"gold_gain":0.0,"event_name":"The Cleric","player_choice":"Healed","floor":10.0,"gold_loss":35.0,"damage_taken":0.0},{"damage_healed":0.0,"max_hp_gain":0.0,"max_hp_loss":7.0,"gold_gain":0.0,"event_name":"Golden Idol","player_choice":"Lose Max HP","floor":11.0,"gold_loss":0.0,"damage_taken":0.0,"relics_obtained":["Golden Idol"]},{"damage_healed":0,"gold_gain":0,"cards_transformed":["Strike_P","Strike_P"],"player_choice":"Became Test Subject","damage_taken":0,"max_hp_gain":0,"max_hp_loss":0,"event_name":"Drug Dealer","floor":20,"gold_loss":0,"cards_obtained":["WheelKick","InnerPeace"]}],"is_beta":false,"boss_relics":[{"not_picked":["Empty Cage","Snecko Eye"],"picked":"VioletLotus"}],"items_purged_floors":[],"is_endless":false,"potions_floor_spawned":[4,8,12,13,14,16,18,19],"killed_by":"Snake Plant","ascension_level":20}}