{"host":"gjwzgdilc53yxmt0","time":1613761501,"event":{"mods":["2.2 Compatiblity","BaseMod","Bestiary","Highlight Path","Minty Spire (QoL Compilation)","Relic Stats","StSLib","ojb\u0027s Info Mod"],"gold_per_floor":[16,36,47,122,139,171,9,9,9,20,20,50,50,80,80,159,159,175,6,23,23,23,49,61,61,61],"floor_reached":25,"language":"ENG","playtime":1001,"items_purged":[],"score":482,"play_id":"04683707-accb-4492-98cb-d89fba390bc6","local_time":"20210219140501","is_ascension_mode":true,"campfire_choices":[{"floor":8.0,"key":"REST"},{"floor":11.0,"key":"REST"},{"data":"TalkToTheHand","floor":13.0,"key":"SMITH"},{"data":"Meditate","floor":15.0,"key":"SMITH"}],"circlet_count":0,"master_deck":["AscendersBane","Strike_P","Strike_P","Strike_P","Defend_P","Defend_P","Defend_P","Eruption","Vigilance","Consecrate","Meditate+1","Meditate","Halt","EmptyFist","DevaForm","TalkToTheHand+1","Vengeance","FlurryOfBlows","Halt","SpiritShield","FlurryOfBlows+1","ThirdEye"],"relics":["PureWater","Letter Opener","Shuriken","Singing Bowl","Orichalcum","Runic Pyramid","Nunchaku","Bag of Marbles"],"acts_visited":["Exordium","TheCity"],"potions_floor_usage":[24,25],"damage_taken":[{"damage":0.0,"enemies":"2 Louse","floor":1.0,"turns":2.0},{"damage":4.0,"enemies":"Small Slimes","floor":2.0,"turns":2.0},{"damage":0.0,"enemies":"Cultist","floor":3.0,"turns":3.0},{"damage":10.0,"enemies":"Gremlin Gang","floor":5.0,"turns":3.0},{"damage":28.0,"enemies":"Gremlin Nob","floor":6.0,"turns":4.0},{"damage":14.0,"enemies":"Exordium Wildlife","floor":10.0,"turns":2.0},{"damage":2.0,"enemies":"Lagavulin","floor":12.0,"turns":5.0},{"damage":12.0,"enemies":"3 Sentries","floor":14.0,"turns":3.0},{"damage":14.0,"enemies":"The Guardian","floor":16.0,"turns":10.0},{"damage":15.0,"enemies":"Shell Parasite","floor":18.0,"turns":3.0},{"damage":3.0,"enemies":"Spheric Guardian","floor":20.0,"turns":3.0},{"damage":20.0,"enemies":"Book of Stabbing","floor":23.0,"turns":4.0},{"damage":7,"enemies":"Cultist and Chosen","floor":24,"turns":6},{"damage":18,"enemies":"Slavers","floor":25,"turns":1}],"seed_played":"-98070168030781952","potions_obtained":[{"floor":3.0,"key":"BlessingOfTheForge"},{"floor":14.0,"key":"Dexterity Potion"},{"floor":18.0,"key":"Explosive Potion"},{"floor":23.0,"key":"FearPotion"},{"floor":24,"key":"Strength Potion"}],"is_trial":false,"path_per_floor":["M","M","M","?","M","E","$","R","T","M","R","E","R","E","R","B",null,"M","$","M","?","$","E","M","E"],"character_chosen":"WATCHER","items_purchased":["TalkToTheHand","Vengeance","Nunchaku"],"campfire_rested":2,"item_purchase_floors":[7,7,19],"current_hp_per_floor":[61,57,57,46,36,8,8,28,28,14,34,32,32,22,22,8,55,40,40,37,31,31,13,8,0,0],"gold":61,"neow_bonus":"TRANSFORM_TWO_CARDS","is_daily":false,"chose_seed":false,"campfire_upgraded":2,"win_rate":0.0,"timestamp":1613761501,"path_taken":["M","M","M","?","M","E","$","R","T","M","R","E","R","E","R","BOSS","M","$","M","?","?","E","M","E"],"items_purchased_type":["Card","Card","Relic"],"build_version":"2020-12-22","purchased_purges":0,"victory":false,"max_hp_per_floor":[68,68,68,68,68,68,68,68,68,68,68,68,68,70,70,70,70,70,70,70,70,70,72,74,74,74],"relic_stats":{"Nunchaku":[4],"Singing Bowl":6,"counters":[14,51],"Shuriken":[26],"Letter Opener":[75],"Orichalcum":[24],"obtain_stats":[{"Nunchaku":19,"Singing Bowl":12,"Shuriken":9,"Bag of Marbles":23,"Letter Opener":6,"PureWater":0,"Orichalcum":14,"Runic Pyramid":17},{"Nunchaku":10,"Singing Bowl":7,"Shuriken":5,"Bag of Marbles":12,"Letter Opener":5,"PureWater":0,"Orichalcum":8,"Runic Pyramid":9},{"Nunchaku":37,"Singing Bowl":21,"Shuriken":14,"Bag of Marbles":44,"Letter Opener":14,"PureWater":0,"Orichalcum":24,"Runic Pyramid":34}]},"card_choices":[{"not_picked":["Consecrate","SashWhip"],"picked":"Meditate","floor":1.0},{"not_picked":["Consecrate","Prostrate","PathToVictory"],"picked":"SKIP","floor":2.0},{"not_picked":["WindmillStrike","Pray"],"picked":"Halt","floor":3.0},{"not_picked":["ForeignInfluence","WindmillStrike"],"picked":"EmptyFist","floor":5.0},{"not_picked":["Perseverance","InnerPeace"],"picked":"DevaForm","floor":6.0},{"not_picked":["ThirdEye","WreathOfFlame"],"picked":"FlurryOfBlows","floor":10.0},{"not_picked":["DevaForm","EmptyFist"],"picked":"Halt","floor":12.0},{"not_picked":["Sanctity","FlyingSleeves","Worship"],"picked":"Singing Bowl","floor":14.0},{"not_picked":["Alpha","Devotion"],"picked":"SpiritShield","floor":16.0},{"not_picked":["Consecrate","EmptyBody"],"picked":"FlurryOfBlows+1","floor":18.0},{"not_picked":["ClearTheMind","EmptyFist+1"],"picked":"ThirdEye","floor":20.0},{"not_picked":["SignatureMove","Crescendo","Consecrate+1"],"picked":"Singing Bowl","floor":23.0},{"not_picked":["FlyingSleeves","ClearTheMind","Consecrate"],"picked":"Singing Bowl","floor":24}],"player_experience":4966821,"relics_obtained":[{"floor":6.0,"key":"Letter Opener"},{"floor":9.0,"key":"Shuriken"},{"floor":12.0,"key":"Singing Bowl"},{"floor":14.0,"key":"Orichalcum"},{"floor":23.0,"key":"Bag of Marbles"}],"event_choices":[{"damage_healed":0.0,"max_hp_gain":0.0,"max_hp_loss":0.0,"gold_gain":75.0,"event_name":"World of Goop","player_choice":"Gather Gold","floor":4.0,"gold_loss":0.0,"damage_taken":11.0},{"damage_healed":0.0,"max_hp_gain":0.0,"max_hp_loss":0.0,"gold_gain":0.0,"event_name":"Knowing Skull","player_choice":"","floor":21.0,"potions_obtained":[],"gold_loss":0.0,"damage_taken":6.0,"cards_obtained":[]}],"is_beta":false,"boss_relics":[{"not_picked":["Philosopher\u0027s Stone","Runic Dome"],"picked":"Runic Pyramid"}],"items_purged_floors":[],"is_endless":false,"potions_floor_spawned":[3,14,18,23,24],"killed_by":"Slavers","ascension_level":20}}