{"host":"0s686iw3hprdrk8c","time":1613702658,"event":{"mods":["AchievementEnabler","BaseMod","Bestiary","Downfall","Hermit","Hubris","Marisa????????","Minty Spire (QoL Compilation)","Replay The Spire","StSLib","The Cursed","The Hierophant","The Saiyan","The Servant 0.9.4"],"gold_per_floor":[116,190,201,201,218,252,264,297,297,317,99,99,127,159,159,281,281,301,301,301,186,213,223,223],"floor_reached":23,"language":"ENG","playtime":1674,"items_purged":["Strike_B"],"score":251,"play_id":"b8949c17-d9ae-4e7c-abd0-ee31087eb8e9","local_time":"20210218214418","is_ascension_mode":true,"campfire_choices":[{"floor":12.0,"key":"RECALL"},{"data":"Cold Snap","floor":15.0,"key":"SMITH"}],"circlet_count":0,"master_deck":["Strike_B","Strike_B","Strike_B","Defend_B","Defend_B","Defend_B","Defend_B","Zap","Dualcast","Gash","ReplayTheSpireMod:Splinters","Go for the Eyes","Gash+1","BootSequence","Beam Cell","FTL","Cold Snap+1","Streamline","FTL","Chaos","Melter","ReplayTheSpireMod:Fabricate Wheel+1","BasicCrystalCard","ReplayGash","Normality","Apotheosis","Beam Cell","Self Repair"],"relics":["Cracked Core","NeowsBlessing","Bronze Scales","Replay:Bottled Snecko","Replay:Bandana","Iron Hammer","hubris:ToyBattleship","hubris:HollowSoul","Prayer Wheel","Counterbalance","ReplayTheSpireMod:CursedCoin"],"acts_visited":["Exordium","TheCity"],"potions_floor_usage":[],"damage_taken":[{"damage":0.0,"enemies":"Small Slimes","floor":1.0,"turns":1.0},{"damage":0.0,"enemies":"Jaw Worm","floor":3.0,"turns":1.0},{"damage":0.0,"enemies":"Cultist","floor":5.0,"turns":1.0},{"damage":0.0,"enemies":"Replay:BlueRogue","floor":6.0,"turns":5.0},{"damage":15.0,"enemies":"Lots of Slimes","floor":7.0,"turns":3.0},{"damage":8.0,"enemies":"3 Sentries","floor":8.0,"turns":5.0},{"damage":2.0,"enemies":"2 Fungi Beasts","floor":10.0,"turns":2.0},{"damage":0.0,"enemies":"Exordium Wildlife","floor":13.0,"turns":2.0},{"damage":0.0,"enemies":"Large Slime","floor":14.0,"turns":4.0},{"damage":14.0,"enemies":"Hexaghost","floor":16.0,"turns":7.0},{"damage":0.0,"enemies":"Spheric Guardian","floor":18.0,"turns":2.0},{"damage":10,"enemies":"Chosen","floor":22,"turns":4},{"damage":0,"enemies":"Gremlin Leader","floor":23,"turns":1}],"seed_played":"4614716022794214568","potions_obtained":[{"floor":2.0,"key":"sneckomod:MuddlingPotion"},{"floor":2.0,"key":"EssenceOfSteel"},{"floor":7.0,"key":"SteroidPotion"},{"floor":10.0,"key":"Weak Potion"},{"floor":13.0,"key":"Fire Potion"},{"floor":14.0,"key":"FearPotion"}],"is_trial":false,"path_per_floor":["M","?","M","?","M","E","M","E","T","M","$","R","M","M","R","B",null,"M","?","?","$","M","E"],"character_chosen":"DEFECT","items_purchased":["FTL","hubris:ToyBattleship","ReplayTheSpireMod:CursedCoin","Apotheosis"],"campfire_rested":0,"item_purchase_floors":[11,11,21,21],"current_hp_per_floor":[75,75,75,75,75,75,60,52,52,50,50,50,50,50,50,36,75,75,75,75,75,65,15,15],"gold":223,"neow_bonus":"THREE_ENEMY_KILL","is_daily":false,"chose_seed":false,"campfire_upgraded":1,"win_rate":0.0,"timestamp":1613702658,"path_taken":["M","?","M","?","M","E","?","E","T","M","$","R","?","M","R","BOSS","M","?","?","$","M","E"],"items_purchased_type":["Card","Relic","Relic","Card"],"build_version":"2020-12-22","purchased_purges":1,"victory":false,"max_hp_per_floor":[75,75,75,75,75,75,75,75,75,75,75,75,75,75,75,75,75,75,75,75,75,75,15,15],"card_choices":[{"not_picked":["Compile Driver","Beam Cell"],"picked":"Gash","floor":1.0},{"not_picked":["Darkness","Recycle"],"picked":"Go for the Eyes","floor":2.0},{"not_picked":["All For One","ReplayTheSpireMod:Reroute Power"],"picked":"Gash","floor":3.0},{"not_picked":["Capacitor","Loop"],"picked":"BootSequence","floor":5.0},{"not_picked":["Double Energy","Genetic Algorithm"],"picked":"Beam Cell","floor":6.0},{"not_picked":["Beam Cell","Go for the Eyes"],"picked":"FTL","floor":7.0},{"not_picked":["Stack","Sweeping Beam"],"picked":"Cold Snap","floor":8.0},{"not_picked":["Auto Shields","Ball Lightning"],"picked":"Streamline","floor":10.0},{"not_picked":["Barrage","ReplaySolidLightProjector"],"picked":"Chaos","floor":13.0},{"not_picked":["Blizzard","Stack"],"picked":"Melter","floor":14.0},{"not_picked":["Multi-Cast","Core Surge"],"picked":"ReplayTheSpireMod:Fabricate Wheel","floor":16.0},{"not_picked":["Recycle+1","Force Field"],"picked":"BasicCrystalCard","floor":18.0},{"not_picked":["Cold Snap+1","Go for the Eyes"],"picked":"ReplayGash","floor":18.0},{"not_picked":["Cold Snap","Crystallizer"],"picked":"Beam Cell","floor":22},{"not_picked":["Storm","Force Field"],"picked":"Self Repair","floor":22}],"player_experience":269175,"relics_obtained":[{"floor":2.0,"key":"Bronze Scales"},{"floor":6.0,"key":"Replay:Bottled Snecko"},{"floor":8.0,"key":"Replay:Bandana"},{"floor":9.0,"key":"Iron Hammer"}],"event_choices":[{"damage_healed":0.0,"max_hp_gain":0.0,"max_hp_loss":0.0,"gold_gain":0.0,"event_name":"Upgrade Shrine","player_choice":"Upgraded","floor":4.0,"gold_loss":0.0,"damage_taken":0.0,"cards_upgraded":["Gash"]},{"damage_healed":0.0,"max_hp_gain":0.0,"max_hp_loss":0.0,"gold_gain":0.0,"event_name":"The Mausoleum","player_choice":"Opened","floor":20.0,"gold_loss":0.0,"damage_taken":0.0,"relics_obtained":["Counterbalance"]}],"is_beta":false,"boss_relics":[{"not_picked":["Coffee Dripper","Replay:Drink Me"],"picked":"hubris:HollowSoul"}],"items_purged_floors":[21],"is_endless":false,"potions_floor_spawned":[7,10,13,14],"killed_by":"Gremlin Leader","ascension_level":2}}