{"host":"xkc7tfemhzdc5j5t","time":1613741074,"event":{"mods":["AchievementEnabler","Act Like it!","BaseMod","BetterRewards","Colored Map","Colored Powertips","Downfall","Gensokyo","Hallownest","Hermit","Highlight Path","Infinite Spire","Marisa£®ÏF”Í°°ƒß¿Ì…≥£©","Minty Spire (QoL Compilation)","Prisma Mod","Quick Restart","Reimu£®≤©¿ˆ¡È√Œ£©","Replay The Spire","Shop Mod","StSLib","SuperFastMode","The Bug Knight","The Construct","The Cursed","The Disciple","The Hierophant","The Jungle","The Necromancer","The Runesmith","The Servant 0.9.4","Youmu£®ªÍ∆«—˝√Œ£©"],"gold_per_floor":[99,113,23,64,64,84,84,84,109,109,125,125,25,41,58,157,157,157,174,186,186,71,71,98,98,112,122,132,163,163,197,216,216,216],"floor_reached":32,"language":"ZHS","playtime":2461,"items_purged":["hexamod:Strike","hexamod:Strike"],"score":296,"play_id":"3cdafffa-2f63-44ca-be79-372040c873a1","local_time":"20210219212434","is_ascension_mode":true,"campfire_choices":[{"data":"hexamod:Float","floor":1.0,"key":"SMITH"},{"data":"hexamod:Hexaguard","floor":10,"key":"SMITH"},{"floor":13,"key":"RECALL"},{"data":"hexamod:SpectralSpark","floor":18,"key":"SMITH"},{"floor":30,"key":"REST"}],"circlet_count":0,"master_deck":["hexamod:Strike","hexamod:Defend+1","hexamod:Sear+1","hexamod:Float+1","hexamod:GhostOfSpirePast","hexamod:Hexaguard+1","hexamod:GhostOfSpirePast+1","hexamod:DynamicBlow+1","hexamod:SpectersWail+1","hexamod:PowerFromBeyond+1","hexamod:AdvancingGuard+1","hexamod:SpectralSpark+1","hexamod:BacktrackSmack+1","hexamod:FifthSeal","hexamod:SpectersWail+1","hexamod:ThirdSeal","J.A.X.","hexamod:SixthSeal","hexamod:NightmareGuise+1","hexamod:Hexaguard+1","hexamod:EmpoweredFlame","hexamod:FlamesFromBeyond","hexamod:FirstSeal","hexamod:FourthSeal","hexamod:PowerFromBeyond+1","hexamod:SecondSeal","hexamod:TimeOfNeed","hexamod:StepThrough+1"],"relics":["hexamod:SpiritBrand","Molten Egg 2","Replay:Bottled Eggs","construct:FoamFinger","downfall:HeartBlessingGreen","Black Star","Blue Doll","Akabeko","Gremlin Food","War Paint","Replay:Towering Pillar of Hats"],"acts_visited":["Exordium","TheCity"],"potions_floor_usage":[28,29],"damage_taken":[{"damage":3.0,"enemies":"Small Slimes","floor":2.0,"turns":3.0},{"damage":0.0,"enemies":"downfall:FleeingMerchant","floor":3.0,"turns":4.0},{"damage":0,"enemies":"2 Louse","floor":6,"turns":2},{"damage":8,"enemies":"3 Sentries","floor":9,"turns":6},{"damage":0,"enemies":"Jaw Worm","floor":11,"turns":2},{"damage":4,"enemies":"2 Fungi Beasts","floor":14,"turns":2},{"damage":0,"enemies":"3 Louse","floor":15,"turns":2},{"damage":7,"enemies":"IC_STATUS_ARCHETYPE","floor":16,"turns":6},{"damage":0,"enemies":"Chosen","floor":19,"turns":3},{"damage":1,"enemies":"3 Byrds","floor":20,"turns":3},{"damage":4,"enemies":"downfall:FleeingMerchant","floor":22,"turns":4},{"damage":9,"enemies":"Centurion and Healer","floor":26,"turns":5},{"damage":9,"enemies":"3 Cultists","floor":27,"turns":4},{"damage":3,"enemies":"Shelled Parasite and Fungi","floor":28,"turns":4},{"damage":7,"enemies":"Book of Stabbing","floor":29,"turns":4},{"damage":6,"enemies":"Gremlin Leader","floor":31,"turns":7},{"damage":4,"enemies":"Centurion and Healer","floor":32,"turns":5}],"seed_played":"3639576457201225460","potions_obtained":[{"floor":2.0,"key":"LifebloodPotion"},{"floor":4,"key":"DuplicationPotion"},{"floor":15,"key":"Toxic Potion"},{"floor":28,"key":"Swift Potion"},{"floor":29,"key":"AttackPotion"}],"is_trial":false,"path_per_floor":["R","M","$","?","?","M","T","?","E","R","M","?","R","M","M","B",null,"R","M","M","?","$","?","T","?","M","M","M","E","R","E","M"],"character_chosen":"THE_SPIRIT","items_purchased":[],"campfire_rested":1,"item_purchase_floors":[],"current_hp_per_floor":[70,67,67,50,50,50,50,50,42,42,42,42,42,38,38,31,70,70,70,69,69,65,52,52,52,43,34,31,24,46,47,50,50,50],"gold":216,"neow_bonus":"TRANSFORM_CARD","is_daily":false,"chose_seed":false,"campfire_upgraded":3,"win_rate":0.0,"timestamp":1613741074,"path_taken":["R","M","$","?","?","M","T","?","E","R","?","?","R","M","M","BOSS","R","M","M","?","$","?","T","?","M","M","?","E","R","E","M"],"items_purchased_type":[],"build_version":"2020-12-22","purchased_purges":2,"victory":false,"max_hp_per_floor":[70,70,70,70,70,70,70,70,70,70,70,70,70,70,70,70,70,70,70,70,70,70,75,75,75,75,75,75,75,75,75,75,75,75],"card_choices":[{"not_picked":["hexamod:AdvancingGuard","hexamod:ShieldOfDarkness"],"picked":"hexamod:Hexaguard","floor":2.0},{"not_picked":["hexamod:TurnItUp","hexamod:ChargedBarrage"],"picked":"hexamod:GhostOfSpirePast","floor":3.0},{"not_picked":["hexamod:ShieldOfDarkness","hexamod:ExtraCrispy"],"picked":"hexamod:DynamicBlow+1","floor":4},{"not_picked":["hexamod:InspiringFlames","hexamod:RadiantFlame"],"picked":"hexamod:SpectersWail+1","floor":6},{"not_picked":["hexamod:GhostShield","hexamod:FastForward"],"picked":"hexamod:PowerFromBeyond","floor":9},{"not_picked":["hexamod:GhostLash+1","hexamod:ChargedBarrage"],"picked":"hexamod:AdvancingGuard","floor":11},{"not_picked":["hexamod:Incineration+1","hexamod:GhostShield"],"picked":"hexamod:SpectralSpark","floor":14},{"not_picked":["hexamod:HauntingEcho+1","hexamod:ChargedBarrage"],"picked":"hexamod:BacktrackSmack+1","floor":15},{"not_picked":["hexamod:GhostOfSpirePresent","hexamod:ApocalypticArmor"],"picked":"hexamod:FifthSeal","floor":16},{"not_picked":["hexamod:BurningTouch+1","hexamod:NightmareStrike+1"],"picked":"hexamod:SpectersWail+1","floor":19},{"not_picked":["hexamod:FirstSeal","hexamod:FourthSeal"],"picked":"hexamod:ThirdSeal","floor":20},{"not_picked":["hexamod:RetreatToShadows","hexamod:SwordOfDarkness+1","hexamod:HeatCrush+1"],"picked":"SKIP","floor":20},{"not_picked":["hexamod:ThirdSeal","hexamod:FourthSeal"],"picked":"hexamod:SixthSeal","floor":22},{"not_picked":["hexamod:HeatShield","hexamod:ThirdSeal"],"picked":"hexamod:NightmareGuise","floor":22},{"not_picked":["hexamod:ThirdSeal","hexamod:ShieldOfDarkness+1"],"picked":"hexamod:Hexaguard+1","floor":26},{"not_picked":["hexamod:RetreatToShadows+1","hexamod:SuperheatedStrike+1","hexamod:BacktrackSmack+1"],"picked":"SKIP","floor":26},{"not_picked":["hexamod:HeatShield","hexamod:ShieldOfDarkness"],"picked":"hexamod:EmpoweredFlame","floor":27},{"not_picked":["hexamod:HeatShield","hexamod:InspiringFlames"],"picked":"hexamod:FlamesFromBeyond","floor":28},{"not_picked":["hexamod:SixthSeal","hexamod:SecondSeal"],"picked":"hexamod:FirstSeal","floor":29},{"not_picked":["hexamod:FirstSeal","hexamod:SixthSeal"],"picked":"hexamod:FourthSeal","floor":29},{"not_picked":["hexamod:NightmareStrike+1","hexamod:AdvancingGuard"],"picked":"hexamod:PowerFromBeyond","floor":29},{"not_picked":["hexamod:SixthSeal","hexamod:FourthSeal"],"picked":"hexamod:SecondSeal","floor":31},{"not_picked":["hexamod:SwordOfDarkness+1","hexamod:NightmareGuise"],"picked":"hexamod:TimeOfNeed","floor":31},{"not_picked":["hexamod:HeatMetal+1","hexamod:SpectralAdrenaline"],"picked":"hexamod:StepThrough+1","floor":32}],"player_experience":780557,"relics_obtained":[{"floor":4,"key":"Molten Egg 2"},{"floor":7,"key":"Replay:Bottled Eggs"},{"floor":9,"key":"construct:FoamFinger"},{"floor":24,"key":"Blue Doll"},{"floor":29,"key":"Akabeko"},{"floor":29,"key":"Gremlin Food"},{"floor":31,"key":"War Paint"},{"floor":31,"key":"Replay:Towering Pillar of Hats"}],"event_choices":[{"damage_healed":0,"gold_gain":0,"player_choice":"Obtain J.A.X.","damage_taken":0,"max_hp_gain":0,"max_hp_loss":0,"event_name":"Drug Dealer","floor":21,"gold_loss":0,"cards_obtained":["J.A.X."]}],"is_beta":false,"boss_relics":[{"not_picked":["Runic Dome","RedLine:ReiMu"],"picked":"Black Star"}],"items_purged_floors":[3,22],"is_endless":false,"potions_floor_spawned":[2,15,16,20,26,28,29],"killed_by":"Centurion and Healer","ascension_level":1}}