{"host":"w4b7hmige5bnqipq","time":1613750842,"event":{"mods":["2.2 Compatiblity","BaseMod","Colored Map","DeckTracker","Keyboard Shortcuts","Minty Spire (QoL Compilation)","Permanent Neow","Rare Cards Sparkle","SuperFastMode","everything is the same but u backflip on backflip","slay the spire mod where everything is the same but ironclad has a cowboy hat"],"gold_per_floor":[118,133,133,154,174,174,199,218,268,268,196,220,237,100,100,100,100],"floor_reached":16,"language":"KOR","playtime":409,"items_purged":["Strike_G"],"score":208,"play_id":"ad710b7c-27c2-430f-893b-a2cd9755446e","local_time":"20210220000722","is_ascension_mode":true,"campfire_choices":[{"data":"Crippling Poison","floor":6.0,"key":"SMITH"},{"floor":15,"key":"REST"}],"circlet_count":0,"master_deck":["AscendersBane","Strike_G","Strike_G","Defend_G","Defend_G","Defend_G","Defend_G","Defend_G","Survivor","Neutralize","Crippling Poison+1","Bouncing Flask","Backflip","Blur","Reflex","Noxious Fumes","Dagger Throw","Prepared"],"relics":["Ring of the Snake","CeramicFish","Du-Vu Doll","MealTicket","Tough Bandages"],"acts_visited":["Exordium"],"potions_floor_usage":[16],"damage_taken":[{"damage":0.0,"enemies":"Cultist","floor":1.0,"turns":4.0},{"damage":0.0,"enemies":"2 Louse","floor":2.0,"turns":3.0},{"damage":4.0,"enemies":"Small Slimes","floor":4.0,"turns":3.0},{"damage":2.0,"enemies":"Looter","floor":5.0,"turns":4.0},{"damage":42.0,"enemies":"Gremlin Nob","floor":7.0,"turns":5.0},{"damage":0.0,"enemies":"2 Fungi Beasts","floor":8.0,"turns":3.0},{"damage":10.0,"enemies":"Gremlin Gang","floor":12.0,"turns":3.0},{"damage":0,"enemies":"Blue Slaver","floor":13,"turns":5},{"damage":21,"enemies":"Slime Boss","floor":16,"turns":7}],"seed_played":"8407612343958369443","potions_obtained":[{"floor":4.0,"key":"GamblersBrew"},{"floor":5.0,"key":"BlessingOfTheForge"},{"floor":7.0,"key":"Weak Potion"}],"is_trial":false,"path_per_floor":["M","M","T","M","M","R","E","M","T","?","?","M","M","$","R","B"],"character_chosen":"THE_SILENT","items_purchased":["Dagger Throw","Prepared"],"campfire_rested":1,"item_purchase_floors":[14,14],"current_hp_per_floor":[59,59,59,55,53,53,11,11,11,11,11,1,1,16,34,13,13],"gold":100,"neow_bonus":"TRANSFORM_TWO_CARDS","is_daily":false,"chose_seed":false,"campfire_upgraded":1,"win_rate":0.0,"timestamp":1613750842,"path_taken":["M","M","?","M","?","R","E","M","T","?","?","M","M","$","R","BOSS"],"items_purchased_type":["Card","Card"],"build_version":"2020-12-22","purchased_purges":1,"victory":false,"max_hp_per_floor":[60,60,60,60,60,60,60,60,60,60,60,60,60,60,60,60,60],"card_choices":[{"not_picked":["Choke","Cloak And Dagger"],"picked":"Backflip","floor":1.0},{"not_picked":["Noxious Fumes","Flying Knee"],"picked":"Blur","floor":2.0},{"not_picked":["Deflect","Outmaneuver"],"picked":"Reflex","floor":4.0},{"not_picked":["Underhanded Strike","Flying Knee","PiercingWail"],"picked":"SKIP","floor":5.0},{"not_picked":["Skewer","Dagger Spray","Riddle With Holes"],"picked":"SKIP","floor":7.0},{"not_picked":["Poisoned Stab","Deadly Poison","Outmaneuver"],"picked":"SKIP","floor":8.0},{"not_picked":["Backstab","Outmaneuver"],"picked":"Noxious Fumes","floor":12.0},{"not_picked":["Predator","Sucker Punch","Storm of Steel"],"picked":"SKIP","floor":13}],"player_experience":788188,"relics_obtained":[{"floor":3.0,"key":"CeramicFish"},{"floor":7.0,"key":"Du-Vu Doll"},{"floor":9.0,"key":"MealTicket"}],"event_choices":[{"damage_healed":0.0,"max_hp_gain":0.0,"max_hp_loss":0.0,"gold_gain":0.0,"event_name":"Dead Adventurer","player_choice":"Searched \u00272\u0027 times","floor":10.0,"gold_loss":0.0,"damage_taken":0.0,"relics_obtained":["Tough Bandages"]},{"damage_healed":0.0,"max_hp_gain":0.0,"max_hp_loss":0.0,"gold_gain":0.0,"event_name":"World of Goop","player_choice":"Left Gold","floor":11.0,"gold_loss":72.0,"damage_taken":0.0}],"is_beta":false,"boss_relics":[],"items_purged_floors":[14],"is_endless":false,"potions_floor_spawned":[4,5,7],"killed_by":"Slime Boss","ascension_level":20}}