{"host":"4wxwpv5qre4pm8t8","time":1613728906,"event":{"mods":["2.2 Compatiblity","AchievementEnabler","Act Like it!","Always Whale","Astrologer","BaseMod","Challenge The Spire","Conspire","Downfall","Elementarium","Friendly Minions","Halation","Highlight Path","Hubris","Infinite Spire","Lobotomy","Minty Spire (QoL Compilation)","Pale of the Ancients","Random Character Button","Replay The Spire","Shop Mod","StSLib","SuperFastMode","The Animator","The Jungle","Useless Jewels Mod","Yuri Mod","egg"],"gold_per_floor":[118,190,265,265,265,28,28,58,74,74,74,74,85,96,128,153,153,262,262,295,295,54,104,104,104,231,231,281,351,410,446,504,545,545,707,707,757,757],"floor_reached":37,"language":"ENG","playtime":2080,"items_purged":[],"score":556,"play_id":"53ec1196-29a8-4e3b-8072-6315cf7ed74b","local_time":"20210219020146","is_ascension_mode":true,"campfire_choices":[],"circlet_count":0,"master_deck":["SpecialBullet","SpecialBullet","SpecialBullet","SpecialBullet","SpecialBullet","SpecialBullet","SpecialBullet","SpecialBullet","InformationCode","SecurityCode","RecordCode","Thinking Ahead+1","WristCuter","Dark Shackles+1","Pinks","UniverseFragment","Hypocrisy","QueenOfHatred","GreedKing","TheSmile","Lamp+5","ControlCode","TT2Protocol","GrinderMk4","OldLady","Mimicry","SummonCall","WelfareCode","Languid","ParadiseLost"],"relics":["CogitoBucket","infinitespire:Broken Mirror","Toolbox","Letter Opener","Mercury Hourglass","Replay:Bandana","AdjustmentMirror","Philosopher\u0027s Stone","hubris:Metronome","Ring of Peace","Ring of Greed","Golden Idol","infinitespire:Midas Blood","ReplayTheSpireMod:TigerMarble","halation:TwoAmDonut","Pen Nib","Replay:Mystery Machine","AspirationHeart","Replay:Wax Seal","infinitespire:Cupcake"],"acts_visited":["Exordium","Exordium","TheBeyond"],"potions_floor_usage":[16,16,26,37],"damage_taken":[{"damage":6,"enemies":"Cultist","floor":1,"turns":3},{"damage":14,"enemies":"Gremlin Nob","floor":8,"turns":4},{"damage":0,"enemies":"Small Slimes","floor":9,"turns":2},{"damage":0,"enemies":"2 Louse","floor":13,"turns":2},{"damage":0,"enemies":"Exordium Wildlife","floor":14,"turns":2},{"damage":13,"enemies":"Lagavulin","floor":15,"turns":5},{"damage":50,"enemies":"2 Fungi Beasts","floor":16,"turns":6},{"damage":35,"enemies":"The Guardian","floor":18,"turns":10},{"damage":0,"enemies":"theJungle:GiantWrat","floor":20,"turns":3},{"damage":0,"enemies":"theJungle:MamaSnecko","floor":26,"turns":5},{"damage":3,"enemies":"theJungle:2_Phrogs","floor":29,"turns":4},{"damage":66,"enemies":"theJungle:MUSHROOMGANG","floor":30,"turns":9},{"damage":0,"enemies":"Snake Plant","floor":31,"turns":2},{"damage":0,"enemies":"theJungle:Cassacara","floor":32,"turns":5},{"damage":4,"enemies":"theJungle:SlimyTreeVines","floor":33,"turns":5},{"damage":49,"enemies":"theJungle:TotemBoss","floor":35,"turns":6},{"damage":104,"enemies":"3 Darklings","floor":37,"turns":3}],"seed_played":"5892513873090677890","potions_obtained":[{"floor":1,"key":"bronze:BurnAndBuffPotion"},{"floor":9,"key":"Slimebound:ThreeZeroPotion"},{"floor":13,"key":"Elixir"},{"floor":15,"key":"DuplicationPotion"},{"floor":26,"key":"Milkshake"},{"floor":31,"key":"DuplicationPotion"}],"is_trial":false,"path_per_floor":["M","T","?","PTL","PTL","$","?","E","M","R","T","R","M","M","E","M","R","B",null,"M","?","$","?","$","R","E","R","T","E","M","M","E","M","R","B",null,"M"],"character_chosen":"Angela","items_purchased":["Dark Shackles","Toolbox","hubris:Metronome"],"campfire_rested":0,"item_purchase_floors":[6,6,22],"current_hp_per_floor":[51,51,40,40,40,40,26,20,28,28,28,28,40,52,63,31,31,53,70,70,70,70,70,70,70,70,70,70,70,64,80,82,84,84,71,84,0,0],"gold":757,"neow_bonus":"RANDOM_COLORLESS_2","is_daily":false,"chose_seed":false,"campfire_upgraded":0,"win_rate":0.0,"timestamp":1613728906,"path_taken":["M","?","?","PTL","PTL","$","?","E","M","R","T","R","M","M","E","M","R","BOSS","M","?","$","?","?","R","E","R","T","E","M","?","E","M","R","BOSS","M"],"items_purchased_type":["Card","Relic","Relic"],"build_version":"2020-12-22","purchased_purges":0,"victory":false,"max_hp_per_floor":[70,70,70,70,70,70,70,70,70,70,70,70,70,70,70,70,70,70,70,70,70,70,70,70,70,70,70,70,70,80,80,82,84,84,84,84,84,84],"card_choices":[{"not_picked":["Apotheosis","Violence"],"picked":"Thinking Ahead","floor":0},{"not_picked":["Tough"],"picked":"WristCuter","floor":1},{"not_picked":["CUTE"],"picked":"Pinks","floor":8},{"not_picked":["Mercenary","SpiderBud"],"picked":"UniverseFragment","floor":8},{"not_picked":["Penitence"],"picked":"Hypocrisy","floor":9},{"not_picked":["Noise","TodaysExpression"],"picked":"SKIP","floor":13},{"not_picked":["ShyLook","CrumblingArmor"],"picked":"QueenOfHatred","floor":14},{"not_picked":["CUTE","WristCuter"],"picked":"SKIP","floor":14},{"not_picked":["Amita","Loneliness"],"picked":"SKIP","floor":15},{"not_picked":["CherryBlossoms","PunishingBird"],"picked":"GreedKing","floor":16},{"not_picked":["Lantern","Regret_ego"],"picked":"SKIP","floor":16},{"not_picked":["Adoration"],"picked":"TheSmile","floor":18},{"not_picked":["Harmony+1"],"picked":"Lamp","floor":20},{"not_picked":["FeatherOfHonor"],"picked":"GrinderMk4","floor":26},{"not_picked":["Mercenary","HeroicMonk"],"picked":"OldLady","floor":29},{"not_picked":["Penitence","Amita"],"picked":"SKIP","floor":29},{"not_picked":["GrinderMk4"],"picked":"Mimicry","floor":30},{"not_picked":["Harvest","CUTE+1"],"picked":"SKIP","floor":31},{"not_picked":["BlueScar","Noise"],"picked":"SKIP","floor":32},{"not_picked":["Galaxy","MagicBullet"],"picked":"SKIP","floor":33},{"not_picked":["TheSmile"],"picked":"ParadiseLost","floor":35}],"player_experience":541447,"relics_obtained":[{"floor":2,"key":"infinitespire:Broken Mirror"},{"floor":8,"key":"Letter Opener"},{"floor":11,"key":"Mercury Hourglass"},{"floor":15,"key":"Replay:Bandana"},{"floor":23,"key":"Ring of Peace"},{"floor":23,"key":"Ring of Greed"},{"floor":23,"key":"Golden Idol"},{"floor":23,"key":"infinitespire:Midas Blood"},{"floor":26,"key":"ReplayTheSpireMod:TigerMarble"},{"floor":26,"key":"halation:TwoAmDonut"},{"floor":28,"key":"Pen Nib"},{"floor":29,"key":"Replay:Mystery Machine"},{"floor":32,"key":"Replay:Wax Seal"}],"event_choices":[{"damage_healed":0,"gold_gain":75,"player_choice":"Gather Gold","damage_taken":11,"max_hp_gain":0,"max_hp_loss":0,"event_name":"World of Goop","floor":3,"gold_loss":0},{"damage_healed":0,"gold_gain":0,"player_choice":"Entered Light","damage_taken":14,"max_hp_gain":0,"max_hp_loss":0,"event_name":"Shining Light","floor":7,"gold_loss":0,"cards_upgraded":["Dark Shackles","Thinking Ahead"]}],"is_beta":false,"boss_relics":[{"not_picked":["SacredBark","hubris:TerracottaHorce"],"picked":"Philosopher\u0027s Stone"},{"not_picked":["Fusion Hammer","hubris:RunicObelisk"],"picked":"infinitespire:Cupcake"}],"items_purged_floors":[],"is_endless":false,"potions_floor_spawned":[1,9,13,14,15,26,31,35],"killed_by":"3 Darklings","ascension_level":2}}