{"host":"i3w38rq1z4slkels","time":1613712272,"event":{"mods":["2.2 Compatiblity","Act Like it!","BaseMod","Better Match","Better Vampires","BetterRewards","Conspire","Downfall","Hallownest","Minty Spire (QoL Compilation)","Rare Cards Sparkle","Replay The Spire","StSLib"],"gold_per_floor":[99,119,134,284,304,320,320,348,79,79,134,46,58,80,106,217,229,241,264,183,283,19,36,36,36,36,68,80,94,94,114,134,235,235,135,149,161,211,224,224,224,224,239,256,283,483,497,647,666,666,666,692,67,67,67,67,67,67],"floor_reached":56,"language":"ENG","playtime":4733,"items_purged":["downfall:Icky","bronze:Strike","bronze:Strike"],"score":798,"play_id":"a8f57e3b-af81-4149-b6ae-c45a880b0acd","local_time":"20210219122432","is_ascension_mode":true,"campfire_choices":[{"floor":1,"key":"RECALL"},{"data":"bronze:ChosenStrike","floor":12,"key":"SMITH"},{"data":"bronze:Virus","floor":18,"key":"SMITH"},{"data":"bronze:InfiniteBeams","floor":26,"key":"SMITH"},{"data":"bronze:SpaghettiCode","floor":30,"key":"SMITH"},{"data":"bronze:SpaghettiCode","floor":35,"key":"SMITH"},{"data":"bronze:Repair","floor":40,"key":"SMITH"},{"data":"bronze:Goto","floor":42,"key":"SMITH"},{"data":"bronze:Verify","floor":46,"key":"SMITH"},{"data":"expansioncontent:DashGenerateEvil","floor":54,"key":"SMITH"}],"circlet_count":0,"master_deck":["bronze:Strike","bronze:Defend","bronze:Defend","bronze:Goto+1","bronze:Repair+1","bronze:FunctionCard","bronze:ChosenStrike+1","expansioncontent:StudyTheSpire+1","bronze:Virus+1","bronze:InfiniteBeams+1","bronze:Iterate+1","bronze:FunctionCard","bronze:SpaghettiCode+1","bronze:SpaghettiCode+1","Decay","bronze:Verify+1","expansioncontent:DashGenerateEvil+1"],"relics":["bronze:BronzeCore","Turnip","conspire:DeflatedDodgeball","downfall:HeartBlessingRed","Cursed Key","Oddly Smooth Stone","Replay:Rubber Ducky","downfall:GremlinWheel","DollysMirror","Guardian:PocketSentry","Replay:Drink Me","downfall:HeartBlessingBlue","Ice Cream","Juzu Bracelet","downfall:HeartBlessingGreen","Pen Nib","Medical Kit"],"acts_visited":["Exordium","TheCity","TheBeyond","TheEnding"],"potions_floor_usage":[6,8,20,20,28,39,39,50,50,52,55,56,56],"damage_taken":[{"damage":4,"enemies":"Jaw Worm","floor":2,"turns":4},{"damage":0,"enemies":"2 Louse","floor":3,"turns":4},{"damage":1,"enemies":"Cultist","floor":5,"turns":3},{"damage":0,"enemies":"3 Louse","floor":6,"turns":4},{"damage":5,"enemies":"Replay:BlueRogue","floor":8,"turns":9},{"damage":0,"enemies":"downfall:FleeingMerchant","floor":9,"turns":4},{"damage":9,"enemies":"Lagavulin Event","floor":11,"turns":4},{"damage":9,"enemies":"Exordium Thugs","floor":14,"turns":3},{"damage":4,"enemies":"2 Fungi Beasts","floor":15,"turns":3},{"damage":41,"enemies":"DF_ARCHETYPE_STREAMLINE","floor":16,"turns":8},{"damage":1,"enemies":"Shell Parasite","floor":19,"turns":3},{"damage":6,"enemies":"downfall:FleeingMerchant","floor":20,"turns":5},{"damage":0,"enemies":"downfall:FleeingMerchant","floor":21,"turns":2},{"damage":0,"enemies":"conspire:FuzzyDice","floor":23,"turns":3},{"damage":9,"enemies":"Gremlin Leader","floor":27,"turns":4},{"damage":0,"enemies":"Centurion and Healer","floor":28,"turns":3},{"damage":11,"enemies":"Snake Plant","floor":29,"turns":3},{"damage":9,"enemies":"3 Cultists","floor":31,"turns":3},{"damage":0,"enemies":"Sentry and Sphere","floor":32,"turns":2},{"damage":23,"enemies":"SI_MIRROR_ARCHETYPE","floor":33,"turns":5},{"damage":17,"enemies":"3 Shapes","floor":36,"turns":2},{"damage":0,"enemies":"3 Darklings","floor":37,"turns":3},{"damage":0,"enemies":"3 Darklings","floor":38,"turns":3},{"damage":14,"enemies":"Maw","floor":39,"turns":5},{"damage":7,"enemies":"Transient","floor":43,"turns":5},{"damage":0,"enemies":"Jaw Worm Horde","floor":44,"turns":2},{"damage":20,"enemies":"Nemesis","floor":45,"turns":5},{"damage":0,"enemies":"3 Darklings","floor":47,"turns":2},{"damage":14,"enemies":"4 Shapes","floor":49,"turns":4},{"damage":12,"enemies":"IC_BLOCK_ARCHETYPE","floor":50,"turns":7},{"damage":0,"enemies":"downfall:CharBossMerchant","floor":52,"turns":5},{"damage":58,"enemies":"downfall:NeowBoss","floor":55,"turns":13},{"damage":23,"enemies":"downfall:NeowBossFinal","floor":56,"turns":8}],"seed_played":"267276438751691862","potions_obtained":[{"floor":2,"key":"SkillPotion"},{"floor":6,"key":"ColorlessPotion"},{"floor":15,"key":"Swift Potion"},{"floor":16,"key":"bronze:FreeFunctionsPotion"},{"floor":19,"key":"Flashbang"},{"floor":21,"key":"bronze:FreeFunctionsPotion"},{"floor":27,"key":"AttackPotion"},{"floor":31,"key":"Strength Potion"},{"floor":38,"key":"Swift Potion"},{"floor":45,"key":"ColorlessPotion"},{"floor":49,"key":"Block Potion"}],"is_trial":false,"path_per_floor":["R","M","M","?","M","M","T","E","$","?","?","R","?","M","M","B",null,"R","M","$","?","$","M","T","$","R","E","M","M","R","M","M","B",null,"R","M","M","?","M","R","T","R","M","M","E","R","M","?","M","B",null,"E","$","R","B","B"],"character_chosen":"THE_AUTOMATON","items_purchased":["expansioncontent:StudyTheSpire","Oddly Smooth Stone","Replay:Rubber Ducky","DollysMirror","bronze:SpaghettiCode","SkillPotion","DistilledChaos","SteroidPotion","expansioncontent:DashGenerateEvil","Medical Kit"],"campfire_rested":0,"item_purchase_floors":[9,20,20,22,22,53,53,53,53,53],"current_hp_per_floor":[70,66,66,66,65,65,65,70,70,70,61,61,61,52,48,14,70,70,69,64,70,70,70,70,70,70,66,70,66,66,57,64,48,53,63,46,46,53,46,46,46,46,49,59,49,49,59,59,55,51,63,63,63,63,5,0,0,0],"gold":67,"neow_bonus":"THREE_CARDS","is_daily":false,"chose_seed":false,"campfire_upgraded":9,"win_rate":0.0,"timestamp":1613712272,"path_taken":["R","M","M","?","M","M","T","E","$","?","?","R","?","?","M","BOSS","R","M","$","?","$","M","T","?","R","E","M","M","R","M","M","BOSS","R","M","M","?","M","R","T","R","M","M","E","R","M","?","M","BOSS","E","$","R","BOSS","BOSS"],"items_purchased_type":["Card","Relic","Relic","Relic","Card","Potion","Potion","Potion","Card","Relic"],"build_version":"2020-12-22","purchased_purges":3,"victory":false,"max_hp_per_floor":[70,70,70,70,70,70,70,70,70,70,70,70,70,70,70,70,70,70,70,70,70,70,70,70,70,70,70,70,70,70,70,70,70,53,63,63,63,63,63,63,63,63,63,63,63,63,63,63,63,63,63,63,63,63,63,63,63,63],"card_choices":[{"not_picked":["bronze:BuggyMess","bronze:Overload"],"picked":"bronze:Iterate","floor":0},{"not_picked":["bronze:DarkDash","bronze:Philosophize","bronze:BugBarrage"],"picked":"SKIP","floor":2},{"not_picked":["bronze:Repulsor","bronze:Turbo"],"picked":"bronze:Separator","floor":3},{"not_picked":["bronze:CutThrough","bronze:DelayedGuard"],"picked":"bronze:Hardcode","floor":5},{"not_picked":["bronze:DigitalCarnage","bronze:CutThrough"],"picked":"bronze:Repair","floor":6},{"not_picked":["bronze:ClassDefault","bronze:WildBeam"],"picked":"bronze:ChosenStrike","floor":8},{"not_picked":["bronze:Allocate","bronze:Frontload","bronze:Deprecate"],"picked":"SKIP","floor":9},{"not_picked":["bronze:Backtrace","bronze:BuggyMess","bronze:FollowUp"],"picked":"SKIP","floor":14},{"not_picked":["bronze:Safeguard","bronze:Fortify","bronze:GetLatest"],"picked":"SKIP","floor":15},{"not_picked":["bronze:ThunderWave","bronze:AlphaBuild"],"picked":"bronze:Virus","floor":16},{"not_picked":["bronze:Turbo+1","bronze:CutThrough"],"picked":"bronze:InfiniteBeams","floor":19},{"not_picked":["bronze:WhirlingStrike","bronze:NullPointer"],"picked":"bronze:Iterate+1","floor":20},{"not_picked":["bronze:Shield","bronze:Turbo+1","bronze:Overload+1"],"picked":"SKIP","floor":23},{"not_picked":["bronze:Break","bronze:Overheat","bronze:ShipIt"],"picked":"SKIP","floor":27},{"not_picked":["bronze:Safeguard+1","bronze:Overheat","bronze:WhirlingStrike"],"picked":"SKIP","floor":28},{"not_picked":["bronze:BronzeOrb","bronze:DelayedGuard","bronze:WhirlingStrike"],"picked":"SKIP","floor":29},{"not_picked":["bronze:BugBarrage","bronze:CutThrough","bronze:Overheat"],"picked":"SKIP","floor":31},{"not_picked":["bronze:DelayedSlice","bronze:BronzeOrb","bronze:WildBeam+1"],"picked":"SKIP","floor":32},{"not_picked":["bronze:BuggyMess+1","bronze:Fortify","bronze:DelayedGuard+1"],"picked":"SKIP","floor":36},{"not_picked":["bronze:WildBeam+1","bronze:Invalidate+1","bronze:FollowUp+1"],"picked":"SKIP","floor":37},{"not_picked":["bronze:Constructor","bronze:OilSpill","bronze:BitShift+1"],"picked":"SKIP","floor":39},{"not_picked":["bronze:Iterate+1","bronze:Frontload+1"],"picked":"bronze:Verify","floor":43},{"not_picked":["bronze:Turbo+1","bronze:Safeguard","bronze:ClassDefault+1"],"picked":"SKIP","floor":44},{"not_picked":["bronze:NullPointer+1","bronze:Shell","bronze:InfiniteLoop"],"picked":"SKIP","floor":45},{"not_picked":["bronze:Turbo","bronze:Constructor+1","bronze:ForLoop+1"],"picked":"SKIP","floor":47},{"not_picked":["bronze:BugBarrage+1","bronze:CutThrough","bronze:DarkDash"],"picked":"SKIP","floor":49},{"not_picked":["bronze:BuggyMess+1","bronze:WildBeam+1","bronze:Allocate+1"],"picked":"SKIP","floor":52}],"player_experience":507506,"relics_obtained":[{"floor":7,"key":"Turnip"},{"floor":8,"key":"conspire:DeflatedDodgeball"},{"floor":11,"key":"MawBank"},{"floor":21,"key":"downfall:GremlinWheel"},{"floor":27,"key":"Guardian:PocketSentry"},{"floor":38,"key":"Ice Cream"},{"floor":45,"key":"Juzu Bracelet"},{"floor":52,"key":"Pen Nib"}],"event_choices":[{"damage_healed":0,"gold_gain":0,"player_choice":"Grow","damage_taken":0,"max_hp_gain":0,"max_hp_loss":0,"event_name":"Living Wall","floor":10,"gold_loss":0,"cards_upgraded":["expansioncontent:StudyTheSpire"]},{"damage_healed":0,"gold_gain":300,"player_choice":"Gold","damage_taken":0,"max_hp_gain":0,"max_hp_loss":0,"event_name":"Wheel of Change","floor":46,"gold_loss":0}],"is_beta":false,"boss_relics":[{"not_picked":["Astrolabe","ChewingGum"],"picked":"Cursed Key"},{"not_picked":["Tiny House","Runic Dome"],"picked":"Replay:Drink Me"}],"items_purged_floors":[9,20,53],"is_endless":false,"potions_floor_spawned":[2,6,15,16,19,21,27,31,38,45,49],"killed_by":"downfall:NeowBossFinal","ascension_level":2}}