{"host":"zu1swnxjkaahohqc","time":1613697410,"event":{"mods":["BaseMod","Hubris","Minty Spire (QoL Compilation)","Replay The Spire","StSLib"],"gold_per_floor":[117,67,67,29,41,76,93,93,93,93,93,120,139,164,164,261,261,273,273,273,273,198,198,232,248,248,248,188,65,65,65],"floor_reached":30,"language":"ENG","playtime":1653,"items_purged":["Defend_P"],"score":374,"play_id":"5bfad7ce-fe96-42c2-b89f-0d9997652f81","local_time":"20210218201650","is_ascension_mode":true,"campfire_choices":[{"data":"Devotion","floor":8,"key":"SMITH"},{"data":"Eruption","floor":10,"key":"SMITH"},{"data":"FlurryOfBlows","floor":15,"key":"SMITH"},{"data":"Scrawl","floor":23,"key":"SMITH"},{"floor":27,"key":"REST"}],"circlet_count":0,"master_deck":["Strike_P","Strike_P","Defend_P","Defend_P","Eruption+1","Vigilance","Devotion+1","FearNoEvil","EmptyBody","FlurryOfBlows+1","Scrawl+1","CrushJoints","Indignation","Prostrate","Consecrate"],"relics":["HolyWater","NeowsBlessing","hubris:SphereOfDissonance","hubris:PeanutButter","Quantum Egg","Juzu Bracelet","Nilry\u0027s Codex","Replay:Wax Seal","hubris:MysteriousPyramids","Replay:Bottled Steam"],"acts_visited":["Exordium","TheCity"],"potions_floor_usage":[14,25],"damage_taken":[{"damage":0,"enemies":"2 Louse","floor":1,"turns":1},{"damage":0,"enemies":"Jaw Worm","floor":5,"turns":1},{"damage":0,"enemies":"Lagavulin","floor":6,"turns":1},{"damage":0,"enemies":"Cultist","floor":7,"turns":2},{"damage":2,"enemies":"3 Sentries","floor":12,"turns":4},{"damage":0,"enemies":"3 Louse","floor":13,"turns":2},{"damage":0,"enemies":"Gremlin Nob","floor":14,"turns":2},{"damage":68,"enemies":"Fading Forest","floor":16,"turns":11},{"damage":1,"enemies":"2 Thieves","floor":18,"turns":3},{"damage":46,"enemies":"Replay:Snechameleon","floor":24,"turns":3},{"damage":5,"enemies":"3 Byrds","floor":25,"turns":4},{"damage":0,"enemies":"Book of Stabbing","floor":30,"turns":2}],"seed_played":"-3639987126027916073","potions_obtained":[{"floor":1,"key":"EssenceOfSteel"},{"floor":7,"key":"Regen Potion"},{"floor":12,"key":"BlessingOfTheForge"},{"floor":13,"key":"LiquidMemories"},{"floor":24,"key":"Weak Potion"},{"floor":25,"key":"Cursed Concoction"}],"is_trial":false,"path_per_floor":["M","?","?","$","M","E","M","R","T","R","?","E","M","E","R","B",null,"M","?","?","?","?","R","E","M","T","R","?","$","E"],"character_chosen":"WATCHER","items_purchased":["FearNoEvil","Consecrate"],"campfire_rested":1,"item_purchase_floors":[4,29],"current_hp_per_floor":[72,72,72,72,72,72,72,72,72,72,72,70,70,70,70,10,72,71,56,59,62,65,65,19,14,14,35,38,38,38,38],"gold":65,"neow_bonus":"THREE_ENEMY_KILL","is_daily":false,"chose_seed":false,"campfire_upgraded":4,"win_rate":0.0,"timestamp":1613697410,"path_taken":["M","?","?","$","?","E","M","R","T","R","?","E","M","E","R","BOSS","M","?","?","?","?","R","E","M","T","R","?","$","E"],"items_purchased_type":["Card","Card"],"build_version":"2020-12-13","purchased_purges":1,"victory":false,"max_hp_per_floor":[72,72,72,72,72,72,72,72,72,72,72,72,72,72,72,72,72,72,72,72,72,72,72,72,72,72,72,72,72,72,72],"card_choices":[{"not_picked":["Fasting2","PathToVictory","FollowUp"],"picked":"SKIP","floor":1},{"not_picked":["Collect","Consecrate"],"picked":"EmptyBody","floor":5},{"not_picked":["Perseverance","Evaluate"],"picked":"FlurryOfBlows","floor":6},{"not_picked":["Replay:Cycle","Protect","Replay:AtTheReady"],"picked":"SKIP","floor":7},{"not_picked":["Evaluate","LikeWater","Wireheading"],"picked":"SKIP","floor":12},{"not_picked":["Perseverance","PathToVictory","WaveOfTheHand"],"picked":"SKIP","floor":13},{"not_picked":["CutThroughFate","Evaluate","EmptyBody"],"picked":"SKIP","floor":14},{"not_picked":["MasterReality","Blasphemy"],"picked":"Scrawl","floor":16},{"not_picked":["EmptyFist","Evaluate","CutThroughFate"],"picked":"SKIP","floor":18},{"not_picked":["JustLucky+1","ThirdEye+1"],"picked":"Indignation","floor":24},{"not_picked":["CrushJoints","Protect"],"picked":"Prostrate","floor":25}],"player_experience":14964,"relics_obtained":[{"floor":6,"key":"hubris:SphereOfDissonance"},{"floor":9,"key":"hubris:PeanutButter"},{"floor":12,"key":"Quantum Egg"},{"floor":14,"key":"Juzu Bracelet"},{"floor":19,"key":"Nilry\u0027s Codex"},{"floor":24,"key":"hubris:MysteriousPyramids"},{"floor":26,"key":"Replay:Bottled Steam"}],"event_choices":[{"cards_removed":["Defend_P"],"damage_healed":0,"gold_gain":0,"player_choice":"Card Removal","damage_taken":0,"max_hp_gain":0,"max_hp_loss":0,"event_name":"The Cleric","floor":2,"gold_loss":50},{"damage_healed":0,"gold_gain":0,"player_choice":"1 cards matched","damage_taken":0,"max_hp_gain":0,"max_hp_loss":0,"event_name":"Match and Keep!","floor":3,"gold_loss":0,"cards_obtained":["Devotion"]},{"cards_removed":["Strike_P"],"damage_healed":0,"gold_gain":0,"player_choice":"Offered Basic","damage_taken":0,"max_hp_gain":0,"max_hp_loss":0,"event_name":"Bonfire Elementals","floor":11,"gold_loss":0},{"damage_healed":0,"gold_gain":0,"player_choice":"Obtained Book","damage_taken":16,"max_hp_gain":0,"max_hp_loss":0,"event_name":"Cursed Tome","floor":19,"gold_loss":0},{"damage_healed":0,"gold_gain":0,"player_choice":"Gave Potion","damage_taken":0,"relics_obtained":["Replay:Wax Seal"],"max_hp_gain":0,"max_hp_loss":0,"event_name":"WeMeetAgain","floor":21,"gold_loss":0},{"cards_removed":["Strike_P"],"damage_healed":0,"gold_gain":0,"player_choice":"Gave Gold","damage_taken":0,"max_hp_gain":0,"max_hp_loss":0,"event_name":"Beggar","floor":22,"gold_loss":75}],"is_beta":false,"boss_relics":[{"not_picked":["hubris:TerracottaHorce","Cursed Key"],"picked":"HolyWater"}],"items_purged_floors":[29],"is_endless":false,"potions_floor_spawned":[1,7,12,13,24,25],"killed_by":"Book of Stabbing","ascension_level":4}}