{"host":"5wwct7e0z3l0f094","time":1613757080,"event":{"mods":["AchievementEnabler","BaseMod","Downfall","Highlight Path","Minty Spire (QoL Compilation)","Quick Restart","StSLib","SuperFastMode"],"gold_per_floor":[117,172,347,361,436,462,476,476,476],"floor_reached":8,"language":"ENG","playtime":154,"items_purged":[],"score":126,"play_id":"c9a6a097-dc91-4f22-b3c8-82aac6cbd4c0","local_time":"20210219125120","is_ascension_mode":true,"campfire_choices":[],"circlet_count":0,"master_deck":["AscendersBane","Strike_B","Strike_B","Strike_B","Strike_B","Defend_B","Defend_B","Defend_B","Defend_B","Zap","Dualcast","Doubt","Capacitor","Defragment"],"relics":["Cracked Core","NeowsBlessing","Smiling Mask","Kunai"],"acts_visited":["Exordium"],"potions_floor_usage":[8],"damage_taken":[{"damage":0,"enemies":"Cultist","floor":1,"turns":1},{"damage":0,"enemies":"Small Slimes","floor":4,"turns":1},{"damage":0,"enemies":"Gremlin Nob","floor":6,"turns":1},{"damage":14,"enemies":"Jaw Worm","floor":7,"turns":3},{"damage":60,"enemies":"3 Sentries","floor":8,"turns":7}],"seed_played":"-1294106460558564967","potions_obtained":[{"floor":6,"key":"Regen Potion"}],"is_trial":false,"path_per_floor":["M","T","?","M","?","E","M","E"],"character_chosen":"DEFECT","items_purchased":[],"campfire_rested":0,"item_purchase_floors":[],"current_hp_per_floor":[68,68,68,68,57,57,43,0,0],"gold":476,"neow_bonus":"THREE_ENEMY_KILL","is_daily":false,"chose_seed":false,"campfire_upgraded":0,"win_rate":0.0,"timestamp":1613757080,"path_taken":["M","?","?","M","?","E","M","E"],"items_purchased_type":[],"build_version":"2020-12-22","purchased_purges":0,"victory":false,"max_hp_per_floor":[75,75,75,75,75,75,75,75,75],"card_choices":[{"not_picked":["Streamline","Reprogram","Stack"],"picked":"SKIP","floor":1},{"not_picked":["Steam Power","Redo"],"picked":"Capacitor","floor":4},{"not_picked":["Gash","Meteor Strike","Recycle"],"picked":"SKIP","floor":6},{"not_picked":["Ball Lightning","Turbo"],"picked":"Defragment","floor":7}],"player_experience":345524,"relics_obtained":[{"floor":2,"key":"Smiling Mask"},{"floor":6,"key":"Kunai"}],"event_choices":[{"damage_healed":0,"gold_gain":175,"player_choice":"AGREE","damage_taken":0,"max_hp_gain":0,"max_hp_loss":0,"event_name":"Liars Game","floor":3,"gold_loss":0,"cards_obtained":["Doubt"]},{"damage_healed":0,"gold_gain":75,"player_choice":"Gather Gold","damage_taken":11,"max_hp_gain":0,"max_hp_loss":0,"event_name":"World of Goop","floor":5,"gold_loss":0}],"is_beta":false,"boss_relics":[],"items_purged_floors":[],"is_endless":false,"potions_floor_spawned":[6],"killed_by":"3 Sentries","ascension_level":11}}