{"host":"3twtdwjpiqhvvn5s","time":1613775851,"event":{"mods":["AchievementEnabler","Act Like it!","Aspiration","BaseMod","BetterRewards","Colored Map","Colored Powertips","Downfall","Duelist Mod","Friendly Minions","GifTheSpireLib","Hermit","Hubris","Infinite Spire","Jorbs\u0027s Wanderer Trilogy","Koishi","KomeijiMod","Marisa????????","Minty Spire (QoL Compilation)","Quick Restart","Rare Cards Sparkle","Replay The Spire","Shop Mod","StSLib","Td1madao Mod","The Administrix","The Animator","The Bug Knight","The Caster","The Cursed","The Disciple","The Hierophant","The Necromancer","The Poker Player","The Runesmith","The Servant 0.9.4"],"gold_per_floor":[176,126,142,153,153,178,206,218,263,283,313,313,330,2,2,100,100,110,25,43,55,89,89,123,141,164,180,180,195,230,246,246,344,344,356,367,417,417,448,448,460,491,491,510,510,540,569,598,610,622],"floor_reached":51,"language":"ENG","playtime":69639,"items_purged":[],"score":923,"play_id":"76cad12c-3c48-4853-8bd5-ac4b2e1fc219","local_time":"20210219170411","daily_mods":["Blue Cards","DeadlyEvents"],"is_ascension_mode":false,"campfire_choices":[{"floor":15,"key":"REST"},{"floor":23,"key":"REST"},{"data":"BadLadyScramble","floor":32,"key":"SMITH"},{"floor":40,"key":"REST"},{"floor":45,"key":"REST"},{"data":"HeartBreak_Remiria","floor":49,"key":"SMITH"}],"circlet_count":0,"master_deck":["Strike_Remiria","Strike_Remiria","Strike_Remiria+1","Strike_Remiria","Defend_Remirira","Defend_Remirira","Absorbed","Scratch","StigmaNizer","Offensive","DemonsDinnerFork_Remiria","Conserve Battery","Rebound","Cold Snap","Turbo","RemiliaStretch_Remiria","Warpath","CombatMeter","BloodCollect","FateEnsemble+1","DemonsDinnerFork_Remiria","CombatMeter","FierceSweep","BadLadyScramble+1","TricksterDevil","CombatMeter","StigmaNizer","ServantFlier","Tearing","HeartBreak_Remiria+1","CruelSlaughter+1","DemonsDinnerFork_Remiria+1","YoungDemonLord","Replay:Vibes","Tearing","BloodCleaner+1","Devotion","ServantFlier+1","DemonLordWalk+1","JustLucky+1"],"relics":["ThirstyCrossSpe","hubris:PeanutButter","MealTicket","Smiling Mask","Pen Nib","InkBottle","HornCleat","hubris:VirtuousBlindfold","infinitespire:ShieldingShard","Toy Ornithopter","aspiration:StickyExplosives_weak","ReplayFunnel","hubris:ToyBattleship","aspiration:WatcherSkillbook","CaptainsWheel","aspiration:FrozenJewel","Mercury Hourglass","Gremlin Food","MawBank"],"acts_visited":["Exordium","TheCity","TheBeyond"],"potions_floor_usage":[6,11,11,16,22,25,27,30,35,37,47,47,47],"damage_taken":[{"damage":0,"enemies":"Small Slimes","floor":1,"turns":3},{"damage":8,"enemies":"2 Louse","floor":3,"turns":3},{"damage":0,"enemies":"Cultist","floor":4,"turns":3},{"damage":8,"enemies":"Gremlin Nob","floor":6,"turns":3},{"damage":16,"enemies":"3 Sentries","floor":7,"turns":5},{"damage":6,"enemies":"3 Louse","floor":8,"turns":4},{"damage":0,"enemies":"Red Slaver","floor":10,"turns":3},{"damage":12,"enemies":"Lagavulin","floor":11,"turns":4},{"damage":7,"enemies":"Exordium Wildlife","floor":13,"turns":4},{"damage":18,"enemies":"Slime Boss","floor":16,"turns":4},{"damage":12,"enemies":"Shell Parasite","floor":18,"turns":4},{"damage":0,"enemies":"2 Thieves","floor":20,"turns":4},{"damage":7,"enemies":"Shelled Parasite and Fungi","floor":21,"turns":3},{"damage":11,"enemies":"Book of Stabbing","floor":22,"turns":6},{"damage":0,"enemies":"Gremlin Leader","floor":24,"turns":6},{"damage":4,"enemies":"Snake Plant","floor":25,"turns":4},{"damage":3,"enemies":"Cultist and Chosen","floor":27,"turns":4},{"damage":0,"enemies":"Sentry and Sphere","floor":29,"turns":3},{"damage":3,"enemies":"Book of Stabbing","floor":30,"turns":4},{"damage":6,"enemies":"Snake Plant","floor":31,"turns":6},{"damage":0,"enemies":"Collector","floor":33,"turns":6},{"damage":0,"enemies":"Orb Walker","floor":35,"turns":4},{"damage":0,"enemies":"3 Darklings","floor":36,"turns":3},{"damage":32,"enemies":"Mind Bloom Boss Battle","floor":37,"turns":4},{"damage":49,"enemies":"Reptomancer","floor":39,"turns":5},{"damage":0,"enemies":"Maw","floor":41,"turns":6},{"damage":12,"enemies":"Nemesis","floor":42,"turns":5},{"damage":0,"enemies":"Writhing Mass","floor":44,"turns":5},{"damage":7,"enemies":"Reptomancer","floor":46,"turns":4},{"damage":0,"enemies":"Sphere and 2 Shapes","floor":47,"turns":4},{"damage":0,"enemies":"Jaw Worm Horde","floor":48,"turns":3},{"damage":2,"enemies":"hubris:GrandSnecko","floor":50,"turns":5}],"seed_played":"-1577970389328809776","potions_obtained":[{"floor":3,"key":"SteroidPotion"},{"floor":7,"key":"hexamod:SoulburnPotion"},{"floor":8,"key":"Ancient Potion"},{"floor":13,"key":"champ:CounterPotion"},{"floor":18,"key":"Elixir"},{"floor":22,"key":"hexamod:SoulburnPotion"},{"floor":24,"key":"ExcitationPotion"},{"floor":27,"key":"BlessingOfTheForge"},{"floor":33,"key":"Dexterity Potion"},{"floor":36,"key":"Fire Potion"},{"floor":37,"key":"Elixir"},{"floor":44,"key":"LiquidBronze"},{"floor":46,"key":"SkillPotion"}],"is_trial":true,"path_per_floor":["M","?","M","M","?","E","E","M","T","M","E","T","M","$","R","B",null,"M","?","M","M","E","R","E","M","T","M","?","M","E","M","R","B",null,"M","M","?","?","E","R","M","E","T","M","R","E","M","M","R_BF","B",null],"character_chosen":"RemiriaScarlet","items_purchased":["HornCleat","CombatMeter"],"campfire_rested":4,"item_purchase_floors":[14,14],"current_hp_per_floor":[100,100,92,92,92,84,68,62,62,62,50,50,43,58,88,70,100,88,88,88,81,70,100,100,100,100,97,97,97,100,94,94,94,100,100,100,68,68,23,53,53,41,41,41,71,64,79,79,79,77],"gold":634,"neow_bonus":"","is_daily":false,"chose_seed":false,"campfire_upgraded":2,"win_rate":0.0,"timestamp":1613775851,"path_taken":["M","?","M","M","?","E","?","M","T","M","E","?","M","$","R","BOSS","M","?","?","M","?","R","E","M","T","M","?","M","?","M","R","BOSS","M","M","?","?","?","R","M","?","T","?","R","?","M","M","R_BF","BOSS"],"items_purchased_type":["Relic","Card"],"build_version":"2020-12-22","purchased_purges":0,"victory":true,"max_hp_per_floor":[100,100,100,100,100,100,100,100,100,100,100,100,100,100,100,100,100,100,100,100,100,100,100,100,100,100,100,100,100,100,100,100,100,100,100,100,100,100,100,100,100,100,100,100,100,100,100,100,100,100],"card_choices":[{"not_picked":["BloodCollect","Turbo"],"picked":"StigmaNizer","floor":1},{"not_picked":["BodyStrengthen","hubris:PowerSurge"],"picked":"Offensive","floor":3},{"not_picked":["Compile Driver","Blizzard"],"picked":"DemonsDinnerFork_Remiria","floor":4},{"not_picked":["FierceSweep","FIFO Queue"],"picked":"Conserve Battery","floor":6},{"not_picked":["VampireKiss_Remiria","hubris:SpecializedCircuitry"],"picked":"Rebound","floor":7},{"not_picked":["Chill","Streamline"],"picked":"Cold Snap","floor":8},{"not_picked":["FastHealing","Genetic Algorithm"],"picked":"Turbo","floor":10},{"not_picked":["FastHealing","PainBurst"],"picked":"RemiliaStretch_Remiria","floor":11},{"not_picked":["Tempest","DoubleEdge"],"picked":"Warpath","floor":13},{"not_picked":["BloodySuit+1","FastHealing"],"picked":"BloodCollect","floor":18},{"not_picked":["BodyStrengthen","BloodCollect"],"picked":"FateEnsemble+1","floor":20},{"not_picked":["Tepes","SealingFear"],"picked":"DemonsDinnerFork_Remiria","floor":21},{"not_picked":["FastHealing","BloodySuit"],"picked":"CombatMeter","floor":22},{"not_picked":["FastHealing+1","BathedInBlood"],"picked":"FierceSweep","floor":24},{"not_picked":["BloodCollect","FastHealing"],"picked":"BadLadyScramble","floor":25},{"not_picked":["Warpath","BloodySuit+1"],"picked":"TricksterDevil","floor":27},{"not_picked":["Offensive","VampireClaw+1"],"picked":"StigmaNizer","floor":29},{"not_picked":["BloodPact","Cripple"],"picked":"ServantFlier","floor":30},{"not_picked":["Rewrite","DoubleEdge"],"picked":"Tearing","floor":31},{"not_picked":["Reaper_Remiria","AllTheWorldInNightmare"],"picked":"HeartBreak_Remiria","floor":33},{"not_picked":["CrushJoints+1","JustLucky","Evaluate+1"],"picked":"CruelSlaughter+1","floor":35},{"not_picked":["ConjureBlade","BodyStrengthen","LikeWater+1"],"picked":"DemonsDinnerFork_Remiria+1","floor":36},{"not_picked":["Replay:ManipulateFuture+1","Protect","SandsOfTime+1"],"picked":"YoungDemonLord","floor":37},{"not_picked":["Replay:ManipulateFuture","Rewrite","BodyStrengthen+1"],"picked":"Replay:Vibes","floor":39},{"not_picked":["FateMeister","PathToVictory+1","Feint+1"],"picked":"Tearing","floor":41},{"not_picked":["Replay:ManipulateFuture","Crescendo+1","Exsanguinate"],"picked":"BloodCleaner+1","floor":42},{"not_picked":["Rewrite+1","FateCollect+1","FollowUp"],"picked":"Devotion","floor":44},{"not_picked":["SashWhip","MentalFortress+1","Conclude+1"],"picked":"ServantFlier+1","floor":46},{"not_picked":["Feint+1","Replay:Anticipation","FateMeister+1"],"picked":"DemonLordWalk+1","floor":47},{"not_picked":["Fasting2","TrickFate","DamonLordCradle_Remiria+1"],"picked":"JustLucky+1","floor":48}],"player_experience":3199677,"relics_obtained":[{"floor":6,"key":"hubris:PeanutButter"},{"floor":7,"key":"MealTicket"},{"floor":9,"key":"Smiling Mask"},{"floor":11,"key":"Pen Nib"},{"floor":12,"key":"InkBottle"},{"floor":22,"key":"Toy Ornithopter"},{"floor":24,"key":"aspiration:StickyExplosives_weak"},{"floor":26,"key":"ReplayFunnel"},{"floor":30,"key":"hubris:ToyBattleship"},{"floor":37,"key":"CaptainsWheel"},{"floor":39,"key":"aspiration:FrozenJewel"},{"floor":42,"key":"Mercury Hourglass"},{"floor":43,"key":"Gremlin Food"},{"floor":46,"key":"MawBank"}],"event_choices":[{"cards_removed":["Defend_Remirira"],"damage_healed":0,"gold_gain":0,"player_choice":"Card Removal","damage_taken":0,"max_hp_gain":0,"max_hp_loss":0,"event_name":"The Cleric","floor":2,"gold_loss":50},{"cards_removed":["Defend_Remirira"],"damage_healed":0,"gold_gain":0,"player_choice":"Purged","damage_taken":0,"max_hp_gain":0,"max_hp_loss":0,"event_name":"Purifier","floor":5,"gold_loss":0},{"damage_healed":0,"gold_gain":0,"player_choice":"Obtained Relic","damage_taken":0,"relics_obtained":["infinitespire:ShieldingShard"],"max_hp_gain":0,"max_hp_loss":0,"event_name":"Addict","floor":19,"gold_loss":85},{"damage_healed":0,"gold_gain":0,"player_choice":"Copied","damage_taken":0,"max_hp_gain":0,"max_hp_loss":0,"event_name":"Duplicator","floor":28,"gold_loss":0,"cards_obtained":["CombatMeter"]},{"damage_healed":0,"gold_gain":0,"player_choice":"Fight","damage_taken":0,"max_hp_gain":0,"max_hp_loss":0,"event_name":"MindBloom","floor":37,"gold_loss":0},{"damage_healed":0,"gold_gain":0,"player_choice":"Bought 0 Potions","damage_taken":0,"max_hp_gain":0,"max_hp_loss":0,"event_name":"The Woman in Blue","floor":38,"gold_loss":0}],"is_beta":false,"boss_relics":[{"not_picked":["Coffee Dripper","Runic Dome"],"picked":"hubris:VirtuousBlindfold"},{"not_picked":["Replay:Drink Me","Runic Pyramid"],"picked":"aspiration:WatcherSkillbook"}],"items_purged_floors":[],"is_endless":false,"potions_floor_spawned":[3,7,8,13,18,22,24,27,33,36,37,44,46],"ascension_level":0}}