{"host":"gjwzgdilc53yxmt0","time":1613766560,"event":{"mods":["2.2 Compatiblity","BaseMod","Bestiary","Highlight Path","Minty Spire (QoL Compilation)","Relic Stats","StSLib","ojb\u0027s Info Mod"],"gold_per_floor":[166,176,20,32,46,46,62,91,91,117,174,174,186,213,213,288,288,304,304,323,59,73,103,103,134,171,215,247,270,292,338,350,439,451,499,528,585,641,335,335,361,361,361,396,433,472,513,565,565,590,640,640,640,39,65,65],"floor_reached":57,"language":"ENG","playtime":4225,"items_purged":["Strike_P","Strike_P"],"score":3367,"play_id":"4977a529-c6b3-4231-9e09-ca174ca87e0d","local_time":"20210219152920","is_ascension_mode":true,"campfire_choices":[{"data":"Eruption","floor":6.0,"key":"SMITH"},{"data":"Fasting2","floor":15.0,"key":"SMITH"},{"floor":24.0,"key":"REST"},{"floor":32.0,"key":"REST"},{"floor":40.0,"key":"REST"},{"floor":49.0,"key":"RECALL"},{"floor":53.0,"key":"DIG"}],"circlet_count":0,"master_deck":["AscendersBane","Strike_P+1","Defend_P+1","Defend_P+1","Defend_P","Defend_P","Eruption+1","Vigilance+1","FlurryOfBlows","WaveOfTheHand+1","Wallop+1","Halt+1","SashWhip","Halt+1","FollowUp+1","FlurryOfBlows","Meditate+1","Fasting2+1","JustLucky+1","LessonLearned","Halt","EmptyFist+1","TalkToTheHand+1","TalkToTheHand+1","Blasphemy","ClearTheMind","Indignation+1","Scrawl+1","Weave+1","ClearTheMind+1","FlurryOfBlows+1","Halt","Halt","Wish","MentalFortress+1","Collect+1","EmptyBody","MentalFortress","ThirdEye","Bandage Up+1","Wish","MentalFortress"],"relics":["Tiny House","Mercury Hourglass","The Courier","Art of War","StoneCalendar","PreservedInsect","Lantern","Black Star","Vajra","Orrery","Potion Belt","Toy Ornithopter","MawBank","Molten Egg 2","Centennial Puzzle","Gremlin Horn","Dead Branch","Bronze Scales","Regal Pillow","SlaversCollar","Shovel","Singing Bowl","Calipers","War Paint","MealTicket","Yang","Bag of Preparation","Letter Opener","Anchor","CloakClasp","Oddly Smooth Stone","Blood Vial","Whetstone"],"acts_visited":["Exordium","TheCity","TheBeyond","TheEnding"],"potions_floor_usage":[56,56],"damage_taken":[{"damage":4.0,"enemies":"Small Slimes","floor":1.0,"turns":3.0},{"damage":3.0,"enemies":"2 Louse","floor":2.0,"turns":3.0},{"damage":0.0,"enemies":"Jaw Worm","floor":4.0,"turns":5.0},{"damage":0.0,"enemies":"Red Slaver","floor":5.0,"turns":3.0},{"damage":7.0,"enemies":"3 Louse","floor":7.0,"turns":2.0},{"damage":13.0,"enemies":"Lagavulin","floor":8.0,"turns":6.0},{"damage":6.0,"enemies":"Gremlin Nob","floor":10.0,"turns":3.0},{"damage":1.0,"enemies":"3 Sentries","floor":11.0,"turns":6.0},{"damage":0.0,"enemies":"Exordium Wildlife","floor":13.0,"turns":3.0},{"damage":0.0,"enemies":"Lagavulin","floor":14.0,"turns":4.0},{"damage":0.0,"enemies":"Hexaghost","floor":16.0,"turns":7.0},{"damage":2.0,"enemies":"Spheric Guardian","floor":18.0,"turns":3.0},{"damage":0.0,"enemies":"Chosen","floor":20.0,"turns":3.0},{"damage":32.0,"enemies":"Snecko","floor":22.0,"turns":7.0},{"damage":0.0,"enemies":"Gremlin Leader","floor":23.0,"turns":3.0},{"damage":6.0,"enemies":"Book of Stabbing","floor":25.0,"turns":3.0},{"damage":28.0,"enemies":"Gremlin Leader","floor":27.0,"turns":4.0},{"damage":0.0,"enemies":"Sentry and Sphere","floor":28.0,"turns":3.0},{"damage":6.0,"enemies":"Snake Plant","floor":29.0,"turns":3.0},{"damage":1.0,"enemies":"Centurion and Healer","floor":30.0,"turns":6.0},{"damage":0.0,"enemies":"Book of Stabbing","floor":31.0,"turns":2.0},{"damage":46.0,"enemies":"Collector","floor":33.0,"turns":8.0},{"damage":10.0,"enemies":"3 Shapes","floor":35.0,"turns":3.0},{"damage":1.0,"enemies":"Orb Walker","floor":36.0,"turns":4.0},{"damage":6.0,"enemies":"2 Orb Walkers","floor":37.0,"turns":3.0},{"damage":19.0,"enemies":"Spire Growth","floor":38.0,"turns":4.0},{"damage":10.0,"enemies":"Giant Head","floor":41.0,"turns":5.0},{"damage":4.0,"enemies":"Nemesis","floor":44.0,"turns":6.0},{"damage":18.0,"enemies":"Transient","floor":45.0,"turns":6.0},{"damage":16.0,"enemies":"4 Shapes","floor":46.0,"turns":7.0},{"damage":23.0,"enemies":"Jaw Worm Horde","floor":47.0,"turns":5.0},{"damage":0.0,"enemies":"Giant Head","floor":48.0,"turns":7.0},{"damage":47.0,"enemies":"Time Eater","floor":50.0,"turns":12.0},{"damage":0.0,"enemies":"Awakened One","floor":51.0,"turns":17.0},{"damage":8.0,"enemies":"Shield and Spear","floor":55.0,"turns":4.0},{"damage":102,"enemies":"The Heart","floor":56,"turns":10}],"seed_played":"6510238728309176809","potions_obtained":[{"floor":0.0,"key":"SkillPotion"},{"floor":2.0,"key":"ColorlessPotion"},{"floor":5.0,"key":"FairyPotion"},{"floor":8.0,"key":"Dexterity Potion"},{"floor":22.0,"key":"Swift Potion"},{"floor":25.0,"key":"Regen Potion"},{"floor":27.0,"key":"CultistPotion"},{"floor":29.0,"key":"GamblersBrew"},{"floor":33.0,"key":"DistilledChaos"},{"floor":36.0,"key":"PowerPotion"},{"floor":37.0,"key":"StancePotion"},{"floor":44.0,"key":"StancePotion"},{"floor":47.0,"key":"PowerPotion"},{"floor":48.0,"key":"EssenceOfSteel"}],"is_trial":false,"path_per_floor":["M","M","$","M","M","R","M","E","T","E","?","?","M","E","R","B",null,"M","?","M","$","M","E","R","E","T","E","M","M","M","E","R","B",null,"M","M","?","M","$","R","E","?","T","E","M","M","M","E","R","B","B",null,"R","$","E","B",null],"character_chosen":"WATCHER","items_purchased":["Halt","SashWhip","Vajra","Orrery","MentalFortress","ThirdEye","Bandage Up","ColorlessPotion","MentalFortress","Anchor","CloakClasp","Oddly Smooth Stone","Ambrosia"],"campfire_rested":3,"item_purchase_floors":[3,3,21,21,39,39,39,39,54,54,54,54,54],"current_hp_per_floor":[62,59,59,59,59,59,52,39,39,33,32,21,21,21,21,21,60,58,58,58,58,26,26,47,41,41,13,13,7,26,26,62,21,60,50,49,53,34,34,70,65,65,65,72,72,64,49,55,55,14,25,69,69,83,82,21],"gold":65,"neow_bonus":"BOSS_RELIC","is_daily":false,"chose_seed":false,"campfire_upgraded":2,"win_rate":0.0,"timestamp":1613766560,"path_taken":["M","M","$","M","M","R","M","E","T","E","?","?","M","E","R","BOSS","M","?","M","$","M","E","R","E","T","E","M","?","M","E","R","BOSS","M","M","?","M","$","R","E","?","T","E","M","?","M","E","R","BOSS","BOSS","R","$","E","BOSS"],"items_purchased_type":["Card","Card","Relic","Relic","Card","Card","Card","Potion","Card","Relic","Relic","Relic","Potion"],"build_version":"2020-12-22","purchased_purges":2,"victory":true,"max_hp_per_floor":[73,73,73,73,73,73,73,73,73,73,73,73,73,73,73,73,73,73,73,73,73,73,73,73,73,73,73,73,73,73,73,73,73,73,73,73,73,73,73,73,75,75,75,77,79,81,83,83,83,83,83,83,83,83,85,85],"relic_stats":{"Regal Pillow":30,"Gremlin Horn":[15,15],"Singing Bowl":12,"counters":[36,183],"Dead Branch":[155],"StoneCalendar":[309],"Yang":[148],"PreservedInsect":591,"Bag of Preparation":[8],"CloakClasp":[46],"Letter Opener":[67],"Whetstone":["TalkToTheHand","Wallop"],"War Paint":["Defend_P","Bandage Up"],"MawBank":168,"Mercury Hourglass":[576],"Blood Vial":2,"Centennial Puzzle":[45],"Shovel":1,"Bronze Scales":[470],"MealTicket":14,"Art of War":[22],"Black Star":8,"obtain_stats":[{"Lantern":14,"Regal Pillow":31,"Tiny House":0,"Calipers":41,"Gremlin Horn":27,"Singing Bowl":41,"Vajra":21,"StoneCalendar":11,"Yang":48,"Bag of Preparation":48,"CloakClasp":54,"Whetstone":55,"Blood Vial":55,"Centennial Puzzle":26,"Shovel":37,"MealTicket":44,"Potion Belt":23,"Dead Branch":27,"Oddly Smooth Stone":54,"The Courier":9,"PreservedInsect":12,"Letter Opener":53,"War Paint":44,"MawBank":25,"Mercury Hourglass":8,"SlaversCollar":34,"Anchor":54,"Bronze Scales":31,"Orrery":21,"Molten Egg 2":25,"Art of War":10,"Black Star":17,"PureWater":0,"Toy Ornithopter":23},{"Lantern":10,"Regal Pillow":21,"Tiny House":0,"Calipers":27,"Gremlin Horn":17,"Singing Bowl":27,"Vajra":13,"StoneCalendar":8,"Yang":32,"Bag of Preparation":32,"CloakClasp":34,"Whetstone":35,"Blood Vial":35,"Centennial Puzzle":16,"Shovel":25,"MealTicket":28,"Potion Belt":15,"Dead Branch":17,"Oddly Smooth Stone":34,"The Courier":6,"PreservedInsect":8,"Letter Opener":34,"War Paint":28,"MawBank":16,"Mercury Hourglass":6,"SlaversCollar":22,"Anchor":34,"Bronze Scales":21,"Orrery":13,"Molten Egg 2":16,"Art of War":7,"Black Star":11,"PureWater":0,"Toy Ornithopter":15},{"Lantern":38,"Regal Pillow":82,"Tiny House":0,"Calipers":109,"Gremlin Horn":68,"Singing Bowl":109,"Vajra":51,"StoneCalendar":31,"Yang":140,"Bag of Preparation":140,"CloakClasp":169,"Whetstone":173,"Blood Vial":173,"Centennial Puzzle":64,"Shovel":100,"MealTicket":115,"Potion Belt":61,"Dead Branch":68,"Oddly Smooth Stone":169,"The Courier":22,"PreservedInsect":31,"Letter Opener":169,"War Paint":115,"MawBank":64,"Mercury Hourglass":22,"SlaversCollar":90,"Anchor":169,"Bronze Scales":82,"Orrery":51,"Molten Egg 2":64,"Art of War":25,"Black Star":45,"PureWater":0,"Toy Ornithopter":61}],"Toy Ornithopter":51},"card_choices":[{"not_picked":["WreathOfFlame","JustLucky"],"picked":"FlurryOfBlows","floor":0.0},{"not_picked":["ReachHeaven","BowlingBash"],"picked":"WaveOfTheHand","floor":1.0},{"not_picked":["ClearTheMind","BowlingBash"],"picked":"Wallop","floor":2.0},{"not_picked":["Study","Vengeance"],"picked":"Halt","floor":4.0},{"not_picked":["Alpha","Sanctity"],"picked":"FollowUp","floor":5.0},{"not_picked":["BattleHymn","FearNoEvil"],"picked":"FlurryOfBlows","floor":7.0},{"not_picked":["PathToVictory","BattleHymn","WaveOfTheHand"],"picked":"SKIP","floor":8.0},{"not_picked":["ThirdEye","BattleHymn"],"picked":"Meditate","floor":10.0},{"not_picked":["Nirvana","FollowUp"],"picked":"Fasting2","floor":11.0},{"not_picked":["SignatureMove","PathToVictory"],"picked":"JustLucky","floor":13.0},{"not_picked":["ForeignInfluence","BattleHymn","Brilliance"],"picked":"SKIP","floor":14.0},{"not_picked":["ConjureBlade","Vault"],"picked":"LessonLearned","floor":16.0},{"not_picked":["JustLucky","Crescendo"],"picked":"Halt","floor":18.0},{"not_picked":["Prostrate","Fasting2"],"picked":"EmptyFist+1","floor":20.0},{"not_picked":["EmptyFist","Worship"],"picked":"TalkToTheHand","floor":21.0},{"not_picked":["DeceiveReality","FlyingSleeves"],"picked":"TalkToTheHand","floor":21.0},{"not_picked":["Study","Worship"],"picked":"Blasphemy","floor":21.0},{"not_picked":["Evaluate","MasterReality"],"picked":"ClearTheMind","floor":21.0},{"not_picked":["ThirdEye","PathToVictory"],"picked":"Indignation","floor":22.0},{"not_picked":["CutThroughFate","PathToVictory","ClearTheMind"],"picked":"SKIP","floor":23.0},{"not_picked":["Crescendo+1","PathToVictory"],"picked":"Scrawl","floor":25.0},{"not_picked":["WindmillStrike+1","PathToVictory"],"picked":"Weave+1","floor":27.0},{"not_picked":["Evaluate","Worship"],"picked":"ClearTheMind","floor":28.0},{"not_picked":["WreathOfFlame","ReachHeaven+1"],"picked":"FlurryOfBlows+1","floor":29.0},{"not_picked":["BowlingBash+1","LikeWater"],"picked":"Halt","floor":30.0},{"not_picked":["WreathOfFlame+1","SandsOfTime+1"],"picked":"Halt","floor":31.0},{"not_picked":["Brilliance+1","Vault"],"picked":"Wish","floor":33.0},{"not_picked":["Adaptation","CrushJoints+1"],"picked":"MentalFortress+1","floor":35.0},{"not_picked":["SashWhip+1","Consecrate+1","Prostrate"],"picked":"SKIP","floor":36.0},{"not_picked":["CutThroughFate+1","SashWhip+1"],"picked":"Collect+1","floor":37.0},{"not_picked":["Consecrate+1","CarveReality+1"],"picked":"EmptyBody","floor":38.0},{"not_picked":["Swivel","EmptyBody","SignatureMove+1"],"picked":"Singing Bowl","floor":41.0},{"not_picked":["Protect","Weave+1","BowlingBash+1"],"picked":"Singing Bowl","floor":44.0},{"not_picked":["Crescendo","Collect+1","Evaluate"],"picked":"Singing Bowl","floor":45.0},{"not_picked":["Evaluate+1","EmptyBody","Crescendo"],"picked":"Singing Bowl","floor":46.0},{"not_picked":["FlyingSleeves+1","DeceiveReality","FollowUp+1"],"picked":"Singing Bowl","floor":47.0},{"not_picked":["Devotion","Prostrate"],"picked":"Wish","floor":48.0},{"not_picked":["PathToVictory","Evaluate","FlyingSleeves+1"],"picked":"Singing Bowl","floor":55.0}],"player_experience":4967822,"relics_obtained":[{"floor":8.0,"key":"Mercury Hourglass"},{"floor":9.0,"key":"The Courier"},{"floor":10.0,"key":"Art of War"},{"floor":11.0,"key":"StoneCalendar"},{"floor":14.0,"key":"Lantern"},{"floor":23.0,"key":"Potion Belt"},{"floor":23.0,"key":"Toy Ornithopter"},{"floor":25.0,"key":"MawBank"},{"floor":25.0,"key":"Molten Egg 2"},{"floor":26.0,"key":"Centennial Puzzle"},{"floor":27.0,"key":"Gremlin Horn"},{"floor":27.0,"key":"Dead Branch"},{"floor":31.0,"key":"Bronze Scales"},{"floor":31.0,"key":"Regal Pillow"},{"floor":37.0,"key":"Shovel"},{"floor":41.0,"key":"Singing Bowl"},{"floor":41.0,"key":"Calipers"},{"floor":44.0,"key":"War Paint"},{"floor":44.0,"key":"MealTicket"},{"floor":48.0,"key":"Yang"},{"floor":48.0,"key":"Bag of Preparation"},{"floor":53.0,"key":"Letter Opener"},{"floor":55.0,"key":"Blood Vial"},{"floor":55.0,"key":"Whetstone"}],"event_choices":[{"damage_healed":0.0,"max_hp_gain":0.0,"max_hp_loss":0.0,"gold_gain":0.0,"event_name":"Dead Adventurer","player_choice":"Searched \u00271\u0027 times","floor":11.0,"gold_loss":0.0,"damage_taken":0.0},{"damage_healed":0.0,"max_hp_gain":0.0,"max_hp_loss":0.0,"gold_gain":0.0,"event_name":"Scrap Ooze","player_choice":"Success","floor":12.0,"gold_loss":0.0,"damage_taken":11.0,"relics_obtained":["PreservedInsect"]},{"cards_removed":["Strike_P"],"damage_healed":0.0,"max_hp_gain":0.0,"max_hp_loss":0.0,"gold_gain":0.0,"event_name":"Purifier","player_choice":"Purged","floor":19.0,"gold_loss":0.0,"damage_taken":0.0},{"damage_healed":0.0,"max_hp_gain":0.0,"max_hp_loss":0.0,"gold_gain":0.0,"event_name":"Mysterious Sphere","player_choice":"Fight","floor":37.0,"gold_loss":0.0,"damage_taken":0.0},{"damage_healed":0.0,"max_hp_gain":0.0,"max_hp_loss":0.0,"gold_gain":0.0,"event_name":"Upgrade Shrine","player_choice":"Upgraded","floor":42.0,"gold_loss":0.0,"damage_taken":0.0,"cards_upgraded":["TalkToTheHand"]}],"is_beta":false,"boss_relics":[{"not_picked":["Cursed Key","Pandora\u0027s Box"],"picked":"Black Star"},{"not_picked":["Empty Cage","Runic Pyramid"],"picked":"SlaversCollar"}],"items_purged_floors":[3,39],"is_endless":false,"potions_floor_spawned":[2,5,8,10,14,22,25,27,29,33,36,37,44,47,48],"ascension_level":20}}