{"host":"2se5dq1do2gp0x9k","time":1613719531,"event":{"mods":["AchievementEnabler","BaseMod","Block Reminder","Colored Map","Colored Powertips","Minty Spire (QoL Compilation)","Relic Stats","StSLib","SuperFastMode"],"gold_per_floor":[114,5,17,92,17,17,43,43,43,71,91,122,151,163,163,237,237,254,254,265,265,10,43,43,43,43],"floor_reached":25,"language":"ENG","playtime":759,"items_purged":["Defend_P"],"score":640,"play_id":"00185021-edd7-4e0a-9836-331967e85a58","local_time":"20210218232531","is_ascension_mode":true,"campfire_choices":[{"data":"Conclude","floor":6,"key":"SMITH"},{"data":"Weave","floor":8,"key":"SMITH"},{"data":"Protect","floor":15,"key":"SMITH"},{"floor":24,"key":"REST"}],"circlet_count":0,"master_deck":["AscendersBane","Strike_P","Strike_P","Strike_P","Defend_P","Defend_P","Defend_P","Eruption","Vigilance","Conclude+1","JustLucky","Weave+1","ThirdEye","Devotion","JustLucky","Consecrate","Protect+1","CutThroughFate","Vault","FlurryOfBlows","WaveOfTheHand","Panacea","Tantrum"],"relics":["PureWater","NeowsBlessing","Centennial Puzzle","Pear","StrikeDummy","Shuriken","Odd Mushroom","Runic Pyramid","WingedGreaves"],"acts_visited":["Exordium","TheCity"],"potions_floor_usage":[12,16,23],"damage_taken":[{"damage":0,"enemies":"Small Slimes","floor":1,"turns":1},{"damage":0,"enemies":"Jaw Worm","floor":3,"turns":1},{"damage":0,"enemies":"Gremlin Nob","floor":7,"turns":1},{"damage":33,"enemies":"Lagavulin","floor":10,"turns":6},{"damage":0,"enemies":"2 Louse","floor":11,"turns":1},{"damage":0,"enemies":"Gremlin Nob","floor":12,"turns":2},{"damage":0,"enemies":"The Mushroom Lair","floor":13,"turns":1},{"damage":0,"enemies":"Looter","floor":14,"turns":3},{"damage":0,"enemies":"The Guardian","floor":16,"turns":10},{"damage":12,"enemies":"Shell Parasite","floor":18,"turns":5},{"damage":20,"enemies":"2 Thieves","floor":20,"turns":4},{"damage":35,"enemies":"Slavers","floor":23,"turns":4},{"damage":35,"enemies":"Snake Plant","floor":25,"turns":4}],"seed_played":"-7583318225004678212","potions_obtained":[{"floor":1,"key":"AttackPotion"},{"floor":11,"key":"AttackPotion"},{"floor":12,"key":"Fire Potion"},{"floor":14,"key":"Regen Potion"},{"floor":23,"key":"DuplicationPotion"}],"is_trial":false,"path_per_floor":["M","$","M","?","?","R","E","R","T","E","M","E","?","M","R","B",null,"M","?","M","?","$","E","R","M"],"character_chosen":"WATCHER","items_purchased":["JustLucky","Weave","Panacea","Tantrum"],"campfire_rested":1,"item_purchase_floors":[2,2,22,22],"current_hp_per_floor":[61,61,61,50,50,50,50,50,60,27,27,27,27,27,27,42,69,57,57,37,37,37,2,25,0,0],"gold":43,"neow_bonus":"THREE_ENEMY_KILL","is_daily":false,"chose_seed":false,"campfire_upgraded":3,"win_rate":0.0,"timestamp":1613719531,"path_taken":["M","$","M","?","?","R","E","R","T","E","M","E","?","M","R","BOSS","M","?","M","?","$","E","R","M"],"items_purchased_type":["Card","Card","Card","Card"],"build_version":"2020-12-22","purchased_purges":1,"victory":false,"max_hp_per_floor":[68,68,68,68,68,68,68,68,78,78,78,78,78,78,78,78,78,78,78,78,78,78,78,78,78,78],"relic_stats":{"Centennial Puzzle":[15],"counters":[13,43],"Shuriken":[15],"obtain_stats":[{"Centennial Puzzle":7,"Pear":9,"NeowsBlessing":0,"Shuriken":12,"WingedGreaves":23,"PureWater":0,"Odd Mushroom":13,"StrikeDummy":10,"Runic Pyramid":17},{"Centennial Puzzle":3,"Pear":3,"NeowsBlessing":0,"Shuriken":6,"WingedGreaves":12,"PureWater":0,"Odd Mushroom":7,"StrikeDummy":4,"Runic Pyramid":9},{"Centennial Puzzle":3,"Pear":3,"NeowsBlessing":0,"Shuriken":12,"WingedGreaves":39,"PureWater":0,"Odd Mushroom":13,"StrikeDummy":9,"Runic Pyramid":26}]},"card_choices":[{"not_picked":["Vengeance","ThirdEye"],"picked":"Conclude","floor":1},{"not_picked":["ForeignInfluence","WindmillStrike","EmptyBody"],"picked":"SKIP","floor":3},{"not_picked":["FlurryOfBlows","EmptyFist"],"picked":"ThirdEye","floor":7},{"not_picked":["WreathOfFlame","DevaForm"],"picked":"Devotion","floor":10},{"not_picked":["WreathOfFlame","CrushJoints"],"picked":"JustLucky","floor":11},{"not_picked":["WheelKick","CarveReality"],"picked":"Consecrate","floor":12},{"not_picked":["Crescendo","EmptyFist"],"picked":"Protect","floor":13},{"not_picked":["SpiritShield","EmptyBody"],"picked":"CutThroughFate","floor":14},{"not_picked":["Judgement","ConjureBlade"],"picked":"Vault","floor":16},{"not_picked":["EmptyFist","FollowUp"],"picked":"FlurryOfBlows","floor":18},{"not_picked":["CrushJoints","ClearTheMind"],"picked":"WaveOfTheHand","floor":20},{"not_picked":["FearNoEvil","ClearTheMind","CrushJoints"],"picked":"SKIP","floor":23}],"player_experience":4079453,"relics_obtained":[{"floor":7,"key":"Centennial Puzzle"},{"floor":9,"key":"Pear"},{"floor":10,"key":"StrikeDummy"},{"floor":12,"key":"Shuriken"},{"floor":13,"key":"Odd Mushroom"},{"floor":23,"key":"WingedGreaves"}],"event_choices":[{"damage_healed":0,"gold_gain":75,"player_choice":"Gather Gold","damage_taken":11,"max_hp_gain":0,"max_hp_loss":0,"event_name":"World of Goop","floor":4,"gold_loss":0},{"cards_removed":["Strike_P"],"damage_healed":0,"gold_gain":0,"player_choice":"Card Removal","damage_taken":0,"max_hp_gain":0,"max_hp_loss":0,"event_name":"The Cleric","floor":5,"gold_loss":75},{"damage_healed":0,"gold_gain":0,"player_choice":"Fought Mushrooms","damage_taken":0,"max_hp_gain":0,"max_hp_loss":0,"event_name":"Mushrooms","floor":13,"gold_loss":0},{"damage_healed":0,"gold_gain":0,"player_choice":"Ignored","damage_taken":0,"max_hp_gain":0,"max_hp_loss":0,"event_name":"Vampires","floor":19,"gold_loss":0},{"damage_healed":0,"gold_gain":0,"player_choice":"Ignored","damage_taken":0,"max_hp_gain":0,"max_hp_loss":0,"event_name":"The Mausoleum","floor":21,"gold_loss":0}],"is_beta":false,"boss_relics":[{"not_picked":["Cursed Key","Tiny House"],"picked":"Runic Pyramid"}],"items_purged_floors":[22],"is_endless":false,"potions_floor_spawned":[1,11,12,14,23],"killed_by":"Snake Plant","ascension_level":18}}