{"host":"wq1hbhowvcyhiqfc","time":1613723642,"event":{"mods":["AchievementEnabler","BaseMod","Better Silent Start","BetterRewards","Block Reminder","Colored Map","Colored Powertips","Minty Spire (QoL Compilation)","Quick Restart","Rare Cards Sparkle","StSLib"],"gold_per_floor":[111,111,121,137,156,156,156],"floor_reached":6,"language":"ENG","playtime":442,"items_purged":[],"score":48,"play_id":"c2a978f5-2b9e-4010-9b50-00df635f6bea","local_time":"20210219093402","is_ascension_mode":true,"campfire_choices":[],"circlet_count":0,"master_deck":["Strike_G","Strike_G","Strike_G","Defend_G","Defend_G","Defend_G","Defend_G","Survivor","Neutralize","Underhanded Strike","Outmaneuver","Heel Hook","Sucker Punch","Backflip"],"relics":["Ring of the Snake","NeowsBlessing"],"acts_visited":["Exordium"],"potions_floor_usage":[],"damage_taken":[{"damage":0,"enemies":"Small Slimes","floor":1,"turns":1},{"damage":0,"enemies":"Cultist","floor":3,"turns":1},{"damage":0,"enemies":"2 Louse","floor":4,"turns":2},{"damage":18,"enemies":"Gremlin Gang","floor":5,"turns":11},{"damage":32,"enemies":"Gremlin Nob","floor":6,"turns":5}],"seed_played":"-3379009132307628423","potions_obtained":[{"floor":1,"key":"SpeedPotion"}],"is_trial":false,"path_per_floor":["M","?","M","M","M","E"],"character_chosen":"THE_SILENT","items_purchased":[],"campfire_rested":0,"item_purchase_floors":[],"current_hp_per_floor":[70,70,70,70,52,20,20],"gold":156,"neow_bonus":"THREE_ENEMY_KILL","is_daily":false,"chose_seed":false,"campfire_upgraded":0,"win_rate":0.0,"timestamp":1613723642,"path_taken":["M","?","?","M","M","E"],"items_purchased_type":[],"build_version":"2020-12-22","purchased_purges":0,"victory":false,"max_hp_per_floor":[70,70,70,70,70,70,70],"card_choices":[{"not_picked":["Sucker Punch","Slice"],"picked":"Underhanded Strike","floor":1},{"not_picked":["Deadly Poison","Outmaneuver"],"picked":"Heel Hook","floor":3},{"not_picked":["Noxious Fumes","Blade Dance"],"picked":"Sucker Punch","floor":4},{"not_picked":["Dodge and Roll","Poisoned Stab"],"picked":"Backflip","floor":5}],"player_experience":1298320,"relics_obtained":[],"event_choices":[{"damage_healed":0,"gold_gain":0,"cards_transformed":["Strike_G"],"player_choice":"Transformed","damage_taken":0,"max_hp_gain":0,"max_hp_loss":0,"event_name":"Transmorgrifier","floor":2,"gold_loss":0,"cards_obtained":["Outmaneuver"]}],"is_beta":false,"boss_relics":[],"items_purged_floors":[],"is_endless":false,"potions_floor_spawned":[1],"killed_by":"Gremlin Nob","ascension_level":5}}