{"host":"2d926qfvvz477zl6","time":1613704633,"event":{"mods":["Aspiration","BaseMod","Challenge The Spire","Conspire","Downfall","GifTheSpireLib","Halation","Hermit","Hubris","Infinite Spire","Minty Spire (QoL Compilation)","Morshu Shopkeeper","Permanent Neow","Quick Restart","Rare Cards Sparkle","Reliquary","Replay The Spire","Shedinja","Somnambulant","Spicy Shops","StSLib","Stuff the Spire","Td1madao Mod","The Blue Laboratory","The Bug Knight","The Construct","The Cursed","The Disciple","The Forsaken","The Hierophant","TheFirefly","Wandering Minibosses","Wide Potions","everything is the same but u backflip on backflip","slay the spire mod where everything is the same but ironclad has a cowboy hat"],"gold_per_floor":[13,188,188,227,239,274,274,286,362,65,65,65,65,65,65,143,143,156,9,9,19,19,47,47,47,47,47,117,150,177,189,189,267,267,282,282,33,33,51,51,95,95,95,104,146,169,178,196,196,196,196],"floor_reached":50,"language":"ENG","playtime":1313,"items_purged":["ReplayTheSpireMod:Splinters","theForsaken:PlagueCurse"],"score":996,"play_id":"77c17eea-8ecc-46e2-bd40-f0b4be2c8b57","local_time":"20210218221713","is_ascension_mode":true,"campfire_choices":[{"data":"Doubt","floor":12.0,"key":"PURGE"},{"floor":15.0,"key":"DIG"},{"data":"Berserk","floor":25.0,"key":"SMITH"},{"data":"Replay:Undeath\u0027s Touch","floor":28.0,"key":"SMITH"},{"data":"Sword Boomerang","floor":32.0,"key":"SMITH"},{"data":"Replay:Undeath\u0027s Touch","floor":40.0,"key":"SMITH"},{"floor":40.0,"key":"DIG"},{"data":"ReplayTheSpireMod:Chaos Vortex","floor":44,"key":"SMITH"},{"data":"ReplayTheSpireMod:Chaos Vortex","floor":49,"key":"SMITH"},{"floor":49,"key":"DIG"}],"circlet_count":0,"master_deck":["AscendersBane","conspire:GhostlyStrike+1","conspire:GhostlyStrike+1","conspire:GhostlyStrike+1","conspire:GhostlyStrike+1","conspire:GhostlyStrike+1","conspire:GhostlyDefend+1","conspire:GhostlyDefend+1","conspire:GhostlyDefend+1","conspire:GhostlyDefend+1","Bash","conspire:HitWhereItHurts+1","Replay:Undeath\u0027s Touch+1","Sword Boomerang","Twin Strike+1","Replay:Undeath\u0027s Touch+1","Sword Boomerang+1","Pummel","Berserk+1","Reckless Charge+1","StuffTheSpire:Slingshot","StuffTheSpire:Slingshot+1","Replay:Undeath\u0027s Touch+1","Headbutt","Pommel Strike","Replay:Undeath\u0027s Touch+1","theForsaken:PlagueCurse","Pummel","Sever Soul","ReplayTheSpireMod:Chaos Vortex+1","Twin Strike+1","Twin Strike+1","Pommel Strike","Perfected Strike+1","Languid","infinitespire:SevenWalls","ReplayTheSpireMod:Chaos Vortex+1"],"relics":["Burning Blood","halation:RedSoulGem","Replay:Multitool","reliquary:JackalopeAntler","hubris:Zylophone","halation:Thesaurus","Chameleon Ring","hubris:Icosahedron","halation:PenCase","hubris:CrystalStatue","conspire:SpecialSausage","Orichalcum","theForsaken:PlagueMask","Bird Faced Urn","Bronze Scales","reliquary:RedPaperclip","Gremlin Food","infinitespire:PuzzleCube","CeramicFish","Replay:Bottled Eggs","Ring of Hypnosis","Ring of Searing","Garlic","Another Sword"],"acts_visited":["Exordium","TheCity","TheBeyond"],"potions_floor_usage":[45],"damage_taken":[{"damage":0.0,"enemies":"2 Louse","floor":1.0,"turns":2.0},{"damage":0.0,"enemies":"Small Slimes","floor":5.0,"turns":2.0},{"damage":20.0,"enemies":"3 Sentries","floor":6.0,"turns":4.0},{"damage":0.0,"enemies":"Jaw Worm","floor":8.0,"turns":1.0},{"damage":16.0,"enemies":"Fading Forest","floor":16.0,"turns":11.0},{"damage":12.0,"enemies":"conspire:FuzzyDice","floor":18.0,"turns":3.0},{"damage":0.0,"enemies":"3 Byrds","floor":21.0,"turns":2.0},{"damage":12.0,"enemies":"conspire:Head Lice","floor":23.0,"turns":4.0},{"damage":44.0,"enemies":"conspire:MimicChest","floor":29.0,"turns":4.0},{"damage":23.0,"enemies":"HollowMod:Nosk","floor":30.0,"turns":3.0},{"damage":0.0,"enemies":"Centurion and Healer","floor":31.0,"turns":2.0},{"damage":27.0,"enemies":"Champ","floor":33.0,"turns":4.0},{"damage":7.0,"enemies":"3 Darklings","floor":35.0,"turns":3.0},{"damage":12.0,"enemies":"Orb Walker","floor":39.0,"turns":2.0},{"damage":25.0,"enemies":"Nightmare","floor":41.0,"turns":4.0},{"damage":26,"enemies":"Reptomancer","floor":45,"turns":3},{"damage":2,"enemies":"Jaw Worm Horde","floor":46,"turns":2},{"damage":45,"enemies":"conspire:OrnateMirror","floor":50,"turns":1}],"seed_played":"-3949538936443345757","potions_obtained":[{"floor":6.0,"key":"Death Potion"},{"floor":8.0,"key":"blueLaboratory:ArtificerPotion"},{"floor":16.0,"key":"blueLaboratory:HorrorPotion"},{"floor":21.0,"key":"Fruit Juice"},{"floor":39.0,"key":"LifebloodPotion"},{"floor":41.0,"key":"Elixir"}],"is_trial":false,"path_per_floor":["M","?","?","?","M","E","R","M","T","$","?","R","?","T","R","B",null,"M","$","?","M","$","E","?","R","T","$","R","?","E","M","R","B",null,"M","?","$","?","M","R","NM","$","T","R","E","M","?","AVR","R","B"],"character_chosen":"IRONCLAD","items_purchased":["Pummel","hubris:Zylophone","halation:Thesaurus","Orichalcum","Gremlin Food","Fruit Juice","Pummel"],"campfire_rested":0,"item_purchase_floors":[10,10,10,19,37,37,37],"current_hp_per_floor":[78,78,78,78,80,66,80,80,80,80,80,80,80,80,80,70,78,72,72,72,85,85,79,79,79,79,79,79,41,26,32,58,37,75,74,74,81,81,75,75,56,56,56,56,36,42,42,42,42,0,0],"gold":196,"neow_bonus":"THREE_RARE_CARDS","is_daily":false,"chose_seed":false,"campfire_upgraded":6,"win_rate":0.0,"timestamp":1613704633,"path_taken":["M","?","?","?","M","E","R","M","T","?","?","R","?","?","R","BOSS","M","$","?","M","$","E","?","R","T","?","R","?","E","?","R","BOSS","M","?","$","?","M","R","NM","$","T","R","E","?","?","AVR","R","BOSS"],"items_purchased_type":["Card","Relic","Relic","Relic","Relic","Potion","Card"],"build_version":"2020-12-22","purchased_purges":2,"victory":false,"max_hp_per_floor":[80,80,80,80,80,80,80,80,80,80,80,80,80,80,80,80,80,80,80,80,87,87,87,87,87,87,87,87,87,87,87,87,87,87,87,87,94,94,94,94,94,94,94,94,94,94,94,94,94,94,94],"card_choices":[{"not_picked":["Brutality","StuffTheSpire:TitanForm"],"picked":"conspire:HitWhereItHurts","floor":0.0},{"not_picked":["Inflame","True Grit"],"picked":"Replay:Undeath\u0027s Touch","floor":1.0},{"not_picked":["Seeing Red","Armaments"],"picked":"Sword Boomerang","floor":4.0},{"not_picked":["Corruption","StuffTheSpire:RockThrow"],"picked":"Twin Strike","floor":5.0},{"not_picked":["StuffTheSpire:Slingshot","Cleave"],"picked":"Replay:Undeath\u0027s Touch","floor":6.0},{"not_picked":["Headbutt","Entrench"],"picked":"Sword Boomerang","floor":8.0},{"not_picked":["Corruption","Offering"],"picked":"Berserk","floor":16.0},{"not_picked":["Dropkick","Evolve"],"picked":"Reckless Charge+1","floor":18.0},{"not_picked":["Body Slam+1","Metallicize"],"picked":"StuffTheSpire:Slingshot","floor":21.0},{"not_picked":["Flex","Carnage"],"picked":"StuffTheSpire:Slingshot","floor":23.0},{"not_picked":["Flex","Infernal Blade"],"picked":"Headbutt","floor":29.0},{"not_picked":["Feed","Body Slam"],"picked":"Pommel Strike","floor":30.0},{"not_picked":["Body Slam","Clash","Havoc+1"],"picked":"SKIP","floor":31.0},{"not_picked":["Spot Weakness","Run Through"],"picked":"Replay:Undeath\u0027s Touch","floor":35.0},{"not_picked":["hubris:SharpeningStone","Flex"],"picked":"Sever Soul","floor":39.0},{"not_picked":["infinitespire:NeuralNetwork","infinitespire:TheBestDefense"],"picked":"ReplayTheSpireMod:Chaos Vortex","floor":41.0},{"not_picked":["Inflame","hubris:CleavingFinish+1"],"picked":"Twin Strike","floor":41.0},{"not_picked":["Feed","Anger"],"picked":"Pommel Strike","floor":45},{"not_picked":["Clash","Cleave"],"picked":"Perfected Strike+1","floor":46}],"player_experience":486845,"relics_obtained":[{"floor":4.0,"key":"Replay:Multitool"},{"floor":6.0,"key":"reliquary:JackalopeAntler"},{"floor":9.0,"key":"hubris:TinFlute"},{"floor":14.0,"key":"halation:PenCase"},{"floor":15.0,"key":"hubris:CrystalStatue"},{"floor":23.0,"key":"Ornamental Fan"},{"floor":26.0,"key":"Whetstone"},{"floor":29.0,"key":"Bird Faced Urn"},{"floor":30.0,"key":"Bronze Scales"},{"floor":40.0,"key":"infinitespire:PuzzleCube"},{"floor":41.0,"key":"CeramicFish"},{"floor":43.0,"key":"Replay:Bottled Eggs"},{"floor":47,"key":"Ring of Hypnosis"},{"floor":47,"key":"Ring of Searing"},{"floor":49,"key":"Another Sword"}],"event_choices":[{"damage_healed":0.0,"max_hp_gain":0.0,"max_hp_loss":0.0,"gold_gain":175.0,"event_name":"Liars Game","player_choice":"AGREE","floor":2.0,"gold_loss":0.0,"damage_taken":0.0,"cards_obtained":["Doubt"]},{"damage_healed":0.0,"max_hp_gain":0.0,"max_hp_loss":0.0,"gold_gain":0.0,"event_name":"conspire:LoneGhost","player_choice":"Agree","floor":13.0,"gold_loss":0.0,"damage_taken":0.0},{"damage_healed":0.0,"max_hp_gain":0.0,"max_hp_loss":0.0,"gold_gain":0.0,"event_name":"Back to Basics","player_choice":"Simplicity","floor":20.0,"gold_loss":0.0,"damage_taken":0.0,"cards_upgraded":["conspire:GhostlyStrike","conspire:GhostlyStrike","conspire:GhostlyStrike","conspire:GhostlyStrike","conspire:GhostlyStrike","conspire:GhostlyDefend","conspire:GhostlyDefend","conspire:GhostlyDefend","conspire:GhostlyDefend"]},{"damage_healed":0.0,"max_hp_gain":0.0,"max_hp_loss":0.0,"gold_gain":0.0,"event_name":"The Library","player_choice":"Read","floor":24.0,"gold_loss":0.0,"damage_taken":0.0,"cards_obtained":["Replay:Undeath\u0027s Touch"]},{"damage_healed":0.0,"max_hp_gain":0.0,"max_hp_loss":0.0,"gold_gain":0.0,"event_name":"Plague Doctor","player_choice":"Obtain Plague Curse","floor":25.0,"gold_loss":0.0,"damage_taken":0.0,"cards_obtained":["theForsaken:PlagueCurse"]},{"damage_healed":0.0,"max_hp_gain":0.0,"max_hp_loss":0.0,"gold_gain":0.0,"event_name":"Plague Doctor","player_choice":"Obtain Plague Curse","floor":36.0,"gold_loss":0.0,"damage_taken":0.0,"cards_obtained":["theForsaken:PlagueCurse"]},{"damage_healed":0.0,"max_hp_gain":0.0,"max_hp_loss":0.0,"gold_gain":0.0,"event_name":"conspire:Investor","player_choice":"Leave","floor":38.0,"gold_loss":0.0,"damage_taken":0.0}],"is_beta":false,"boss_relics":[{"not_picked":["Sozu","Runic Pyramid"],"picked":"conspire:SpecialSausage"},{"not_picked":["halation:Yufonium","Black Star"],"picked":"reliquary:RedPaperclip"}],"items_purged_floors":[19,48],"is_endless":true,"potions_floor_spawned":[6,8,16,21,33,39,41,45],"killed_by":"conspire:OrnateMirror","ascension_level":13}}