{"host":"ojme7g6xlqwffsso","time":1613699181,"event":{"mods":["BaseMod","Downfall","Minty Spire (QoL Compilation)","Relic Stats","StSLib"],"gold_per_floor":[115,115,115,115,128,154,154,189,189,209,226,181,212,229,229,229,229],"floor_reached":16,"language":"ENG","playtime":384,"items_purged":[],"score":247,"play_id":"8650d769-86ff-436e-b828-4a326bf4ba5b","local_time":"20210219104621","is_ascension_mode":true,"campfire_choices":[{"data":"Zap","floor":7.0,"key":"SMITH"},{"floor":15,"key":"DIG"}],"circlet_count":0,"master_deck":["AscendersBane","Strike_B","Strike_B","Strike_B","Defend_B","Defend_B","Defend_B","Zap+1","Dualcast","Hello World","Darkness","Rip and Tear+1","Rebound+1","Glacier","Sunder+1","Cold Snap+1","Machine Learning","Compile Driver+1"],"relics":["Runic Dome","Molten Egg 2","Shuriken","The Courier","Ice Cream","Shovel","Strawberry"],"acts_visited":["Exordium"],"potions_floor_usage":[14,16],"damage_taken":[{"damage":0.0,"enemies":"2 Louse","floor":1.0,"turns":2.0},{"damage":7.0,"enemies":"Jaw Worm","floor":5.0,"turns":3.0},{"damage":12.0,"enemies":"Lagavulin","floor":6.0,"turns":6.0},{"damage":14.0,"enemies":"3 Sentries","floor":8.0,"turns":6.0},{"damage":0.0,"enemies":"Small Slimes","floor":10.0,"turns":3.0},{"damage":16.0,"enemies":"Blue Slaver","floor":11.0,"turns":3.0},{"damage":0,"enemies":"Lagavulin","floor":13,"turns":4},{"damage":4,"enemies":"Red Slaver","floor":14,"turns":2},{"damage":13,"enemies":"Slime Boss","floor":16,"turns":4}],"seed_played":"2530457540739180612","potions_obtained":[{"floor":1.0,"key":"BlessingOfTheForge"},{"floor":5.0,"key":"Weak Potion"},{"floor":10.0,"key":"Swift Potion"}],"is_trial":false,"path_per_floor":["M","?","?","T","M","E","R","E","T","M","M","?","E","M","R","B"],"character_chosen":"DEFECT","items_purchased":[],"campfire_rested":0,"item_purchase_floors":[],"current_hp_per_floor":[64,57,57,57,50,38,38,24,24,24,8,8,8,4,11,0,0],"gold":229,"neow_bonus":"BOSS_RELIC","is_daily":false,"chose_seed":false,"campfire_upgraded":1,"win_rate":0.0,"timestamp":1613699181,"path_taken":["M","?","?","?","M","E","R","E","T","M","?","?","E","M","R","BOSS"],"items_purchased_type":[],"build_version":"2020-12-22","purchased_purges":0,"victory":false,"max_hp_per_floor":[71,71,71,71,71,71,71,71,71,71,71,71,71,71,78,78,78],"relic_stats":{"Shovel":1,"counters":[9,33],"Shuriken":[5],"obtain_stats":[{"Ice Cream":9,"Runic Dome":0,"Shovel":13,"Shuriken":6,"Strawberry":15,"Molten Egg 2":4,"The Courier":8,"Cracked Core":0},{"Ice Cream":4,"Runic Dome":0,"Shovel":7,"Shuriken":3,"Strawberry":8,"Molten Egg 2":1,"The Courier":4,"Cracked Core":0},{"Ice Cream":17,"Runic Dome":0,"Shovel":27,"Shuriken":11,"Strawberry":29,"Molten Egg 2":2,"The Courier":17,"Cracked Core":0}]},"card_choices":[{"not_picked":["Steam","Blizzard"],"picked":"Hello World","floor":1.0},{"not_picked":["Rebound+1","Hologram"],"picked":"Rip and Tear+1","floor":5.0},{"not_picked":["Darkness","Undo"],"picked":"Rebound+1","floor":6.0},{"not_picked":["Static Discharge","Echo Form"],"picked":"Glacier","floor":8.0},{"not_picked":["Force Field","White Noise"],"picked":"Sunder+1","floor":10.0},{"not_picked":["Darkness","BootSequence"],"picked":"Cold Snap+1","floor":11},{"not_picked":["Hologram","Conserve Battery"],"picked":"Machine Learning","floor":13},{"not_picked":["Cold Snap+1","Barrage+1"],"picked":"Compile Driver+1","floor":14}],"player_experience":1097860,"relics_obtained":[{"floor":4.0,"key":"Molten Egg 2"},{"floor":6.0,"key":"Shuriken"},{"floor":8.0,"key":"The Courier"},{"floor":9.0,"key":"Ice Cream"},{"floor":13,"key":"Shovel"},{"floor":15,"key":"Strawberry"}],"event_choices":[{"cards_removed":["Strike_B"],"damage_healed":0.0,"max_hp_gain":0.0,"max_hp_loss":0.0,"gold_gain":0.0,"event_name":"Golden Wing","player_choice":"Card Removal","floor":2.0,"gold_loss":0.0,"damage_taken":7.0},{"damage_healed":0.0,"max_hp_gain":0.0,"max_hp_loss":0.0,"gold_gain":0.0,"cards_transformed":["Defend_B"],"event_name":"Living Wall","player_choice":"Change","floor":3.0,"gold_loss":0.0,"damage_taken":0.0,"cards_obtained":["Darkness"]},{"damage_healed":0,"gold_gain":0,"player_choice":"Left Gold","damage_taken":0,"max_hp_gain":0,"max_hp_loss":0,"event_name":"World of Goop","floor":12,"gold_loss":45}],"is_beta":false,"boss_relics":[],"items_purged_floors":[],"is_endless":false,"potions_floor_spawned":[1,5,10],"killed_by":"Slime Boss","ascension_level":14}}