{"host":"0ueeacaatm8t6jyh","time":1613741693,"event":{"mods":["AchievementEnabler","BaseMod","Colored Powertips","Minty Spire (QoL Compilation)","Quick Restart","Rare Cards Sparkle","Shop Mod","StSLib"],"gold_per_floor":[114,114,114,39,56,56,86,86,111,128,128,156,443,467,479,570,582,609,610,639,384,403,403,403,403,403,403,328,341,341,359,273,105,105,184,184,204,208,218,218,53,53,78,105,105,122,122,154,166,183,183,183],"floor_reached":53,"language":"ZHS","playtime":2006,"items_purged":["Strike_G","Regret"],"score":1450,"play_id":"8ea30174-d84a-4424-8674-fee9428e45ba","local_time":"20210219213453","is_ascension_mode":true,"campfire_choices":[{"data":"Dash","floor":6.0,"key":"SMITH"},{"data":"Wraith Form v2","floor":8.0,"key":"SMITH"},{"data":"Poisoned Stab","floor":11.0,"key":"SMITH"},{"data":"Bouncing Flask","floor":15.0,"key":"SMITH"},{"data":"Noxious Fumes","floor":23.0,"key":"SMITH"},{"floor":25.0,"key":"REST"},{"data":"Bouncing Flask","floor":30.0,"key":"SMITH"},{"data":"Venomology","floor":34.0,"key":"SMITH"},{"data":"Bullet Time","floor":42,"key":"SMITH"},{"data":"Madness","floor":47,"key":"SMITH"},{"floor":51,"key":"REST"}],"circlet_count":0,"master_deck":["AscendersBane","Neutralize","Catalyst+1","Dash+1","Wraith Form v2+1","Poisoned Stab+1","Bouncing Flask+1","Doppelganger","Noxious Fumes+1","Bouncing Flask+1","Corpse Explosion","Tactician","Venomology+1","Bullet Time+1","Acrobatics","Backflip","Madness+1","Madness","Creative AI","Recycle"],"relics":["Ring of the Snake","NeowsBlessing","Torii","Strange Spoon","Medical Kit","Runic Pyramid","MerchantsRug","PrismaticShard","TungstenRod","Akabeko","Sundial","Pear"],"acts_visited":["Exordium","TheCity","TheBeyond"],"potions_floor_usage":[44,52,52,52],"damage_taken":[{"damage":0.0,"enemies":"2 Louse","floor":1.0,"turns":1.0},{"damage":0.0,"enemies":"Jaw Worm","floor":5.0,"turns":1.0},{"damage":0.0,"enemies":"Lagavulin","floor":7.0,"turns":1.0},{"damage":1.0,"enemies":"Cultist","floor":10.0,"turns":5.0},{"damage":15.0,"enemies":"3 Sentries","floor":12.0,"turns":11.0},{"damage":4.0,"enemies":"Exordium Thugs","floor":14.0,"turns":4.0},{"damage":8.0,"enemies":"Hexaghost","floor":16.0,"turns":6.0},{"damage":22.0,"enemies":"3 Byrds","floor":18.0,"turns":3.0},{"damage":3.0,"enemies":"2 Thieves","floor":19.0,"turns":4.0},{"damage":5.0,"enemies":"Shelled Parasite and Fungi","floor":20.0,"turns":4.0},{"damage":7.0,"enemies":"Cultist and Chosen","floor":22.0,"turns":6.0},{"damage":6.0,"enemies":"Snake Plant","floor":29.0,"turns":4.0},{"damage":3.0,"enemies":"Centurion and Healer","floor":31.0,"turns":4.0},{"damage":42.0,"enemies":"Automaton","floor":35.0,"turns":7.0},{"damage":2.0,"enemies":"3 Shapes","floor":37.0,"turns":4.0},{"damage":5,"enemies":"3 Darklings","floor":39,"turns":3},{"damage":0,"enemies":"Mind Bloom Boss Battle","floor":43,"turns":3},{"damage":19,"enemies":"Nemesis","floor":44,"turns":5},{"damage":0,"enemies":"Maw","floor":46,"turns":4},{"damage":0,"enemies":"Reptomancer","floor":48,"turns":4},{"damage":0,"enemies":"Writhing Mass","floor":49,"turns":4},{"damage":7,"enemies":"Spire Growth","floor":50,"turns":3},{"damage":36,"enemies":"Donu and Deca","floor":52,"turns":6}],"seed_played":"-3610757191826791081","potions_obtained":[{"floor":1.0,"key":"GamblersBrew"},{"floor":5.0,"key":"ColorlessPotion"},{"floor":18.0,"key":"SpeedPotion"},{"floor":22.0,"key":"GhostInAJar"}],"is_trial":false,"path_per_floor":["M","?","?","$","M","R","E","R","T","M","R","E","?","M","R","B",null,"M","M","M","$","M","R","?","R","?","T","?","M","R","M","$","$","R","B",null,"M","$","M","?","$","R","?","E","T","M","R","E","M","M","R","B",null],"character_chosen":"THE_SILENT","items_purchased":["Strange Spoon","Venomology","Medical Kit","MerchantsRug","Backflip","PrismaticShard"],"campfire_rested":2,"item_purchase_floors":[21,32,33,38,38,41],"current_hp_per_floor":[59,59,59,59,59,59,59,59,59,58,58,43,43,39,39,31,57,35,32,27,27,20,20,20,39,39,53,53,47,47,44,44,44,44,2,61,59,59,54,40,40,40,40,21,21,21,21,31,31,24,51,15],"gold":183,"neow_bonus":"THREE_ENEMY_KILL","is_daily":false,"chose_seed":false,"campfire_upgraded":9,"win_rate":0.0,"timestamp":1613741693,"path_taken":["M","?","?","$","M","R","E","R","T","M","R","E","?","M","R","BOSS","M","?","M","$","M","R","?","R","?","T","?","?","R","M","?","$","R","BOSS","M","$","M","?","$","R","?","E","T","M","R","E","?","M","R","BOSS"],"items_purchased_type":["Relic","Card","Relic","Relic","Card","Relic"],"build_version":"2020-12-22","purchased_purges":2,"victory":true,"max_hp_per_floor":[66,66,66,66,66,66,66,66,66,66,66,66,66,66,66,66,66,66,66,66,66,66,66,66,66,66,80,80,80,80,80,80,80,80,80,80,80,80,80,80,80,80,80,80,80,80,80,90,90,90,90,90],"card_choices":[{"not_picked":["Noxious Fumes","Underhanded Strike"],"picked":"Catalyst","floor":1.0},{"not_picked":["Underhanded Strike","Quick Slash"],"picked":"Backflip","floor":5.0},{"not_picked":["Flechettes","Leg Sweep"],"picked":"Wraith Form v2","floor":7.0},{"not_picked":["All Out Attack","Heel Hook"],"picked":"Poisoned Stab","floor":10.0},{"not_picked":["Prepared","Quick Slash"],"picked":"Bouncing Flask","floor":12.0},{"not_picked":["Cloak And Dagger","Deflect"],"picked":"Prepared","floor":14.0},{"not_picked":["After Image","A Thousand Cuts"],"picked":"Doppelganger","floor":16.0},{"not_picked":["Choke","Underhanded Strike","Dagger Spray"],"picked":"SKIP","floor":18.0},{"not_picked":["Quick Slash","Blur","Backflip"],"picked":"SKIP","floor":19.0},{"not_picked":["Sucker Punch","Predator","Accuracy+1"],"picked":"SKIP","floor":20.0},{"not_picked":["Bane+1","Bouncing Flask"],"picked":"Noxious Fumes","floor":22.0},{"not_picked":["Underhanded Strike","Slice"],"picked":"Tactician","floor":29.0},{"not_picked":["PiercingWail","Poisoned Stab","Accuracy"],"picked":"SKIP","floor":31.0},{"not_picked":["Envenom","Tools of the Trade"],"picked":"Bullet Time","floor":35.0},{"not_picked":["Choke+1","Outmaneuver+1"],"picked":"Acrobatics","floor":37.0},{"not_picked":["Blur+1","Dagger Spray+1","Backstab+1"],"picked":"SKIP","floor":39},{"not_picked":["Hemokinesis","Rebound","Turbo+1"],"picked":"SKIP","floor":44},{"not_picked":["Thunderclap+1","Escape Plan+1"],"picked":"Creative AI","floor":46},{"not_picked":["Finisher","Headbutt","FlurryOfBlows+1"],"picked":"SKIP","floor":48},{"not_picked":["Swivel","EmptyFist","Defragment"],"picked":"SKIP","floor":49},{"not_picked":["Warcry+1","Underhanded Strike"],"picked":"Recycle","floor":50}],"player_experience":559702,"relics_obtained":[{"floor":7.0,"key":"Torii"},{"floor":9.0,"key":"War Paint"},{"floor":12.0,"key":"MawBank"},{"floor":27.0,"key":"Mango"},{"floor":43,"key":"TungstenRod"},{"floor":44,"key":"Akabeko"},{"floor":45,"key":"Sundial"},{"floor":48,"key":"Pear"}],"event_choices":[{"damage_healed":0.0,"max_hp_gain":0.0,"max_hp_loss":0.0,"gold_gain":0.0,"cards_transformed":["Strike_G"],"event_name":"Living Wall","player_choice":"Change","floor":2.0,"gold_loss":0.0,"damage_taken":0.0,"cards_obtained":["Dash"]},{"damage_healed":0.0,"max_hp_gain":0.0,"max_hp_loss":0.0,"gold_gain":0.0,"event_name":"Shining Light","player_choice":"Ignored","floor":3.0,"gold_loss":0.0,"damage_taken":0.0},{"damage_healed":0.0,"max_hp_gain":0.0,"max_hp_loss":0.0,"gold_gain":275.0,"event_name":"Golden Shrine","player_choice":"Desecrate","floor":13.0,"gold_loss":0.0,"damage_taken":0.0,"cards_obtained":["Regret"]},{"damage_healed":0.0,"max_hp_gain":0.0,"max_hp_loss":0.0,"gold_gain":0.0,"event_name":"Cursed Tome","player_choice":"Ignored","floor":24.0,"gold_loss":0.0,"damage_taken":0.0},{"damage_healed":0.0,"max_hp_gain":0.0,"max_hp_loss":0.0,"gold_gain":0.0,"cards_transformed":["Prepared","Backflip"],"event_name":"Drug Dealer","player_choice":"Became Test Subject","floor":26.0,"gold_loss":0.0,"damage_taken":0.0,"cards_obtained":["Bouncing Flask","Corpse Explosion"]},{"cards_removed":["Survivor"],"damage_healed":0.0,"max_hp_gain":0.0,"max_hp_loss":0.0,"gold_gain":0.0,"event_name":"Beggar","player_choice":"Gave Gold","floor":28.0,"gold_loss":75.0,"damage_taken":0.0},{"damage_healed":0,"gold_gain":0,"player_choice":"Embrace Madness","damage_taken":14,"max_hp_gain":0,"max_hp_loss":0,"event_name":"Winding Halls","floor":40,"gold_loss":0,"cards_obtained":["Madness","Madness"]},{"damage_healed":0,"gold_gain":0,"player_choice":"Fight","damage_taken":0,"max_hp_gain":0,"max_hp_loss":0,"event_name":"MindBloom","floor":43,"gold_loss":0}],"is_beta":false,"boss_relics":[{"not_picked":["Cursed Key","Runic Dome"],"picked":"Pandora\u0027s Box"},{"not_picked":["Velvet Choker","Calling Bell"],"picked":"Runic Pyramid"}],"items_purged_floors":[4,21],"is_endless":false,"potions_floor_spawned":[1,5,18,22,31,37,48,49],"ascension_level":16}}