{"host":"ujyomg7d1f18u2we","time":1613766418,"event":{"mods":["AchievementEnabler","AlwaysNeverKeys","Aspiration","BaseMod","Colored Map","DeckTracker","Gremlin Skip","Highlight Path","Hubris","Minty Spire (QoL Compilation)","Quick Restart","Random Character Button","StSLib"],"gold_per_floor":[117,117,130,148,223,249,249,269,320,29,59,59,159,178,178,282,282,295,313,119,128,140,174,186,186,186,39,62,62,62,62,62,159,159,172,172,222,222,222,222],"floor_reached":39,"language":"ENG","playtime":1037,"items_purged":[],"score":405,"play_id":"6123eb93-7a1a-4365-b422-5a2917e88d6d","local_time":"20210219172658","is_ascension_mode":false,"campfire_choices":[{"data":"Bash","floor":7.0,"key":"SMITH"},{"floor":12,"key":"REST"},{"data":"Perfected Strike","floor":15,"key":"SMITH"},{"floor":32,"key":"REST"}],"circlet_count":0,"master_deck":["Strike_R","Strike_R","Strike_R","Strike_R","Defend_R","Defend_R","Defend_R","Defend_R","Bash+1","Perfected Strike+1","Twin Strike+1","Twin Strike+1","Twin Strike"],"relics":["Burning Blood","Boot","hubris:Towel","hubris:ToyBattleship","CeramicFish","hubris:EmptyBottle","hubris:ChampionShield","Blood Vial","Busted Crown","Medical Kit","hubris:PeanutButter","aspiration:FrozenJewel","Regal Pillow","Juzu Bracelet","Gambling Chip"],"acts_visited":["Exordium","TheCity","TheBeyond"],"potions_floor_usage":[14,16,16,16,18,18,22,22,23,33,33,39,39],"damage_taken":[{"damage":2.0,"enemies":"Small Slimes","floor":1.0,"turns":3.0},{"damage":6.0,"enemies":"Jaw Worm","floor":3.0,"turns":3.0},{"damage":1.0,"enemies":"Cultist","floor":4.0,"turns":3.0},{"damage":20.0,"enemies":"Gremlin Nob","floor":6.0,"turns":4.0},{"damage":6.0,"enemies":"2 Fungi Beasts","floor":8.0,"turns":3.0},{"damage":25.0,"enemies":"3 Sentries","floor":11.0,"turns":7.0},{"damage":0,"enemies":"Gremlin Gang","floor":14,"turns":1},{"damage":48,"enemies":"Hexaghost","floor":16,"turns":11},{"damage":21,"enemies":"3 Byrds","floor":18,"turns":5},{"damage":0,"enemies":"Chosen","floor":19,"turns":3},{"damage":21,"enemies":"Shelled Parasite and Fungi","floor":22,"turns":3},{"damage":74,"enemies":"Gremlin Leader","floor":23,"turns":11},{"damage":3,"enemies":"Snake Plant","floor":24,"turns":3},{"damage":78,"enemies":"hubris:MusketHawk","floor":33,"turns":9},{"damage":13,"enemies":"3 Shapes","floor":35,"turns":6},{"damage":36,"enemies":"Mind Bloom Boss Battle","floor":37,"turns":6},{"damage":14,"enemies":"3 Darklings","floor":39,"turns":5}],"seed_played":"753444273752146245","potions_obtained":[{"floor":1.0,"key":"Weak Potion"},{"floor":4.0,"key":"SteroidPotion"},{"floor":8.0,"key":"SmokeBomb"},{"floor":14,"key":"Block Potion"},{"floor":16,"key":"Energy Potion"},{"floor":19,"key":"BloodPotion"},{"floor":22,"key":"ElixirPotion"},{"floor":24,"key":"Regen Potion"},{"floor":35,"key":"Strength Potion"}],"is_trial":false,"path_per_floor":["M","?","M","M","?","E","R","M","T","$","E","R","?","M","R","B",null,"M","M","$","?","M","E","M","?","T","$","T","?","$","$","R","B",null,"M","?","?","?","M"],"character_chosen":"IRONCLAD","items_purchased":["hubris:EmptyBottle","hubris:ChampionShield","Medical Kit","Twin Strike","Regal Pillow"],"campfire_rested":2,"item_purchase_floors":[10,10,20,20,27],"current_hp_per_floor":[80,80,80,80,69,55,55,55,55,55,36,60,60,68,68,28,80,65,73,73,73,76,26,31,31,31,31,31,31,31,31,70,34,80,73,73,45,45,33,33],"gold":222,"neow_bonus":"RANDOM_COMMON_RELIC","is_daily":false,"chose_seed":false,"campfire_upgraded":2,"win_rate":0.0,"timestamp":1613766418,"path_taken":["M","?","M","M","?","E","R","M","T","?","E","R","?","M","R","BOSS","M","?","$","?","M","E","M","?","T","$","?","?","?","?","R","BOSS","M","?","?","?","M"],"items_purchased_type":["Relic","Relic","Relic","Card","Relic"],"build_version":"2020-12-22","purchased_purges":0,"victory":false,"max_hp_per_floor":[80,80,80,80,80,80,80,80,80,80,80,80,80,80,80,80,80,80,80,80,80,80,80,80,80,80,80,80,80,80,80,80,80,80,80,80,80,80,80,80],"card_choices":[{"not_picked":["Metallicize","Body Slam"],"picked":"Perfected Strike","floor":1.0},{"not_picked":["Flex","Anger"],"picked":"Twin Strike","floor":3.0},{"not_picked":["Battle Trance","Havoc","Infernal Blade"],"picked":"SKIP","floor":4.0},{"not_picked":["hubris:CleavingFinish","Body Slam","Infernal Blade"],"picked":"SKIP","floor":6.0},{"not_picked":["Pommel Strike","Cleave","Inflame"],"picked":"SKIP","floor":8.0},{"not_picked":["Rupture","Inflame","Impervious"],"picked":"SKIP","floor":11.0},{"not_picked":["Inflame","Sword Boomerang","Iron Wave"],"picked":"SKIP","floor":14},{"not_picked":["Fire Breathing"],"picked":"SKIP","floor":18},{"not_picked":["Warcry"],"picked":"SKIP","floor":19},{"not_picked":["Seeing Red"],"picked":"SKIP","floor":22},{"not_picked":["Infernal Blade"],"picked":"SKIP","floor":23},{"not_picked":["Dual Wield"],"picked":"SKIP","floor":24},{"not_picked":["Pommel Strike"],"picked":"SKIP","floor":35}],"player_experience":1587493,"relics_obtained":[{"floor":6.0,"key":"hubris:ToyBattleship"},{"floor":9.0,"key":"CeramicFish"},{"floor":11.0,"key":"Blood Vial"},{"floor":23,"key":"hubris:PeanutButter"},{"floor":26,"key":"aspiration:FrozenJewel"},{"floor":28,"key":"Juzu Bracelet"},{"floor":37,"key":"Gambling Chip"}],"event_choices":[{"damage_healed":0.0,"max_hp_gain":0.0,"max_hp_loss":0.0,"gold_gain":75.0,"event_name":"World of Goop","player_choice":"Gather Gold","floor":5.0,"gold_loss":0.0,"damage_taken":11.0},{"damage_healed":0,"gold_gain":100,"player_choice":"Pray","damage_taken":0,"max_hp_gain":0,"max_hp_loss":0,"event_name":"Golden Shrine","floor":13,"gold_loss":0},{"damage_healed":0,"gold_gain":0,"player_choice":"Read","damage_taken":0,"max_hp_gain":0,"max_hp_loss":0,"event_name":"The Library","floor":21,"gold_loss":0,"cards_obtained":["Twin Strike"]},{"damage_healed":0,"gold_gain":0,"player_choice":"Forge","damage_taken":0,"max_hp_gain":0,"max_hp_loss":0,"event_name":"Accursed Blacksmith","floor":29,"gold_loss":0,"cards_upgraded":["Twin Strike"]},{"damage_healed":0,"gold_gain":0,"player_choice":"Fight","damage_taken":0,"max_hp_gain":0,"max_hp_loss":0,"event_name":"MindBloom","floor":37,"gold_loss":0},{"cards_removed":["Strike_R"],"damage_healed":0,"gold_gain":0,"player_choice":"Removed Attack","damage_taken":0,"max_hp_gain":0,"max_hp_loss":0,"event_name":"Falling","floor":38,"gold_loss":0}],"is_beta":false,"boss_relics":[{"not_picked":["Runic Cube","hubris:ScarierMask"],"picked":"Busted Crown"},{"not_picked":["hubris:CrackedHourglass","hubris:BlackHole","hubris:HollowSoul"]}],"items_purged_floors":[],"is_endless":false,"potions_floor_spawned":[1,4,8,14,16,19,22,24,35],"killed_by":"3 Darklings","ascension_level":0}}