{"host":"mr1ctipv0dcr6y8g","time":1613757667,"event":{"mods":["BaseMod","Beaked The Cultist","DeckTracker","Downfall","Energized Spire","Minty Spire (QoL Compilation)","READ ME - Guardian Mod","Shop Mod","StSLib","The Construct"],"gold_per_floor":[99,111,111,128,35,51,51,51,70,80,100,8,22,56,76,182,182,82,108,131,131,131,164,164,189,212,212,212,236,236,272,284,284,284,284],"floor_reached":33,"language":"ENG","playtime":2946,"items_purged":[],"score":343,"play_id":"0ebe57f2-746d-42d5-becf-cb8acffdfe2a","local_time":"20210219110107","is_ascension_mode":false,"campfire_choices":[{"data":"hexamod:Sear","floor":1,"key":"SMITH"},{"data":"hexamod:TimeWarp","floor":8,"key":"SMITH"},{"data":"hexamod:RetreatToShadows","floor":18,"key":"SMITH"},{"floor":27,"key":"REST"},{"data":"hexamod:ChargedBarrage","floor":30,"key":"SMITH"}],"circlet_count":0,"master_deck":["hexamod:Strike","hexamod:Strike","hexamod:Strike","hexamod:Defend","hexamod:Defend","hexamod:Defend","hexamod:Defend","hexamod:Sear+1","hexamod:Float","hexamod:SpectersWail","beaked:Ceremony","hexamod:SpectersWail","hexamod:Hexaguard","hexamod:TimeWarp+1","hexamod:ChargedBarrage+1","hexamod:GhostflameInferno","hexamod:HeatShield","hexamod:SwordOfDarkness","hexamod:TimeWarp","hexamod:RetreatToShadows+1","hexamod:SecondSeal","hexamod:AdvancingGuard","hexamod:SpectersWail","hexamod:VolcanoVisage+1","hexamod:HeatMetal","hexamod:FirstSeal","hexamod:ThirdSeal","hexamod:Hexaguard+1","hexamod:TimeOfNeed","hexamod:SpectersWail","hexamod:Haunt","hexamod:FastForward","hexamod:GhostOfSpireFuture+1","hexamod:InspiringFlames+1"],"relics":["hexamod:SpiritBrand","Frozen Egg 2","SlaversCollar","downfall:HeartBlessingGreen","downfall:RedIOU","HornCleat","Question Card","Kunai","Centennial Puzzle"],"acts_visited":["Exordium","TheCity"],"potions_floor_usage":[14,16,23,23,32,33],"damage_taken":[{"damage":1,"enemies":"Cultist","floor":2,"turns":4},{"damage":2,"enemies":"2 Louse","floor":4,"turns":3},{"damage":0,"enemies":"downfall:FleeingMerchant","floor":5,"turns":4},{"damage":0,"enemies":"Small Slimes","floor":6,"turns":3},{"damage":2,"enemies":"Exordium Thugs","floor":9,"turns":4},{"damage":0,"enemies":"Large Slime","floor":10,"turns":6},{"damage":0,"enemies":"2 Fungi Beasts","floor":11,"turns":2},{"damage":0,"enemies":"downfall:FleeingMerchant","floor":12,"turns":4},{"damage":9,"enemies":"Exordium Wildlife","floor":13,"turns":4},{"damage":18,"enemies":"Lagavulin","floor":14,"turns":6},{"damage":6,"enemies":"Blue Slaver","floor":15,"turns":3},{"damage":4,"enemies":"IC_STATUS_ARCHETYPE","floor":16,"turns":5},{"damage":1,"enemies":"downfall:LooterAlt2","floor":19,"turns":4},{"damage":8,"enemies":"Spheric Guardian","floor":20,"turns":5},{"damage":27,"enemies":"Slavers","floor":23,"turns":4},{"damage":0,"enemies":"Snecko","floor":25,"turns":6},{"damage":20,"enemies":"Snake Plant","floor":26,"turns":5},{"damage":4,"enemies":"Centurion and Healer","floor":29,"turns":8},{"damage":4,"enemies":"Book of Stabbing","floor":31,"turns":5},{"damage":11,"enemies":"Snecko","floor":32,"turns":5},{"damage":62,"enemies":"DF_ARCHETYPE_CLAW","floor":33,"turns":5}],"seed_played":"7348958041032285262","potions_obtained":[{"floor":4,"key":"BlessingOfTheForge"},{"floor":6,"key":"hexamod:EctoCoolerPotion"},{"floor":10,"key":"bronze:BurnAndBuffPotion"},{"floor":14,"key":"Regen Potion"},{"floor":16,"key":"Fruit Juice"},{"floor":26,"key":"BlessingOfTheForge"},{"floor":29,"key":"hexamod:SoulburnPotion"}],"is_trial":false,"path_per_floor":["R","M","?","M","$","M","T","R","M","M","M","$","M","E","M","B",null,"R","M","M","?","?","E","T","M","M","R","T","M","R","E","M","B"],"character_chosen":"THE_SPIRIT","items_purchased":["hexamod:TimeWarp","hexamod:RetreatToShadows"],"campfire_rested":1,"item_purchase_floors":[5,12],"current_hp_per_floor":[77,76,76,74,74,74,74,74,72,72,72,72,63,45,39,49,77,77,76,68,54,54,39,39,46,33,59,59,62,62,65,61,0,0,0],"gold":284,"neow_bonus":"TEN_PERCENT_HP_BONUS","is_daily":false,"chose_seed":false,"campfire_upgraded":4,"win_rate":0.0,"timestamp":1613757667,"path_taken":["R","?","?","M","?","M","T","R","?","M","M","?","M","E","M","BOSS","R","M","M","?","?","E","T","M","?","R","?","M","R","E","M","BOSS"],"items_purchased_type":["Card","Card"],"build_version":"2020-12-22","purchased_purges":0,"victory":false,"max_hp_per_floor":[77,77,77,77,77,77,77,77,77,77,77,77,77,77,77,77,77,77,77,77,82,82,87,87,87,87,87,87,87,87,87,87,87,87,87],"card_choices":[{"not_picked":["hexamod:HauntingEcho","hexamod:NecessarySacrifice"],"picked":"hexamod:SpectersWail","floor":2},{"not_picked":["hexamod:GhostShield","hexamod:FastForward"],"picked":"hexamod:SpectersWail","floor":4},{"not_picked":["hexamod:HauntingEcho","hexamod:ThermalTransfer"],"picked":"hexamod:Hexaguard","floor":5},{"not_picked":["hexamod:ThermalTransfer","hexamod:BacktrackSmack"],"picked":"hexamod:ChargedBarrage","floor":6},{"not_picked":["hexamod:HeatCrush","hexamod:SkipABeat"],"picked":"hexamod:GhostflameInferno","floor":9},{"not_picked":["hexamod:ThermalTransfer","hexamod:BurningTouch"],"picked":"hexamod:HeatShield","floor":10},{"not_picked":["hexamod:FastForward","hexamod:RainOfEmbers"],"picked":"hexamod:SwordOfDarkness","floor":11},{"not_picked":["hexamod:Hexaguard","hexamod:NightmareGuise"],"picked":"hexamod:TimeWarp","floor":12},{"not_picked":["hexamod:SpectralAdrenaline","hexamod:EtherealExpedition"],"picked":"hexamod:SecondSeal","floor":13},{"not_picked":["hexamod:GhostLash","hexamod:Firestarter"],"picked":"hexamod:AdvancingGuard","floor":14},{"not_picked":["hexamod:InspiringFlames","hexamod:GhostShield"],"picked":"hexamod:SpectersWail","floor":15},{"not_picked":["hexamod:SearingWound","hexamod:WildfireWeapon+1"],"picked":"hexamod:VolcanoVisage+1","floor":16},{"not_picked":["hexamod:ThermalTransfer","hexamod:DynamicBlow"],"picked":"hexamod:HeatMetal","floor":19},{"not_picked":["hexamod:Firestarter+1","hexamod:AdvancingGuard+1"],"picked":"hexamod:FirstSeal","floor":20},{"not_picked":["hexamod:Haunt+1","hexamod:UnlimitedPower"],"picked":"hexamod:ThirdSeal","floor":23},{"not_picked":["hexamod:AdvancingGuard","hexamod:Haunt","hexamod:ShieldOfDarkness"],"picked":"hexamod:Hexaguard+1","floor":25},{"not_picked":["hexamod:Hexaguard+1","hexamod:StepThrough","hexamod:GhostOfSpirePast+1"],"picked":"hexamod:TimeOfNeed","floor":25},{"not_picked":["hexamod:NightmareStrike","hexamod:Incineration+1","hexamod:GhostShield"],"picked":"hexamod:SpectersWail","floor":26},{"not_picked":["hexamod:RecurringNightmare","hexamod:SwordOfDarkness","hexamod:SkipABeat+1"],"picked":"hexamod:Haunt","floor":29},{"not_picked":["hexamod:GhostLash","hexamod:SwordOfDarkness","hexamod:InspiringFlames"],"picked":"hexamod:FastForward","floor":29},{"not_picked":["hexamod:HeatMetal+1","hexamod:RainOfEmbers","hexamod:CatchUp"],"picked":"hexamod:GhostOfSpireFuture+1","floor":31},{"not_picked":["hexamod:Again","hexamod:NightmareStrike","hexamod:EtherealExpedition"],"picked":"hexamod:InspiringFlames+1","floor":31},{"not_picked":["hexamod:AdvancingGuard","hexamod:BurningTouch","hexamod:GhostOfSpirePast+1","hexamod:SwordOfDarkness"],"picked":"SKIP","floor":32}],"player_experience":1757883,"relics_obtained":[{"floor":7,"key":"Frozen Egg 2"},{"floor":14,"key":"Pen Nib"},{"floor":23,"key":"HornCleat"},{"floor":24,"key":"Question Card"},{"floor":28,"key":"Kunai"},{"floor":31,"key":"Centennial Puzzle"}],"event_choices":[{"cards_removed":["hexamod:Strike"],"damage_healed":0,"gold_gain":0,"player_choice":"Took Card","damage_taken":0,"max_hp_gain":0,"max_hp_loss":0,"event_name":"NoteForYourself","floor":3,"gold_loss":0,"cards_obtained":["beaked:Ceremony"]}],"is_beta":false,"boss_relics":[{"not_picked":["energizedSpire:EnergizedDie","Velvet Choker"],"picked":"SlaversCollar"}],"items_purged_floors":[],"is_endless":false,"potions_floor_spawned":[4,6,10,13,14,16,19,26,29],"killed_by":"DF_ARCHETYPE_CLAW","ascension_level":0}}