{"host":"6kyqgln1ip325a4v","time":1613709787,"event":{"mods":["BaseMod","Minty Spire (QoL Compilation)"],"gold_per_floor":[117,67,79,95,108,108,137,137,137,165,165,165,181,200,200,298,298,312,329,14,33,33,33,58,58,85,85,116,116,215,215,215,318,318,338,33,47,47,47,74,86,110,204,41,41,41],"floor_reached":45,"language":"ENG","playtime":1269,"items_purged":["Strike_G","Defend_G"],"score":579,"play_id":"e8cf9b1d-e165-4adc-ad48-17c7d3bdedb3","local_time":"20210218234307","is_ascension_mode":false,"campfire_choices":[{"data":"Blade Dance","floor":6,"key":"SMITH"},{"data":"Finisher","floor":8,"key":"SMITH"},{"data":"Blade Dance","floor":12,"key":"SMITH"},{"data":"Backstab","floor":15,"key":"SMITH"},{"floor":27,"key":"REST"},{"floor":29,"key":"REST"},{"data":"All Out Attack","floor":32,"key":"SMITH"},{"floor":41,"key":"REST"}],"circlet_count":0,"master_deck":["Strike_G","Strike_G","Strike_G","Defend_G","Defend_G","Defend_G","Survivor","Neutralize","Backstab+1","Prepared","Dagger Throw","Blade Dance+1","Finisher+1","Blade Dance+1","All Out Attack+1","A Thousand Cuts+1","CurseOfTheBell","Leg Sweep","Quick Slash+1","Blade Dance+1","Accuracy+1","Calculated Gamble+1","Necronomicurse","Corpse Explosion","Footwork+1","Storm of Steel","Accuracy+1","Terror"],"relics":["Philosopher\u0027s Stone","White Beast Statue","Frozen Egg 2","Odd Mushroom","Calling Bell","Potion Belt","Molten Egg 2","Torii","Bronze Scales","Blue Candle","Blood Vial","WingedGreaves","Necronomicon","Fusion Hammer","Mango","MawBank"],"acts_visited":["Exordium","TheCity","TheBeyond"],"potions_floor_usage":[4,4,5,7,16,16,24,24,28,33,33,37,37,40,45],"damage_taken":[{"damage":0,"enemies":"2 Louse","floor":1,"turns":3},{"damage":0,"enemies":"Small Slimes","floor":3,"turns":3},{"damage":0,"enemies":"Cultist","floor":4,"turns":3},{"damage":0,"enemies":"2 Fungi Beasts","floor":5,"turns":3},{"damage":0,"enemies":"Gremlin Nob","floor":7,"turns":2},{"damage":9,"enemies":"The Mushroom Lair","floor":10,"turns":4},{"damage":6,"enemies":"Exordium Thugs","floor":13,"turns":2},{"damage":1,"enemies":"3 Louse","floor":14,"turns":2},{"damage":0,"enemies":"Slime Boss","floor":16,"turns":4},{"damage":11,"enemies":"Shell Parasite","floor":18,"turns":2},{"damage":11,"enemies":"3 Byrds","floor":19,"turns":5},{"damage":7,"enemies":"3 Cultists","floor":21,"turns":3},{"damage":0,"enemies":"Slavers","floor":24,"turns":3},{"damage":15,"enemies":"Gremlin Leader","floor":28,"turns":4},{"damage":41,"enemies":"Collector","floor":33,"turns":7},{"damage":11,"enemies":"Orb Walker","floor":35,"turns":3},{"damage":20,"enemies":"3 Darklings","floor":37,"turns":3},{"damage":50,"enemies":"Reptomancer","floor":40,"turns":7},{"damage":26,"enemies":"4 Shapes","floor":42,"turns":3},{"damage":32,"enemies":"Spire Growth","floor":45,"turns":3}],"seed_played":"5406833786737355429","potions_obtained":[{"floor":1,"key":"Swift Potion"},{"floor":3,"key":"EntropicBrew"},{"floor":10,"key":"Strength Potion"},{"floor":13,"key":"PowerPotion"},{"floor":14,"key":"Fire Potion"},{"floor":16,"key":"Ancient Potion"},{"floor":18,"key":"SpeedPotion"},{"floor":19,"key":"DistilledChaos"},{"floor":21,"key":"Swift Potion"},{"floor":24,"key":"Fire Potion"},{"floor":28,"key":"Dexterity Potion"},{"floor":33,"key":"SkillPotion"},{"floor":35,"key":"Poison Potion"},{"floor":37,"key":"EssenceOfSteel"},{"floor":40,"key":"Poison Potion"},{"floor":42,"key":"BlessingOfTheForge"}],"is_trial":false,"path_per_floor":["M","?","M","M","M","R","E","R","T","?","?","R","M","M","R","B",null,"M","M","$","M","?","$","E","$","T","R","E","R","?","?","R","B",null,"M","$","M","?","?","E","R","M","T","$","M"],"character_chosen":"THE_SILENT","items_purchased":["Bronze Scales","Deep Breath","Mango","Terror"],"campfire_rested":3,"item_purchase_floors":[20,20,36,44],"current_hp_per_floor":[70,70,70,70,70,70,70,70,70,61,61,61,55,54,54,54,70,59,48,48,41,41,41,41,41,41,62,49,70,70,54,54,15,70,59,73,55,55,80,30,54,30,30,30,0,0],"gold":41,"neow_bonus":"BOSS_RELIC","is_daily":false,"chose_seed":false,"campfire_upgraded":5,"win_rate":0.0,"timestamp":1613709787,"path_taken":["M","?","M","M","M","R","E","R","T","?","?","R","M","M","R","BOSS","M","?","$","M","?","?","E","$","T","R","E","R","?","?","R","BOSS","M","$","M","?","?","E","R","?","T","$","M"],"items_purchased_type":["Relic","Card","Relic","Card"],"build_version":"2020-12-22","purchased_purges":2,"victory":false,"max_hp_per_floor":[70,70,70,70,70,70,70,70,70,70,70,70,70,70,70,70,70,70,70,70,70,70,70,70,70,70,70,70,70,70,70,70,70,70,70,84,84,80,80,80,80,80,80,80,80,80],"card_choices":[{"not_picked":["Escape Plan","Underhanded Strike"],"picked":"Backstab","floor":1},{"not_picked":["Footwork","Choke"],"picked":"Prepared","floor":3},{"not_picked":["PiercingWail","Bane"],"picked":"Dagger Throw","floor":4},{"not_picked":["Storm of Steel","Heel Hook"],"picked":"Blade Dance","floor":5},{"not_picked":["Catalyst","Expertise"],"picked":"Finisher","floor":7},{"not_picked":["Deflect","Backflip"],"picked":"Blade Dance","floor":10},{"not_picked":["Poisoned Stab","Blade Dance"],"picked":"All Out Attack","floor":13},{"not_picked":["Dagger Throw","Masterful Stab","Dodge and Roll"],"picked":"SKIP","floor":14},{"not_picked":["Die Die Die","Adrenaline"],"picked":"A Thousand Cuts+1","floor":16},{"not_picked":["Sucker Punch+1","PiercingWail"],"picked":"Leg Sweep","floor":18},{"not_picked":["Sucker Punch+1","PiercingWail+1"],"picked":"Quick Slash+1","floor":19},{"not_picked":["Concentrate","Wraith Form v2+1"],"picked":"Blade Dance+1","floor":21},{"not_picked":["Unload+1","Bane+1"],"picked":"Calculated Gamble+1","floor":24},{"not_picked":["Dagger Throw+1","Eviscerate+1","Poisoned Stab+1"],"picked":"SKIP","floor":28},{"not_picked":["Bullet Time","Doppelganger"],"picked":"Corpse Explosion","floor":33},{"not_picked":["Flying Knee+1","Sucker Punch+1","Quick Slash+1"],"picked":"SKIP","floor":35},{"not_picked":["Backflip","Sucker Punch+1"],"picked":"Footwork+1","floor":37},{"not_picked":["Sucker Punch+1","Tools of the Trade+1"],"picked":"Storm of Steel","floor":40},{"not_picked":["Flechettes+1","Dodge and Roll"],"picked":"Accuracy+1","floor":42}],"player_experience":181794,"relics_obtained":[{"floor":7,"key":"White Beast Statue"},{"floor":9,"key":"Frozen Egg 2"},{"floor":10,"key":"Odd Mushroom"},{"floor":17,"key":"Potion Belt"},{"floor":17,"key":"Molten Egg 2"},{"floor":17,"key":"Torii"},{"floor":24,"key":"Blue Candle"},{"floor":26,"key":"Blood Vial"},{"floor":28,"key":"WingedGreaves"},{"floor":31,"key":"Necronomicon"},{"floor":40,"key":"MawBank"}],"event_choices":[{"cards_removed":["Strike_G"],"damage_healed":0,"gold_gain":0,"player_choice":"Card Removal","damage_taken":0,"max_hp_gain":0,"max_hp_loss":0,"event_name":"The Cleric","floor":2,"gold_loss":50},{"damage_healed":0,"gold_gain":0,"player_choice":"Fought Mushrooms","damage_taken":0,"max_hp_gain":0,"max_hp_loss":0,"event_name":"Mushrooms","floor":10,"gold_loss":0},{"cards_removed":["Defend_G"],"damage_healed":0,"gold_gain":0,"player_choice":"Card Removal","damage_taken":0,"max_hp_gain":0,"max_hp_loss":0,"event_name":"Wheel of Change","floor":11,"gold_loss":0},{"damage_healed":0,"gold_gain":0,"player_choice":"Read","damage_taken":0,"max_hp_gain":0,"max_hp_loss":0,"event_name":"The Library","floor":22,"gold_loss":0,"cards_obtained":["Accuracy"]},{"damage_healed":0,"gold_gain":99,"player_choice":"Stole From Cult","damage_taken":0,"max_hp_gain":0,"max_hp_loss":0,"event_name":"Nest","floor":30,"gold_loss":0},{"damage_healed":0,"gold_gain":0,"player_choice":"Obtained Book","damage_taken":16,"max_hp_gain":0,"max_hp_loss":0,"event_name":"Cursed Tome","floor":31,"gold_loss":0},{"damage_healed":0,"gold_gain":0,"player_choice":"Max HP","damage_taken":0,"max_hp_gain":0,"max_hp_loss":4,"event_name":"Winding Halls","floor":38,"gold_loss":0},{"cards_removed":["Deep Breath"],"damage_healed":25,"gold_gain":0,"player_choice":"Offered Uncommon","damage_taken":0,"max_hp_gain":0,"max_hp_loss":0,"event_name":"Bonfire Elementals","floor":39,"gold_loss":0}],"is_beta":false,"boss_relics":[{"not_picked":["Runic Dome","SlaversCollar"],"picked":"Calling Bell"},{"not_picked":["Pandora\u0027s Box","Empty Cage"],"picked":"Fusion Hammer"}],"items_purged_floors":[20,44],"is_endless":false,"potions_floor_spawned":[1,3,10,13,14,16,18,19,21,24,28,33,35,37,40,42],"killed_by":"Spire Growth","ascension_level":0}}