{"host":"leop","time":1613758204,"event":{"mods":["ATMod(°¢èªMod)","Act Like it!","BaseMod","GifTheSpireLib","Lobotomy","LobotomyExtend","Minty Spire (QoL Compilation)","MostiFishMod","Pale of the Ancients","Quick Restart","Reliquary","Shop Mod","Spicy Shops","StSLib","TestMod","noobMod","¡¾ÒÅÎï¿¨ÅÆ¡¿REMEMod"],"gold_per_floor":[118,139,139,159,180,219,219,219,219,219,259,105,180,180,180,317,317,317,208,208,227,239,275,275,283,357,282,304,304,304,336,336,437,437,459,537,537,537,559,595,595,616,642,642,642,642,642,653,653,662,662,662,662,662,701,711],"floor_reached":57,"language":"ZHS","playtime":2415,"items_purged":["Strike_R","Strike_R","Strike_R","Strike_R","Funeral"],"score":1497,"play_id":"c9a71374-c9bf-415f-8e1e-4d9e3aa10084","local_time":"20210220021004","is_ascension_mode":false,"campfire_choices":[{"data":"Immolate","floor":7.0,"key":"SMITH"},{"data":"Burning Pact","floor":10.0,"key":"SMITH"},{"floor":15.0,"key":"RECALL"},{"data":"AT_FamilyPortrait","floor":24.0,"key":"SMITH"},{"data":"Hemokinesis","floor":32.0,"key":"SMITH"},{"data":"Feed","floor":44.0,"key":"SMITH"},{"data":"AT_ShrugMaster","floor":47.0,"key":"SMITH"},{"data":"Second Wind","floor":49,"key":"SMITH"},{"floor":53,"key":"REST"}],"circlet_count":0,"master_deck":["AT_FamilyPortrait+1","AT_ShrugMaster+1","Burning Pact+1","Rupture+1","Rupture+1","Demon Form+1","Second Wind+1","BlueStar","Hemokinesis+1","Feed+1","Burning Pact+1","Sword Boomerang+1","Rupture+1","Barricade+1"],"relics":["Burning Blood","AT_ATBox","DaveBox","testmod-TestBox","REME_ComplimentaryCards","ice","CogitoBucket","RabbitCall","GreenFoldingFan","testmod-DeterminationOfClimber","SynthV:TestCard","LetterFromLob","Frozen Egg 2","testmod-Justice","DiscerningMonocle","Eternal Feather","reliquary:Bookmark","reliquary:ExpiredCoupon","Happy Flower","Pear","MerchantsRug","testmod-Fanaticism","ShedSkin_r","testmod-OneHitWonder","TimeFreeze","testmod-AssaultLearning","reliquary:Spinner","AT_BladeRuinedKing","Justitia_r","Lamp_r","AspirationHeart","Twilight","Bag of Preparation","DeathAngel","LuminousBracelet","Centennial Puzzle","Black Star","testmod-Brilliant","Sling","AT_SunfireAegis","REME_HourglassOfDeath","reliquary:BoilingFlask","Matryoshka","Civilization","OriginationStaff","Gambling Chip","reliquary:RoseTintedGlasses","reliquary:SharkskinSheath","MagicBullet_r","Ying","AT_ArchangelStaff","reliquary:Sod","Red Skull","Letter Opener"],"acts_visited":["Exordium","TheCity","TheBeyond","TheEnding"],"potions_floor_usage":[],"damage_taken":[{"damage":2.0,"enemies":"Cultist","floor":1.0,"turns":1.0},{"damage":5.0,"enemies":"Jaw Worm","floor":2.0,"turns":2.0},{"damage":9.0,"enemies":"2 Louse","floor":4.0,"turns":2.0},{"damage":11.0,"enemies":"Blue Slaver","floor":5.0,"turns":2.0},{"damage":8.0,"enemies":"Lagavulin","floor":6.0,"turns":4.0},{"damage":4.0,"enemies":"Gremlin Nob","floor":11.0,"turns":2.0},{"damage":10.0,"enemies":"Slime Boss","floor":16.0,"turns":4.0},{"damage":6.0,"enemies":"Shell Parasite","floor":21.0,"turns":3.0},{"damage":44.0,"enemies":"3 Byrds","floor":22.0,"turns":3.0},{"damage":18.0,"enemies":"Book of Stabbing","floor":23.0,"turns":3.0},{"damage":62.0,"enemies":"3 Byrds","floor":25.0,"turns":7.0},{"damage":51.0,"enemies":"3 Byrds","floor":28.0,"turns":3.0},{"damage":6.0,"enemies":"Gremlin Leader","floor":31.0,"turns":2.0},{"damage":8.0,"enemies":"Champ","floor":33.0,"turns":2.0},{"damage":2.0,"enemies":"3 Darklings","floor":35.0,"turns":1.0},{"damage":4.0,"enemies":"Mind Bloom Boss Battle","floor":36.0,"turns":2.0},{"damage":77.0,"enemies":"Orb Walker","floor":39.0,"turns":2.0},{"damage":6.0,"enemies":"Giant Head","floor":40.0,"turns":2.0},{"damage":2.0,"enemies":"Sphere and 2 Shapes","floor":41.0,"turns":1.0},{"damage":8.0,"enemies":"Transient","floor":42.0,"turns":2.0},{"damage":2.0,"enemies":"4 Shapes","floor":48.0,"turns":1.0},{"damage":187,"enemies":"FixerMidnight","floor":50,"turns":2},{"damage":16,"enemies":"Shield and Spear","floor":55,"turns":2},{"damage":11,"enemies":"The Heart","floor":56,"turns":3}],"seed_played":"1884744135715116658","potions_obtained":[{"floor":1.0,"key":"Explosive Potion"},{"floor":6.0,"key":"Block Potion"},{"floor":16.0,"key":"SteroidPotion"},{"floor":33.0,"key":"Swift Potion"}],"is_trial":false,"path_per_floor":["M","M","?","M","M","E","R","?","T","R","E","$","?","?","R","B",null,"M","$","?","M","M","E","R","M","T","?","M","?","?","E","R","B",null,"M","?","?","$","M","E","M","M","T","R","?","?","R","M","R","B",null,null,"R","$","E","B",null],"character_chosen":"IRONCLAD","items_purchased":["DiscerningMonocle","Eternal Feather","reliquary:Bookmark","reliquary:ExpiredCoupon","Happy Flower","Pear","REME_GoldPotion","Block Potion","MerchantsRug","testmod-OneHitWonder","TimeFreeze","testmod-AssaultLearning","reliquary:Spinner","AT_BladeRuinedKing","Ancient Potion","Second Wind","Sling","AT_SunfireAegis","REME_HourglassOfDeath","reliquary:BoilingFlask","Matryoshka","Civilization","Ying","AT_ArchangelStaff","Barricade+1","reliquary:Sod"],"campfire_rested":1,"item_purchase_floors":[12,12,12,12,12,12,12,12,12,19,19,19,19,19,19,19,38,38,38,38,38,38,54,54,54,54],"current_hp_per_floor":[80,80,80,80,80,80,80,80,80,80,80,90,79,79,88,90,90,78,78,78,100,100,100,100,98,98,98,115,115,115,115,115,115,115,118,121,121,121,122,127,132,140,140,140,140,140,140,145,145,23,23,154,154,154,163,168],"gold":711,"neow_bonus":"","is_daily":false,"chose_seed":true,"campfire_upgraded":7,"win_rate":0.0,"timestamp":1613758204,"path_taken":["M","?","?","?","M","E","R","?","T","R","E","$","?","?","R","BOSS","M","$","?","?","M","E","R","M","T","?","M","?","?","E","R","BOSS","M","?","?","$","M","E","M","?","T","R","?","?","R","M","R","BOSS","R","$","E","BOSS"],"items_purchased_type":["Relic","Relic","Relic","Relic","Relic","Relic","Potion","Potion","Relic","Relic","Relic","Relic","Relic","Relic","Potion","Card","Relic","Relic","Relic","Relic","Relic","Relic","Relic","Relic","Card","Relic"],"build_version":"2020-12-18","purchased_purges":5,"victory":true,"max_hp_per_floor":[80,80,80,80,80,80,80,80,80,80,80,90,90,90,90,90,90,90,90,90,100,100,100,100,100,100,100,115,115,115,115,115,115,115,118,121,121,121,122,127,132,140,140,140,140,140,140,145,145,154,154,154,154,154,163,168],"card_choices":[{"not_picked":["FairyFestival","Scorched","GreedKing"],"picked":"Singing Bowl","floor":1.0},{"not_picked":["Evolve","Pommel Strike"],"picked":"Rage","floor":1.0},{"not_picked":["OldLady","WhitesApple","Wellcheers"],"picked":"Singing Bowl","floor":2.0},{"not_picked":["Bloodbath","SpiderBud"],"picked":"BigBird","floor":2.0},{"not_picked":["Pommel Strike","Anger","Uppercut","Heavy Blade"],"picked":"AT_ShrugMaster","floor":2.0},{"not_picked":["ShyLook","SnowQueen","BlackSwan"],"picked":"Singing Bowl","floor":4.0},{"not_picked":["Anger","AT_GerminateFire","Perfected Strike","Headbutt"],"picked":"Burning Pact","floor":4.0},{"not_picked":["HappyTeddy","VoidDream","WallGazer"],"picked":"Singing Bowl","floor":5.0},{"not_picked":["Ghostly Armor","AT_DrawKnifeCut","Clothesline","Warcry","Combust"],"picked":"SKIP","floor":5.0},{"not_picked":["Scorched","OldLady","Rudolta"],"picked":"Singing Bowl","floor":6.0},{"not_picked":["AT_GerminateFire","Burning Pact","Warcry","Perfected Strike"],"picked":"Immolate","floor":6.0},{"not_picked":["Perfected Strike","Twin Strike","Flex","Ghostly Armor"],"picked":"Rupture+1","floor":11.0},{"not_picked":["SpiderBud","Wellcheers","VoidDream"],"picked":"Singing Bowl","floor":11.0},{"not_picked":["GreedKing","BeautyBeast"],"picked":"LongBird","floor":11.0},{"not_picked":["WallGazer","HeroicMonk","QueenBee"],"picked":"Singing Bowl","floor":16.0},{"not_picked":["MostiFishMod:PerfectStrikeMKII","MostiFishMod:WingOfPhoenix+1","MostiFishMod:ChineseTea","MostiFishMod:Mania+1"],"picked":"Demon Form+1","floor":16.0},{"not_picked":["CrumblingArmor","HappyTeddy"],"picked":"PunishingBird","floor":21.0},{"not_picked":["Iron Wave","AT_ShrugMaster+1","Double Tap","REME_SingleHolding","Body Slam"],"picked":"SKIP","floor":21.0},{"not_picked":["QueenOfHatred","CherryBlossoms"],"picked":"WhiteNight","floor":22.0},{"not_picked":["SingingMachine","Scorched","SpiderBud"],"picked":"Singing Bowl","floor":23.0},{"not_picked":["Armaments","Sword Boomerang","MostiFishMod:#F4004+1","AT_IchimonjiDouble","MostiFishMod:PerfectStrikeMKII"],"picked":"SKIP","floor":23.0},{"not_picked":["BeautyBeast","HappyTeddy","MeatLantern"],"picked":"Singing Bowl","floor":25.0},{"not_picked":["DespairKnight","SnowQueen"],"picked":"MeltingLove","floor":25.0},{"not_picked":["Bloodbath","HappyTeddy","BlackSwan"],"picked":"Singing Bowl","floor":28.0},{"not_picked":["CherryBlossoms","Wellcheers"],"picked":"BlueStar","floor":28.0},{"not_picked":["Clothesline+1","Wild Strike","Warcry","Perfected Strike","Clash"],"picked":"SKIP","floor":28.0},{"not_picked":["WhitesApple","ShyLook","MeatLantern"],"picked":"Singing Bowl","floor":31.0},{"not_picked":["Shrug It Off","Combust+1","Sentinel","Twin Strike","Second Wind"],"picked":"SKIP","floor":31.0},{"not_picked":["BigBird","BeautyBeast","WhiteNight"],"picked":"Singing Bowl","floor":33.0},{"not_picked":["BeautyBeast","NothingThere"],"picked":"Funeral","floor":33.0},{"not_picked":["REME_ACTH","MostiFishMod:HellRitual","MostiFishMod:OrdinaryWorld","MostiFishMod:RainCloud"],"picked":"Feed","floor":33.0},{"not_picked":["BlackArmy","SnowQueen","DreamingCurrent"],"picked":"Singing Bowl","floor":35.0},{"not_picked":["Heavy Blade","AT_IchimonjiDouble+1","Combust+1","Spot Weakness+1"],"picked":"Sword Boomerang","floor":35.0},{"not_picked":["GalaxyChild","Laetitia","WallGazer"],"picked":"Singing Bowl","floor":36.0},{"not_picked":["Clothesline","Heavy Blade+1","AT_BodySlamDance+1","Pommel Strike"],"picked":"Burning Pact+1","floor":36.0},{"not_picked":["True Grit+1","Twin Strike+1","Armaments","Second Wind+1"],"picked":"Sword Boomerang+1","floor":39.0},{"not_picked":["WhiteNight","WhitesApple","Scorched"],"picked":"Singing Bowl","floor":39.0},{"not_picked":["WallGazer","BlackArmy","FairyFestival"],"picked":"Singing Bowl","floor":40.0},{"not_picked":["Twin Strike+1","MostiFishMod:NewArrival","Reckless Charge+1","AT_IchimonjiDouble+1","Headbutt"],"picked":"SKIP","floor":40.0},{"not_picked":["UniverseFragment","FieryBird","BlackSwan"],"picked":"Singing Bowl","floor":41.0},{"not_picked":["Pommel Strike+1","Cleave+1","Armaments+1","AT_BodySlamDance+1","Anger+1"],"picked":"SKIP","floor":41.0},{"not_picked":["WhitesApple","Variant","SingingMachine"],"picked":"Singing Bowl","floor":42.0},{"not_picked":["AT_ManFootWork+1","REME_FearOfPain+1","Perfected Strike+1","Armaments+1"],"picked":"Rupture+1","floor":42.0},{"not_picked":["Fire Breathing+1","Sever Soul","Havoc","REME_SingleHolding+1","Twin Strike"],"picked":"SKIP","floor":48},{"not_picked":["NothingThere","QueenBee","Laetitia"],"picked":"Singing Bowl","floor":55},{"not_picked":["Shrug It Off+1","Havoc","Headbutt","Clothesline","Anger"],"picked":"SKIP","floor":55}],"player_experience":1227437,"relics_obtained":[{"floor":1.0,"key":"SynthV:TestCard"},{"floor":1.0,"key":"LetterFromLob"},{"floor":6.0,"key":"Frozen Egg 2"},{"floor":11.0,"key":"testmod-Justice"},{"floor":22.0,"key":"Twilight"},{"floor":23.0,"key":"Bag of Preparation"},{"floor":25.0,"key":"DeathAngel"},{"floor":31.0,"key":"Centennial Puzzle"},{"floor":36.0,"key":"testmod-Brilliant"},{"floor":40.0,"key":"OriginationStaff"},{"floor":40.0,"key":"Gambling Chip"},{"floor":43.0,"key":"reliquary:RoseTintedGlasses"},{"floor":43.0,"key":"reliquary:SharkskinSheath"},{"floor":55,"key":"Red Skull"},{"floor":55,"key":"Letter Opener"}],"event_choices":[{"damage_healed":0.0,"max_hp_gain":0.0,"max_hp_loss":0.0,"gold_gain":0.0,"event_name":"The Woman in Blue","player_choice":"Bought 0 Potions","floor":3.0,"gold_loss":0.0,"damage_taken":0.0},{"damage_healed":0.0,"max_hp_gain":0.0,"max_hp_loss":0.0,"gold_gain":0.0,"event_name":"Liars Game","player_choice":"Ignored","floor":8.0,"gold_loss":0.0,"damage_taken":0.0},{"damage_healed":0.0,"max_hp_gain":0.0,"max_hp_loss":0.0,"gold_gain":75.0,"event_name":"World of Goop","player_choice":"Gather Gold","floor":13.0,"gold_loss":0.0,"damage_taken":11.0},{"damage_healed":0.0,"max_hp_gain":0.0,"max_hp_loss":0.0,"gold_gain":0.0,"event_name":"Match and Keep!","player_choice":"1 cards matched","floor":14.0,"gold_loss":0.0,"damage_taken":0.0,"cards_obtained":["Rupture"]},{"damage_healed":0.0,"max_hp_gain":0.0,"max_hp_loss":0.0,"gold_gain":0.0,"event_name":"NoteForYourself","player_choice":"Ignored","floor":20.0,"gold_loss":0.0,"damage_taken":0.0},{"cards_removed":["WhiteNight"],"damage_healed":0.0,"max_hp_gain":0.0,"max_hp_loss":0.0,"gold_gain":0.0,"event_name":"Beggar","player_choice":"Gave Gold","floor":27.0,"gold_loss":75.0,"damage_taken":0.0},{"cards_removed":["HereticApostle"],"damage_healed":0.0,"max_hp_gain":0.0,"max_hp_loss":0.0,"gold_gain":0.0,"event_name":"Back to Basics","player_choice":"Elegance","floor":29.0,"gold_loss":0.0,"damage_taken":0.0},{"damage_healed":0.0,"max_hp_gain":0.0,"max_hp_loss":0.0,"gold_gain":0.0,"event_name":"The Library","player_choice":"Read","floor":30.0,"gold_loss":0.0,"damage_taken":0.0,"cards_obtained":["Hemokinesis"]},{"damage_healed":0.0,"max_hp_gain":0.0,"max_hp_loss":0.0,"gold_gain":0.0,"event_name":"MindBloom","player_choice":"Fight","floor":36.0,"gold_loss":0.0,"damage_taken":0.0},{"damage_healed":0.0,"max_hp_gain":0.0,"max_hp_loss":0.0,"gold_gain":0.0,"event_name":"Tomb of Lord Red Mask","player_choice":"Ignored","floor":37.0,"gold_loss":0.0,"damage_taken":0.0},{"cards_removed":["LongBird"],"damage_healed":0.0,"max_hp_gain":0.0,"max_hp_loss":0.0,"gold_gain":0.0,"event_name":"Falling","player_choice":"Removed Skill","floor":46.0,"gold_loss":0.0,"damage_taken":0.0}],"is_beta":true,"boss_relics":[{"not_picked":["Runic Dome","testmod-CardMagician"],"picked":"testmod-Fanaticism"},{"not_picked":["Cursed Key","NightmareShop"],"picked":"Black Star"}],"items_purged_floors":[12,19,19,38,54],"is_endless":false,"potions_floor_spawned":[1,6,16,21,23,33,35,36,39,55],"ascension_level":0}}