{"host":"4qkvkh7pd9qr2mca","time":1613744543,"event":{"mods":["AchievementEnabler","Act Like it!","BaseMod","Colored Map","Colored Powertips","Highlight Path","Minty Spire (QoL Compilation)","Pale of the Ancients","Permanent Neow","Quick Restart","Relic Stats","StSLib","SuperFastMode"],"gold_per_floor":[113,263,263,263,102,102,102],"floor_reached":6,"language":"ENG","playtime":199,"items_purged":["Doubt"],"score":64,"play_id":"96397c4c-924b-45aa-a9b4-0fb59382f176","local_time":"20210219152223","is_ascension_mode":true,"campfire_choices":[],"circlet_count":0,"master_deck":["AscendersBane","Strike_G","Strike_G","Strike_G","Strike_G","Strike_G","Defend_G","Defend_G","Defend_G","Defend_G","Defend_G","Survivor","Neutralize","Dagger Throw","Dash"],"relics":["Ring of the Snake","Torii","Juzu Bracelet"],"acts_visited":["Exordium"],"potions_floor_usage":[],"damage_taken":[{"damage":2,"enemies":"2 Louse","floor":1,"turns":5},{"damage":24,"enemies":"Lagavulin","floor":6,"turns":6}],"seed_played":"6427818676643776573","potions_obtained":[],"is_trial":false,"path_per_floor":["M","?","?","?","$","E"],"character_chosen":"THE_SILENT","items_purchased":["Dash"],"campfire_rested":0,"item_purchase_floors":[5],"current_hp_per_floor":[57,57,46,51,51,27,27],"gold":102,"neow_bonus":"ONE_RARE_RELIC","is_daily":false,"chose_seed":false,"campfire_upgraded":0,"win_rate":0.0,"timestamp":1613744543,"path_taken":["M","?","?","?","$","E"],"items_purchased_type":["Card"],"build_version":"2020-12-22","purchased_purges":1,"victory":false,"max_hp_per_floor":[60,60,60,65,65,65,65],"relic_stats":{"Torii":0,"counters":[2,11],"Juzu Bracelet":0,"obtain_stats":[{"Torii":0,"Juzu Bracelet":3,"Ring of the Snake":0},{"Torii":0,"Juzu Bracelet":1,"Ring of the Snake":0},{"Torii":0,"Juzu Bracelet":5,"Ring of the Snake":0}],"Ring of the Snake":[4]},"card_choices":[{"not_picked":["Reflex","Quick Slash"],"picked":"Dagger Throw","floor":1}],"player_experience":642987,"relics_obtained":[],"event_choices":[{"damage_healed":0,"gold_gain":150,"player_choice":"AGREE","damage_taken":0,"max_hp_gain":0,"max_hp_loss":0,"event_name":"Liars Game","floor":2,"gold_loss":0,"cards_obtained":["Doubt"]},{"damage_healed":0,"gold_gain":0,"player_choice":"Success","damage_taken":11,"relics_obtained":["Juzu Bracelet"],"max_hp_gain":0,"max_hp_loss":0,"event_name":"Scrap Ooze","floor":3,"gold_loss":0},{"damage_healed":0,"gold_gain":0,"player_choice":"Donut","damage_taken":0,"max_hp_gain":5,"max_hp_loss":0,"event_name":"Big Fish","floor":4,"gold_loss":0}],"is_beta":false,"boss_relics":[],"items_purged_floors":[5],"is_endless":false,"potions_floor_spawned":[],"killed_by":"Lagavulin","ascension_level":20}}