{"host":"6pic12dj9p7186mz","time":1613734533,"event":{"mods":["BaseMod","Minty Spire (QoL Compilation)","Permanent Neow","Relic Stats","StSLib"],"gold_per_floor":[115,127,144,157,175,205,205,82,82,115,115,115,154,179,179,310,310,325,120,120,136,161,161,200,200,200,213,29,49,83,83,83,83,83],"floor_reached":33,"language":"ENG","playtime":1982,"items_purged":["Strike_G","Strike_G","Strike_G"],"score":407,"play_id":"c8458311-7e76-4c86-8892-cad04c46103c","local_time":"20210219053533","is_ascension_mode":true,"campfire_choices":[{"data":"Dash","floor":7,"key":"SMITH"},{"data":"Footwork","floor":12,"key":"SMITH"},{"data":"Bouncing Flask","floor":15,"key":"SMITH"},{"data":"Noxious Fumes","floor":23,"key":"SMITH"},{"floor":32,"key":"REST"}],"circlet_count":0,"master_deck":["Strike_G","Defend_G","Defend_G","Defend_G","Defend_G","Defend_G","Survivor","Neutralize","Die Die Die","Dash+1","All Out Attack","Dagger Spray","Calculated Gamble","Footwork+1","Acrobatics","Acrobatics","Bouncing Flask+1","PiercingWail","Unload","Noxious Fumes+1","Escape Plan","Bouncing Flask","Underhanded Strike","Poisoned Stab","Ghostly","Ghostly","Ghostly","Ghostly","Ghostly","Backflip","Outmaneuver"],"relics":["Ring of the Snake","Centennial Puzzle","Letter Opener","Golden Idol","The Courier","Runic Pyramid","Pen Nib","Frozen Egg 2","FossilizedHelix"],"acts_visited":["Exordium","TheCity"],"potions_floor_usage":[6,13,16,21,24,24,24,30,33,33,33],"damage_taken":[{"damage":0,"enemies":"Cultist","floor":1,"turns":3},{"damage":0,"enemies":"2 Louse","floor":2,"turns":2},{"damage":0,"enemies":"Small Slimes","floor":3,"turns":2},{"damage":0,"enemies":"Blue Slaver","floor":4,"turns":4},{"damage":0,"enemies":"Exordium Wildlife","floor":5,"turns":3},{"damage":10,"enemies":"Gremlin Nob","floor":6,"turns":5},{"damage":10,"enemies":"3 Sentries","floor":10,"turns":4},{"damage":3,"enemies":"Lagavulin","floor":13,"turns":7},{"damage":2,"enemies":"Large Slime","floor":14,"turns":6},{"damage":13,"enemies":"Hexaghost","floor":16,"turns":11},{"damage":6,"enemies":"Spheric Guardian","floor":18,"turns":6},{"damage":0,"enemies":"3 Byrds","floor":21,"turns":5},{"damage":16,"enemies":"Cultist and Chosen","floor":22,"turns":6},{"damage":32,"enemies":"Book of Stabbing","floor":24,"turns":6},{"damage":2,"enemies":"Centurion and Healer","floor":27,"turns":7},{"damage":0,"enemies":"Snake Plant","floor":29,"turns":5},{"damage":0,"enemies":"Slavers","floor":30,"turns":5},{"damage":21,"enemies":"Collector","floor":33,"turns":7}],"seed_played":"-3674901166500183831","potions_obtained":[{"floor":2,"key":"Block Potion"},{"floor":3,"key":"SpeedPotion"},{"floor":5,"key":"GhostInAJar"},{"floor":6,"key":"DistilledChaos"},{"floor":16,"key":"Weak Potion"},{"floor":21,"key":"ColorlessPotion"},{"floor":29,"key":"BlessingOfTheForge"},{"floor":30,"key":"Poison Potion"}],"is_trial":false,"path_per_floor":["M","M","M","M","M","E","R","$","T","E","?","R","E","M","R","B",null,"M","$","?","M","M","R","E","?","T","M","$","M","E","?","R","B"],"character_chosen":"THE_SILENT","items_purchased":["Acrobatics","Escape Plan","Bouncing Flask","Fire Potion","PowerPotion","Energy Potion"],"campfire_rested":1,"item_purchase_floors":[8,19,19,19,28,28],"current_hp_per_floor":[63,63,63,63,63,53,53,53,53,43,43,43,40,38,38,25,58,52,52,52,52,36,36,4,4,4,2,2,2,2,2,10,0,0],"gold":83,"neow_bonus":"THREE_RARE_CARDS","is_daily":false,"chose_seed":false,"campfire_upgraded":4,"win_rate":0.0,"timestamp":1613734533,"path_taken":["M","M","?","M","M","E","R","$","T","E","?","R","E","M","R","BOSS","M","$","?","M","M","R","E","?","T","?","$","M","E","?","R","BOSS"],"items_purchased_type":["Card","Card","Card","Potion","Potion","Potion"],"build_version":"2020-12-22","purchased_purges":3,"victory":false,"max_hp_per_floor":[63,63,63,63,63,63,63,63,63,63,58,58,58,58,58,58,58,58,58,58,58,58,58,58,29,29,29,29,29,29,29,29,29,29],"relic_stats":{"Centennial Puzzle":[24],"counters":[18,94],"Golden Idol":72,"Pen Nib":[2],"Letter Opener":[95],"obtain_stats":[{"Centennial Puzzle":6,"Golden Idol":11,"The Courier":13,"Pen Nib":24,"Letter Opener":10,"Frozen Egg 2":26,"FossilizedHelix":30,"Ring of the Snake":0,"Runic Pyramid":17},{"Centennial Puzzle":6,"Golden Idol":7,"The Courier":8,"Pen Nib":14,"Letter Opener":7,"Frozen Egg 2":14,"FossilizedHelix":17,"Ring of the Snake":0,"Runic Pyramid":10},{"Centennial Puzzle":19,"Golden Idol":23,"The Courier":30,"Pen Nib":70,"Letter Opener":23,"Frozen Egg 2":70,"FossilizedHelix":87,"Ring of the Snake":0,"Runic Pyramid":47}],"Ring of the Snake":[36]},"card_choices":[{"not_picked":["Unload","Storm of Steel"],"picked":"Die Die Die","floor":0},{"not_picked":["Backflip","Dagger Throw"],"picked":"Dash","floor":1},{"not_picked":["Sucker Punch","Cloak And Dagger"],"picked":"All Out Attack","floor":2},{"not_picked":["Terror","Flying Knee"],"picked":"Dagger Spray","floor":3},{"not_picked":["Underhanded Strike","Reflex"],"picked":"Calculated Gamble","floor":4},{"not_picked":["Underhanded Strike","Bouncing Flask"],"picked":"Footwork","floor":5},{"not_picked":["Storm of Steel","Envenom"],"picked":"Prepared","floor":6},{"not_picked":["Riddle With Holes","A Thousand Cuts"],"picked":"Acrobatics","floor":10},{"not_picked":["Glass Knife","Reflex"],"picked":"Bouncing Flask","floor":13},{"not_picked":["Deflect","All Out Attack"],"picked":"PiercingWail","floor":14},{"not_picked":["Glass Knife","Bullet Time"],"picked":"Unload","floor":16},{"not_picked":["Predator+1","Dodge and Roll"],"picked":"Noxious Fumes","floor":18},{"not_picked":["Dagger Spray+1","Dodge and Roll"],"picked":"Underhanded Strike","floor":21},{"not_picked":["Outmaneuver","Flying Knee","Skewer"],"picked":"SKIP","floor":22},{"not_picked":["Endless Agony+1","Glass Knife"],"picked":"Poisoned Stab","floor":24},{"not_picked":["Masterful Stab+1","Dagger Spray+1"],"picked":"Backflip","floor":27},{"not_picked":["Well Laid Plans+1","Distraction"],"picked":"Outmaneuver","floor":29},{"not_picked":["Blade Dance","Endless Agony","Dodge and Roll"],"picked":"SKIP","floor":30}],"player_experience":39678,"relics_obtained":[{"floor":6,"key":"Centennial Puzzle"},{"floor":10,"key":"Letter Opener"},{"floor":13,"key":"The Courier"},{"floor":24,"key":"Pen Nib"},{"floor":26,"key":"Frozen Egg 2"},{"floor":30,"key":"FossilizedHelix"}],"event_choices":[{"damage_healed":0,"gold_gain":0,"player_choice":"Lose Max HP","damage_taken":0,"relics_obtained":["Golden Idol"],"max_hp_gain":0,"max_hp_loss":5,"event_name":"Golden Idol","floor":11,"gold_loss":0},{"cards_removed":["Prepared"],"damage_healed":0,"gold_gain":0,"player_choice":"Elegance","damage_taken":0,"max_hp_gain":0,"max_hp_loss":0,"event_name":"Back to Basics","floor":20,"gold_loss":0},{"damage_healed":0,"gold_gain":0,"player_choice":"Became a Ghost","damage_taken":0,"max_hp_gain":0,"max_hp_loss":29,"event_name":"Ghosts","floor":25,"gold_loss":0,"cards_obtained":["Ghostly","Ghostly","Ghostly","Ghostly","Ghostly"]},{"cards_removed":["Strike_G"],"damage_healed":0,"gold_gain":0,"player_choice":"Purged","damage_taken":0,"max_hp_gain":0,"max_hp_loss":0,"event_name":"Purifier","floor":31,"gold_loss":0}],"is_beta":false,"boss_relics":[{"not_picked":["Fusion Hammer","Runic Dome"],"picked":"Runic Pyramid"}],"items_purged_floors":[8,19,28],"is_endless":false,"potions_floor_spawned":[2,3,5,6,16,21,29,30],"killed_by":"Collector","ascension_level":3}}