{"host":"a5lz0e76zb3fcwkm","time":1613734954,"event":{"mods":["AchievementEnabler","BaseMod","Colored Map","Colored Powertips","Minty Spire (QoL Compilation)","StSLib","SuperFastMode"],"gold_per_floor":[109,34,34,48,48,48,48,90,117,147,178,212,263,290,302,402,414,449,461,492,513,525,537,588,619,666,433,433,433],"floor_reached":28,"language":"KOR","playtime":542,"items_purged":["Strike_B","Strike_B"],"score":546,"play_id":"402a90a9-8d4b-40d6-8cd4-ca0fed0dec1f","local_time":"20210219204234","is_ascension_mode":true,"campfire_choices":[{"data":"Dualcast","floor":6,"key":"SMITH"},{"data":"Static Discharge","floor":15,"key":"SMITH"},{"floor":23,"key":"REST"}],"circlet_count":0,"master_deck":["AscendersBane","Strike_B","Defend_B","Defend_B","Defend_B","Zap","Dualcast+1","Cold Snap","Cold Snap","Sunder","Static Discharge+1","Glacier","Ball Lightning","Electrodynamics","Self Repair","White Noise","Loop","Recycle","Chaos","Doubt","Creative AI","Turbo","Fission"],"relics":["Cracked Core","NeowsBlessing","White Beast Statue","CeramicFish","MawBank","Regal Pillow","Cursed Key","Question Card","Omamori","Orrery"],"acts_visited":["Exordium","TheCity"],"potions_floor_usage":[16,16,18,24,24,25],"damage_taken":[{"damage":0,"enemies":"Jaw Worm","floor":1,"turns":1},{"damage":0,"enemies":"Small Slimes","floor":4,"turns":1},{"damage":0,"enemies":"Lagavulin","floor":8,"turns":1},{"damage":0,"enemies":"2 Louse","floor":10,"turns":1},{"damage":17,"enemies":"Exordium Thugs","floor":11,"turns":4},{"damage":0,"enemies":"2 Fungi Beasts","floor":12,"turns":4},{"damage":28,"enemies":"Gremlin Nob","floor":13,"turns":4},{"damage":0,"enemies":"Gremlin Gang","floor":14,"turns":3},{"damage":13,"enemies":"Hexaghost","floor":16,"turns":8},{"damage":12,"enemies":"2 Thieves","floor":18,"turns":4},{"damage":33,"enemies":"Shell Parasite","floor":20,"turns":4},{"damage":23,"enemies":"Slavers","floor":24,"turns":3},{"damage":30,"enemies":"Shelled Parasite and Fungi","floor":25,"turns":5},{"damage":36,"enemies":"Centurion and Healer","floor":28,"turns":3}],"seed_played":"-1459037495312794120","potions_obtained":[{"floor":1,"key":"Swift Potion"},{"floor":8,"key":"Strength Potion"},{"floor":10,"key":"Weak Potion"},{"floor":12,"key":"FocusPotion"},{"floor":16,"key":"Regen Potion"},{"floor":18,"key":"Swift Potion"},{"floor":20,"key":"DuplicationPotion"},{"floor":24,"key":"Weak Potion"},{"floor":25,"key":"EssenceOfSteel"}],"is_trial":false,"path_per_floor":["M","$","?","M","?","R","T","E","T","M","M","M","E","M","R","B",null,"M","?","M","?","?","R","E","M","T","$","M"],"character_chosen":"DEFECT","items_purchased":["Orrery"],"campfire_rested":1,"item_purchase_floors":[27],"current_hp_per_floor":[64,64,57,57,62,62,62,62,62,62,45,45,17,17,17,4,58,58,58,32,32,32,69,46,23,23,23,0,0],"gold":433,"neow_bonus":"THREE_ENEMY_KILL","is_daily":false,"chose_seed":false,"campfire_upgraded":2,"win_rate":0.0,"timestamp":1613734954,"path_taken":["M","$","?","M","?","R","?","E","T","M","M","M","E","M","R","BOSS","M","?","M","?","?","R","E","M","T","$","M"],"items_purchased_type":["Relic"],"build_version":"2020-12-22","purchased_purges":2,"victory":false,"max_hp_per_floor":[71,71,71,71,76,76,76,76,76,76,76,76,76,76,76,76,76,76,76,76,76,76,76,76,76,76,76,76,76],"card_choices":[{"not_picked":["Sunder","Steam"],"picked":"Cold Snap","floor":1},{"not_picked":["Turbo","Rebound"],"picked":"Cold Snap","floor":4},{"not_picked":["Fission","Reinforced Body"],"picked":"Sunder","floor":8},{"not_picked":["Sweeping Beam","Turbo","Gash"],"picked":"SKIP","floor":10},{"not_picked":["Self Repair","Compile Driver"],"picked":"Static Discharge","floor":11},{"not_picked":["Redo","Force Field"],"picked":"Glacier","floor":12},{"not_picked":["BootSequence","Storm"],"picked":"Ball Lightning","floor":13},{"not_picked":["Force Field","Stack","Sweeping Beam"],"picked":"SKIP","floor":14},{"not_picked":["Reboot","Thunder Strike"],"picked":"Electrodynamics","floor":16},{"not_picked":["Fusion","Stack"],"picked":"Self Repair","floor":18},{"not_picked":["Leap","Ball Lightning"],"picked":"White Noise","floor":20},{"not_picked":["Steam Power","Chaos"],"picked":"Recycle","floor":24},{"not_picked":["Auto Shields","Steam","Ball Lightning"],"picked":"Chaos","floor":25},{"not_picked":["Redo","Darkness","Chill"],"picked":"Creative AI","floor":27},{"not_picked":["Barrage","Reinforced Body","Rebound+1"],"picked":"Turbo","floor":27},{"not_picked":["Rebound","Steam","Beam Cell"],"picked":"Fission","floor":27}],"player_experience":1906548,"relics_obtained":[{"floor":7,"key":"White Beast Statue"},{"floor":8,"key":"CeramicFish"},{"floor":9,"key":"MawBank"},{"floor":13,"key":"Regal Pillow"},{"floor":24,"key":"Question Card"},{"floor":26,"key":"Omamori"}],"event_choices":[{"cards_removed":["Defend_B"],"damage_healed":0,"gold_gain":0,"player_choice":"Card Removal","damage_taken":7,"max_hp_gain":0,"max_hp_loss":0,"event_name":"Golden Wing","floor":3,"gold_loss":0},{"damage_healed":0,"gold_gain":0,"player_choice":"Donut","damage_taken":0,"max_hp_gain":5,"max_hp_loss":0,"event_name":"Big Fish","floor":5,"gold_loss":0},{"damage_healed":0,"gold_gain":0,"player_choice":"Ignored","damage_taken":0,"max_hp_gain":0,"max_hp_loss":0,"event_name":"Vampires","floor":19,"gold_loss":0},{"damage_healed":0,"gold_gain":0,"player_choice":"Read","damage_taken":0,"max_hp_gain":0,"max_hp_loss":0,"event_name":"The Library","floor":21,"gold_loss":0,"cards_obtained":["Loop"]},{"cards_removed":["Strike_B"],"damage_healed":0,"gold_gain":0,"player_choice":"Elegance","damage_taken":0,"max_hp_gain":0,"max_hp_loss":0,"event_name":"Back to Basics","floor":22,"gold_loss":0}],"is_beta":false,"boss_relics":[{"not_picked":["Fusion Hammer","Nuclear Battery"],"picked":"Cursed Key"}],"items_purged_floors":[2,27],"is_endless":false,"potions_floor_spawned":[1,8,10,11,12,13,14,16,18,20,24,25],"killed_by":"Centurion and Healer","ascension_level":20}}