{"host":"cjhtzh7tp54jdfyv","time":1613725176,"event":{"mods":["AchievementEnabler","BaseMod","Colored Map","Colored Powertips","Curses Come First","DeckTracker","Filter the Spire","Minty Spire (QoL Compilation)","RNG Fix","Relic Sorter","Relic Stats","StSLib","UnlockEverythingMod","ojb\u0027s Better Paths Mod","ojb\u0027s Info Mod"],"gold_per_floor":[117,127,147,164,33,62,62,62,62,95,95,170,95,122,122,197,197,211,211,224,239,164,164,164],"floor_reached":23,"language":"ENG","playtime":1216,"items_purged":["Defend_P"],"score":568,"play_id":"ac31a9a2-2472-4cc4-b240-a972f7aa75d9","local_time":"20210219035936","is_ascension_mode":true,"campfire_choices":[{"data":"Eruption","floor":7,"key":"SMITH"},{"data":"FlurryOfBlows","floor":15,"key":"SMITH"}],"circlet_count":0,"master_deck":["AscendersBane","Strike_P","Strike_P","Strike_P","Strike_P","Eruption+1","Vigilance","Consecrate","BowlingBash","FollowUp","FlurryOfBlows+1","EmptyFist","CutThroughFate","FlurryOfBlows","DeusExMachina","CrushJoints"],"relics":["Runic Dome","Torii","Regal Pillow","Centennial Puzzle","Coffee Dripper"],"acts_visited":["Exordium","TheCity"],"potions_floor_usage":[4,10,14],"damage_taken":[{"damage":1,"enemies":"Cultist","floor":1,"turns":3},{"damage":0,"enemies":"Small Slimes","floor":2,"turns":2},{"damage":2,"enemies":"Jaw Worm","floor":3,"turns":3},{"damage":0,"enemies":"2 Fungi Beasts","floor":4,"turns":2},{"damage":16,"enemies":"Gremlin Nob","floor":6,"turns":3},{"damage":0,"enemies":"Lagavulin","floor":10,"turns":3},{"damage":22,"enemies":"3 Sentries","floor":14,"turns":5},{"damage":0,"enemies":"Slime Boss","floor":16,"turns":4},{"damage":21,"enemies":"Shell Parasite","floor":18,"turns":2},{"damage":24,"enemies":"Chosen","floor":20,"turns":4},{"damage":0,"enemies":"Sentry and Sphere","floor":21,"turns":2},{"damage":13,"enemies":"Gremlin Leader","floor":23,"turns":1}],"seed_played":"-6519025405330681118","potions_obtained":[{"floor":2,"key":"ColorlessPotion"},{"floor":3,"key":"DistilledChaos"},{"floor":6,"key":"Strength Potion"},{"floor":21,"key":"Energy Potion"}],"is_trial":false,"path_per_floor":["M","M","M","M","$","E","R","?","T","E","?","?","?","E","R","B",null,"M","?","M","M","?","E"],"character_chosen":"WATCHER","items_purchased":["FlurryOfBlows"],"campfire_rested":0,"item_purchase_floors":[5],"current_hp_per_floor":[60,60,58,58,58,42,42,35,35,35,57,46,46,24,24,24,57,36,36,12,12,12,0,0],"gold":164,"neow_bonus":"BOSS_RELIC","is_daily":false,"chose_seed":false,"campfire_upgraded":2,"win_rate":0.0,"timestamp":1613725176,"path_taken":["M","M","M","?","$","E","R","?","T","E","?","?","?","E","R","BOSS","M","?","M","?","?","E"],"items_purchased_type":["Card"],"build_version":"2020-12-22","purchased_purges":1,"victory":false,"max_hp_per_floor":[68,68,68,68,68,68,68,68,68,68,68,68,68,68,68,68,68,68,68,68,68,68,68,68],"relic_stats":{"Regal Pillow":0,"Centennial Puzzle":[9],"Torii":9,"counters":[12,34],"obtain_stats":[{"Runic Dome":0,"Regal Pillow":10,"Centennial Puzzle":14,"Torii":6,"Coffee Dripper":17,"PureWater":0},{"Runic Dome":0,"Regal Pillow":6,"Centennial Puzzle":7,"Torii":5,"Coffee Dripper":8,"PureWater":0},{"Runic Dome":0,"Regal Pillow":16,"Centennial Puzzle":21,"Torii":13,"Coffee Dripper":25,"PureWater":0}]},"card_choices":[{"not_picked":["Protect","JustLucky"],"picked":"Consecrate","floor":1},{"not_picked":["Brilliance","Crescendo"],"picked":"BowlingBash","floor":2},{"not_picked":["Prostrate","BowlingBash","Crescendo"],"picked":"SKIP","floor":3},{"not_picked":["FollowUp","Protect","Nirvana"],"picked":"SKIP","floor":4},{"not_picked":["Protect","Nirvana"],"picked":"FollowUp","floor":4},{"not_picked":["Establishment","BowlingBash","EmptyFist"],"picked":"SKIP","floor":6},{"not_picked":["Establishment","BowlingBash"],"picked":"EmptyFist","floor":6},{"not_picked":["SashWhip","Evaluate"],"picked":"CutThroughFate","floor":10},{"not_picked":["ThirdEye","MentalFortress"],"picked":"FlurryOfBlows","floor":14},{"not_picked":["Judgement","Brilliance"],"picked":"DeusExMachina","floor":16},{"not_picked":["EmptyFist","Wireheading"],"picked":"CrushJoints","floor":18},{"not_picked":["Conclude","EmptyBody+1","FlurryOfBlows"],"picked":"SKIP","floor":20},{"not_picked":["JustLucky","EmptyFist","Halt"],"picked":"SKIP","floor":21}],"player_experience":5044904,"relics_obtained":[{"floor":6,"key":"Torii"},{"floor":10,"key":"Regal Pillow"},{"floor":14,"key":"Centennial Puzzle"}],"event_choices":[{"cards_removed":["Defend_P"],"damage_healed":0,"gold_gain":0,"player_choice":"Card Removal","damage_taken":7,"max_hp_gain":0,"max_hp_loss":0,"event_name":"Golden Wing","floor":8,"gold_loss":0},{"damage_healed":22,"gold_gain":0,"player_choice":"Banana","damage_taken":0,"max_hp_gain":0,"max_hp_loss":0,"event_name":"Big Fish","floor":11,"gold_loss":0},{"damage_healed":0,"gold_gain":75,"player_choice":"Gather Gold","damage_taken":11,"max_hp_gain":0,"max_hp_loss":0,"event_name":"World of Goop","floor":12,"gold_loss":0},{"cards_removed":["Defend_P"],"damage_healed":0,"gold_gain":0,"player_choice":"Card Removal","damage_taken":0,"max_hp_gain":0,"max_hp_loss":0,"event_name":"The Cleric","floor":13,"gold_loss":75},{"damage_healed":0,"gold_gain":0,"player_choice":"Ignored","damage_taken":0,"max_hp_gain":0,"max_hp_loss":0,"event_name":"Cursed Tome","floor":19,"gold_loss":0},{"cards_removed":["Defend_P"],"damage_healed":0,"gold_gain":0,"player_choice":"Gave Gold","damage_taken":0,"max_hp_gain":0,"max_hp_loss":0,"event_name":"Beggar","floor":22,"gold_loss":75}],"is_beta":false,"boss_relics":[{"not_picked":["Pandora\u0027s Box","Fusion Hammer"],"picked":"Coffee Dripper"}],"items_purged_floors":[5],"is_endless":false,"potions_floor_spawned":[2,3,6,21],"killed_by":"Gremlin Leader","ascension_level":20}}