{"host":"uceopoba4zvqsgiy","time":1613744271,"event":{"mods":["2.2 Compatiblity","Act Like it!","BaseMod","Better Skull","Better Third Choice","Elementarium","Evolution","GifTheSpireLib","Hermit","Humility","Infinite Spire","Jorbs\u0027s Wanderer Trilogy","Marked Mod","Minty Spire (QoL Compilation)","Potionbrewer","Reliquary","Replay The Spire","Robot Space Explorer","Shade Mod","Spicy Shops","StS++","StSLib","Stuff the Spire","The Blue Laboratory","The Caster","The Cursed","The Dragon Tamer","The Dragonkin","The Hierophant","The Judge","The Jungle","TheSurvivalist","Wandering Minibosses"],"gold_per_floor":[118,136,136,136,136,176,194,194,266,266,266,266],"floor_reached":11,"language":"ENG","playtime":255,"items_purged":[],"score":189,"play_id":"01666603-aeab-452a-a700-087512385d98","local_time":"20210220004751","is_ascension_mode":true,"campfire_choices":[{"floor":8,"key":"REST"}],"circlet_count":0,"master_deck":["Rebound","Rebound","Rebound","Rebound","Conserve Battery","Conserve Battery","Conserve Battery","Conserve Battery","Zap","Dualcast","Gash","Regret","Core Surge"],"relics":["Cracked Core","EVO:Axolotl","NeowsBlessing","Golden Idol","Gremlin Horn","Question Card","Peace Pipe","reliquary:Sideboard"],"acts_visited":["Exordium"],"potions_floor_usage":[],"damage_taken":[{"damage":0,"enemies":"infinitespire:Voidling","floor":1,"turns":1},{"damage":0,"enemies":"Small Slimes","floor":2,"turns":1},{"damage":0,"enemies":"Gremlin Nob","floor":6,"turns":1},{"damage":9,"enemies":"Jaw Worm","floor":7,"turns":3},{"damage":66,"enemies":"3 Sentries","floor":11,"turns":5}],"seed_played":"-6317375698047518532","potions_obtained":[{"floor":6,"key":"Languid Potion"}],"is_trial":false,"path_per_floor":["M","M","?","?","T","E","M","R","T","?","E"],"character_chosen":"DEFECT","items_purchased":[],"campfire_rested":1,"item_purchase_floors":[],"current_hp_per_floor":[68,68,50,50,50,50,41,63,63,63,0,0],"gold":266,"neow_bonus":"THREE_ENEMY_KILL","is_daily":false,"chose_seed":false,"campfire_upgraded":0,"win_rate":0.0,"timestamp":1613744271,"path_taken":["M","?","?","?","?","E","M","R","T","?","E"],"items_purchased_type":[],"build_version":"2020-12-22","purchased_purges":0,"victory":false,"max_hp_per_floor":[75,75,75,75,75,75,75,75,75,75,75,75],"card_choices":[{"not_picked":["StuffTheSpire:Plugnplay","Streamline","Beam Cell"],"picked":"SKIP","floor":1},{"not_picked":["StuffTheSpire:GlassShard","Steam"],"picked":"Gash","floor":2},{"not_picked":["Barrage","Coolheaded","Auto Shields","Conserve Battery"],"picked":"SKIP","floor":6},{"not_picked":["ReplaySolidLightProjector","Reinforced Body","ReplayGash"],"picked":"Core Surge","floor":7}],"player_experience":1846103,"relics_obtained":[{"floor":5,"key":"Question Card"},{"floor":6,"key":"Peace Pipe"},{"floor":9,"key":"reliquary:Sideboard"}],"event_choices":[{"damage_healed":0,"gold_gain":0,"player_choice":"Take Damage","damage_taken":18,"relics_obtained":["Golden Idol"],"max_hp_gain":0,"max_hp_loss":0,"event_name":"Golden Idol","floor":3,"gold_loss":0},{"damage_healed":0,"gold_gain":0,"player_choice":"Box","damage_taken":0,"relics_obtained":["Gremlin Horn"],"max_hp_gain":0,"max_hp_loss":0,"event_name":"Big Fish","floor":4,"gold_loss":0,"cards_obtained":["Regret"]},{"damage_healed":0,"gold_gain":0,"player_choice":"Bought 0 Potions","damage_taken":0,"max_hp_gain":0,"max_hp_loss":0,"event_name":"The Woman in Blue","floor":10,"gold_loss":0}],"is_beta":false,"boss_relics":[],"items_purged_floors":[],"is_endless":false,"potions_floor_spawned":[6],"killed_by":"3 Sentries","ascension_level":9,"is_humility":true}}