{"host":"b6kqr6ulwax9qd8q","time":1613706115,"event":{"mods":["BaseMod","Minty Spire (QoL Compilation)"],"gold_per_floor":[116,127,127,145,145,176,176,201,251,271,271,301,11,36,36,136,136,150,350,362,106,119,152,152,187,265,190,201,232,244,343,343,343,343],"floor_reached":33,"language":"ENG","playtime":1875,"items_purged":["Regret"],"score":436,"play_id":"22efa22a-6ae3-473e-8eeb-34369a86c134","local_time":"20210218224155","is_ascension_mode":true,"campfire_choices":[{"floor":7,"key":"REST"},{"floor":11,"key":"REST"},{"floor":15,"key":"REST"},{"data":"Immolate","floor":24,"key":"SMITH"},{"floor":32,"key":"REST"}],"circlet_count":0,"master_deck":["Strike_R","Strike_R","Strike_R","Strike_R","Defend_R","Defend_R+1","Defend_R","Defend_R","Bash","Shrug It Off","Burning Pact+1","Spot Weakness","True Grit","Dark Embrace","Carnage","Clash","Double Tap","Flex","Headbutt","Inflame","Flame Barrier","Immolate+1","Rampage","Hemokinesis","Cleave","Headbutt+1","Flame Barrier+1","Dark Embrace","Rampage+1"],"relics":["Busted Crown","Pantograph","Juzu Bracelet","Eternal Feather","Bronze Scales","Vajra","Membership Card","War Paint","Strawberry","SlaversCollar","PreservedInsect","HornCleat","Art of War","Molten Egg 2","Lantern"],"acts_visited":["Exordium","TheCity"],"potions_floor_usage":[8,10,12,22,22,22,29,33],"damage_taken":[{"damage":0,"enemies":"Cultist","floor":1,"turns":3},{"damage":4,"enemies":"Small Slimes","floor":2,"turns":3},{"damage":12,"enemies":"Jaw Worm","floor":4,"turns":3},{"damage":36,"enemies":"Gremlin Nob","floor":6,"turns":5},{"damage":35,"enemies":"3 Sentries","floor":8,"turns":8},{"damage":3,"enemies":"Blue Slaver","floor":10,"turns":3},{"damage":37,"enemies":"Gremlin Nob","floor":12,"turns":5},{"damage":22,"enemies":"The Guardian","floor":16,"turns":10},{"damage":7,"enemies":"3 Byrds","floor":18,"turns":4},{"damage":11,"enemies":"Chosen","floor":20,"turns":5},{"damage":0,"enemies":"3 Cultists","floor":22,"turns":3},{"damage":18,"enemies":"Gremlin Leader","floor":23,"turns":3},{"damage":28,"enemies":"Slavers","floor":25,"turns":3},{"damage":13,"enemies":"Chosen and Byrds","floor":28,"turns":2},{"damage":8,"enemies":"Book of Stabbing","floor":29,"turns":4},{"damage":4,"enemies":"Snecko","floor":30,"turns":3},{"damage":86,"enemies":"Collector","floor":33,"turns":5}],"seed_played":"-3143844853474638028","potions_obtained":[{"floor":4,"key":"FearPotion"},{"floor":8,"key":"DuplicationPotion"},{"floor":10,"key":"ColorlessPotion"},{"floor":18,"key":"DistilledChaos"},{"floor":20,"key":"Energy Potion"},{"floor":22,"key":"EssenceOfSteel"},{"floor":25,"key":"BlessingOfTheForge"}],"is_trial":false,"path_per_floor":["M","M","?","M","?","E","R","E","T","M","R","E","$","T","R","B",null,"M","?","M","$","M","E","R","E","T","?","M","E","M","?","R","B"],"character_chosen":"IRONCLAD","items_purchased":["Membership Card","War Paint","AttackPotion","Inflame","Flame Barrier","PreservedInsect","Immolate","Rampage"],"campfire_rested":4,"item_purchase_floors":[13,13,13,21,21,21,21,21],"current_hp_per_floor":[72,68,68,56,56,20,44,9,9,6,39,2,2,9,44,47,77,70,70,59,59,59,41,56,28,28,28,15,7,3,3,44,0,0],"gold":343,"neow_bonus":"BOSS_RELIC","is_daily":false,"chose_seed":false,"campfire_upgraded":1,"win_rate":0.0,"timestamp":1613706115,"path_taken":["M","?","?","M","?","E","R","E","T","M","R","E","$","?","R","BOSS","M","?","M","$","M","E","R","E","T","?","M","E","M","?","R","BOSS"],"items_purchased_type":["Relic","Relic","Potion","Card","Card","Relic","Card","Card"],"build_version":"2020-12-22","purchased_purges":1,"victory":false,"max_hp_per_floor":[80,80,80,80,80,80,80,80,80,80,80,80,80,87,87,87,87,87,87,87,87,87,87,87,87,87,87,87,87,87,87,87,87,87],"card_choices":[{"not_picked":[],"picked":"Shrug It Off","floor":1},{"not_picked":[],"picked":"Burning Pact","floor":2},{"not_picked":[],"picked":"Spot Weakness","floor":4},{"not_picked":[],"picked":"True Grit","floor":6},{"not_picked":[],"picked":"Dark Embrace","floor":8},{"not_picked":[],"picked":"Carnage","floor":10},{"not_picked":[],"picked":"Clash","floor":12},{"not_picked":[],"picked":"Double Tap","floor":16},{"not_picked":[],"picked":"Flex","floor":18},{"not_picked":[],"picked":"Headbutt","floor":20},{"not_picked":[],"picked":"Hemokinesis","floor":22},{"not_picked":[],"picked":"Cleave","floor":23},{"not_picked":[],"picked":"Headbutt+1","floor":25},{"not_picked":[],"picked":"Flame Barrier+1","floor":28},{"not_picked":[],"picked":"Dark Embrace","floor":29},{"not_picked":[],"picked":"Rampage+1","floor":30}],"player_experience":612269,"relics_obtained":[{"floor":6,"key":"Juzu Bracelet"},{"floor":8,"key":"Eternal Feather"},{"floor":9,"key":"Bronze Scales"},{"floor":12,"key":"Vajra"},{"floor":14,"key":"Strawberry"},{"floor":23,"key":"HornCleat"},{"floor":25,"key":"Art of War"},{"floor":26,"key":"Molten Egg 2"},{"floor":29,"key":"Lantern"}],"event_choices":[{"damage_healed":0,"gold_gain":0,"player_choice":"Box","damage_taken":0,"relics_obtained":["Pantograph"],"max_hp_gain":0,"max_hp_loss":0,"event_name":"Big Fish","floor":3,"gold_loss":0,"cards_obtained":["Regret"]},{"damage_healed":0,"gold_gain":0,"player_choice":"Ignored","damage_taken":0,"max_hp_gain":0,"max_hp_loss":0,"event_name":"Shining Light","floor":5,"gold_loss":0},{"damage_healed":0,"gold_gain":250,"player_choice":"Bet on Owner","damage_taken":0,"max_hp_gain":0,"max_hp_loss":0,"event_name":"The Joust","floor":19,"gold_loss":50},{"cards_removed":["Strike_R"],"damage_healed":0,"gold_gain":0,"player_choice":"Gave Gold","damage_taken":0,"max_hp_gain":0,"max_hp_loss":0,"event_name":"Beggar","floor":27,"gold_loss":75},{"damage_healed":0,"gold_gain":99,"player_choice":"Stole From Cult","damage_taken":0,"max_hp_gain":0,"max_hp_loss":0,"event_name":"Nest","floor":31,"gold_loss":0}],"is_beta":false,"boss_relics":[{"not_picked":["Sozu","Runic Cube"],"picked":"SlaversCollar"}],"items_purged_floors":[13],"is_endless":false,"potions_floor_spawned":[4,8,10,18,20,22,25],"killed_by":"Collector","ascension_level":7}}