{"host":"7qjyzxi5zjrbio0h","time":1613730199,"event":{"mods":["AchievementEnabler","BaseMod","Colored Powertips","Downfall","Hermit","Minty Spire (QoL Compilation)","StSLib","The Necromancer"],"gold_per_floor":[117,132,82,82,96,96,122,134,134,145,145,145,173,202,202,301,301,313,313,332,332,345,345,345,345,345,376,56,56,56,70,70,169,169,183,203,255,255,305,305,333,333,333,333,333,333,0,18,18,18,18],"floor_reached":50,"language":"ENG","playtime":3216,"items_purged":[],"score":521,"play_id":"2c8890e8-2702-49b7-bebd-0ded16512125","local_time":"20210219022319","is_ascension_mode":false,"campfire_choices":[{"data":"Summon_Lich","floor":6,"key":"SMITH"},{"data":"Summon_Vampire_Lady","floor":11,"key":"SMITH"},{"data":"Summon_Undead_Army","floor":15,"key":"SMITH"},{"data":"Summon_Death_Knight","floor":23,"key":"SMITH"},{"data":"Bone_Prison","floor":25,"key":"SMITH"},{"data":"Summon_Undead_Army","floor":32,"key":"SMITH"},{"data":"Enlightenment","floor":40,"key":"SMITH"},{"data":"Stop_Heart","floor":46,"key":"SMITH"},{"data":"Spectral_Armor","floor":49,"key":"SMITH"}],"circlet_count":0,"master_deck":["Strike_W","Strike_W","Strike_W","Defend_W","Defend_W+1","Defend_W","Defend_W","Negative_Energy_Arrows","Bone_Wall+1","Bone_Prison+1","Summon_Lich+1","Summon_Undead_Army+1","Summon_Vampire_Lady+1","Stop_Heart+1","Summon_Death_Knight+1","CurseOfTheBell","Summon_Undead_Army+1","Enlightenment+1","Detonate_Bones","Spectral_Armor+1","Summon_Undead_Army+1"],"relics":["Vampire_Amulet","White Beast Statue","InkBottle","Question Card","Dream Catcher","Odd Mushroom","Calling Bell","Oddly Smooth Stone","Mercury Hourglass","StoneCalendar","Bronze Scales","Pen Nib","Boot","Kunai","Coffee Dripper","Calipers","Gambling Chip","Happy Flower","Letter Opener","Red Mask"],"acts_visited":["Exordium","TheCity","TheBeyond"],"potions_floor_usage":[8,13,16,27,31,33,37,39,41,41,45,50],"damage_taken":[{"damage":2,"enemies":"Small Slimes","floor":1,"turns":4},{"damage":0,"enemies":"2 Louse","floor":2,"turns":3},{"damage":0,"enemies":"Cultist","floor":5,"turns":5},{"damage":6,"enemies":"Lagavulin","floor":7,"turns":10},{"damage":4,"enemies":"Gremlin Gang","floor":8,"turns":2},{"damage":5,"enemies":"Blue Slaver","floor":10,"turns":4},{"damage":10,"enemies":"Gremlin Nob","floor":13,"turns":5},{"damage":19,"enemies":"The Mushroom Lair","floor":14,"turns":3},{"damage":15,"enemies":"Slime Boss","floor":16,"turns":7},{"damage":0,"enemies":"Chosen","floor":18,"turns":4},{"damage":32,"enemies":"3 Byrds","floor":20,"turns":5},{"damage":20,"enemies":"Shelled Parasite and Fungi","floor":22,"turns":5},{"damage":22,"enemies":"Gremlin Leader","floor":27,"turns":5},{"damage":8,"enemies":"Centurion and Healer","floor":31,"turns":6},{"damage":11,"enemies":"Collector","floor":33,"turns":6},{"damage":15,"enemies":"3 Darklings","floor":35,"turns":4},{"damage":14,"enemies":"3 Shapes","floor":36,"turns":4},{"damage":53,"enemies":"2 Orb Walkers","floor":37,"turns":5},{"damage":18,"enemies":"Mind Bloom Boss Battle","floor":39,"turns":5},{"damage":37,"enemies":"Nemesis","floor":41,"turns":5},{"damage":0,"enemies":"Jaw Worm Horde","floor":45,"turns":2},{"damage":7,"enemies":"Writhing Mass","floor":48,"turns":5},{"damage":102,"enemies":"Awakened One","floor":50,"turns":8}],"seed_played":"4412670293797069542","potions_obtained":[{"floor":2,"key":"SteroidPotion"},{"floor":5,"key":"Explosive Potion"},{"floor":7,"key":"Strength Potion"},{"floor":8,"key":"PowerPotion"},{"floor":10,"key":"Fruit Juice"},{"floor":13,"key":"LiquidMemories"},{"floor":14,"key":"Block Potion"},{"floor":16,"key":"Swift Potion"},{"floor":18,"key":"ColorlessPotion"},{"floor":20,"key":"Energy Potion"},{"floor":27,"key":"Block Potion"},{"floor":31,"key":"AttackPotion"},{"floor":33,"key":"SteroidPotion"},{"floor":36,"key":"Guardian:BlockOnCardUsePotion"},{"floor":37,"key":"SkillPotion"},{"floor":39,"key":"champ:CounterPotion"},{"floor":41,"key":"SmokeBomb"},{"floor":48,"key":"Fruit Juice"}],"is_trial":false,"path_per_floor":["M","M","?","?","M","R","E","M","T","M","R","?","E","?","R","B",null,"M","?","M","?","M","R","?","R","T","E","$","T","$","M","R","B",null,"M","M","?","$","?","R","E","?","T","?","M","R","?","M","R","B"],"character_chosen":"NECROMANCER","items_purchased":["Boot","Summon_Undead_Army","Enlightenment"],"campfire_rested":0,"item_purchase_floors":[28,28,28],"current_hp_per_floor":[82,82,82,82,82,82,78,80,80,77,77,61,67,57,57,60,87,87,87,70,97,90,90,90,90,90,81,81,81,81,83,83,90,97,90,94,48,48,47,47,21,21,21,80,80,80,80,78,78,0,0],"gold":18,"neow_bonus":"TEN_PERCENT_HP_BONUS","is_daily":false,"chose_seed":false,"campfire_upgraded":9,"win_rate":0.0,"timestamp":1613730199,"path_taken":["M","M","?","?","M","R","E","?","T","?","R","?","E","?","R","BOSS","M","?","M","?","?","R","?","R","T","E","$","?","$","M","R","BOSS","M","M","?","$","?","R","E","?","T","?","M","R","?","M","R","BOSS"],"items_purchased_type":["Relic","Card","Card"],"build_version":"2020-12-22","purchased_purges":0,"victory":false,"max_hp_per_floor":[82,82,82,82,82,82,82,82,82,82,82,82,87,87,87,87,87,87,87,87,97,97,97,97,97,97,97,97,97,97,97,97,97,97,97,97,97,97,97,97,97,92,92,80,80,80,80,80,80,85,85],"card_choices":[{"not_picked":["Death_Coil","Toxic_Smoke_Screen","Scare"],"picked":"SKIP","floor":1},{"not_picked":["Negative_Energy_Mist","Consume_Illness"],"picked":"Bone_Prison","floor":2},{"not_picked":["Negative_Energy_Javelin","Finger_Of_Death"],"picked":"Summon_Lich","floor":5},{"not_picked":["Pandemic","Bone_Armor"],"picked":"Finger_Of_Death","floor":7},{"not_picked":["Bones_to_Steel","Negative_Energy_Sphere"],"picked":"Summon_Undead_Army","floor":8},{"not_picked":["Blood_Curse","Siphon_Strength","Bone_Spikes"],"picked":"Summon_Vampire_Lady","floor":10},{"not_picked":["Shade_Step","Blood_Curse","Negative_Energy_Mist","Vampiric_Strike"],"picked":"SKIP","floor":13},{"not_picked":["Toxic_Smoke_Screen","Acid_Javelin","Negative_Energy_Shield"],"picked":"Stop_Heart","floor":14},{"not_picked":["Reap_The_Weak","Negative_Energy_Bomb","Hellfire"],"picked":"Summon_Death_Knight","floor":16},{"not_picked":["Death_Coil","Toxic_Smoke_Screen","Negative_Energy_Shield+1","Summon_Vampire_Lady"],"picked":"SKIP","floor":18},{"not_picked":["Death_Coil","Toxic_Smoke_Screen","Negative_Energy_Shield+1"],"picked":"Summon_Vampire_Lady","floor":18},{"not_picked":["Vampiric_Strike","Death_March_Dance","Bone_Bullets+1","Negative_Energy_Shield"],"picked":"SKIP","floor":20},{"not_picked":["Bones_to_Steel","Shackles_Of_Pain+1","Bone_Prison","Negative_Energy_Burst"],"picked":"SKIP","floor":22},{"not_picked":["Negative_Energy_Mist","Uncharnel","Whirlwind_of_Bones+1","Death_March_Dance+1"],"picked":"SKIP","floor":27},{"not_picked":["Bone_Armor","Deaths_Shadow","Death_Coil+1","Bone_Bullets"],"picked":"SKIP","floor":31},{"not_picked":["Requiem","Blood_Wake","Grasp_Heart"],"picked":"Detonate_Bones","floor":33},{"not_picked":["Negative_Energy_Javelin+1","Plague_Bolt","Vampiric_Strike","Life_Drain"],"picked":"SKIP","floor":35},{"not_picked":["Life_Tap","Uncharnel+1","Whirlwind_of_Bones","Negative_Energy_Javelin"],"picked":"SKIP","floor":36},{"not_picked":["Pandemic","Death_March_Dance","Bones_to_Steel"],"picked":"Spectral_Armor","floor":37},{"not_picked":["Blood_Curse","Shackles_Of_Pain","Life_Drain"],"picked":"Summon_Undead_Army+1","floor":41},{"not_picked":["Corrupt+1","Blood_Curse","Negative_Energy_Sphere","Finger_Of_Death"],"picked":"SKIP","floor":48}],"player_experience":14644,"relics_obtained":[{"floor":7,"key":"InkBottle"},{"floor":9,"key":"Question Card"},{"floor":13,"key":"Dream Catcher"},{"floor":14,"key":"Odd Mushroom"},{"floor":17,"key":"Oddly Smooth Stone"},{"floor":17,"key":"Mercury Hourglass"},{"floor":17,"key":"StoneCalendar"},{"floor":26,"key":"Bronze Scales"},{"floor":27,"key":"Pen Nib"},{"floor":29,"key":"Kunai"},{"floor":37,"key":"Calipers"},{"floor":39,"key":"Gambling Chip"},{"floor":41,"key":"Happy Flower"},{"floor":43,"key":"Letter Opener"}],"event_choices":[{"cards_removed":["Strike_W"],"damage_healed":0,"gold_gain":0,"player_choice":"Card Removal","damage_taken":0,"max_hp_gain":0,"max_hp_loss":0,"event_name":"The Cleric","floor":3,"gold_loss":50},{"damage_healed":0,"gold_gain":0,"player_choice":"Gave Potion","damage_taken":0,"relics_obtained":["White Beast Statue"],"max_hp_gain":0,"max_hp_loss":0,"event_name":"WeMeetAgain","floor":4,"gold_loss":0},{"damage_healed":0,"gold_gain":0,"player_choice":"Entered Light","damage_taken":16,"max_hp_gain":0,"max_hp_loss":0,"event_name":"Shining Light","floor":12,"gold_loss":0,"cards_upgraded":["Bone_Wall","Defend_W"]},{"damage_healed":0,"gold_gain":0,"player_choice":"Fought Mushrooms","damage_taken":0,"max_hp_gain":0,"max_hp_loss":0,"event_name":"Mushrooms","floor":14,"gold_loss":0},{"cards_removed":["Summon_Vampire_Lady"],"damage_healed":17,"gold_gain":0,"player_choice":"Offered Rare","damage_taken":0,"max_hp_gain":10,"max_hp_loss":0,"event_name":"Bonfire Elementals","floor":21,"gold_loss":0},{"cards_removed":["Finger_Of_Death"],"damage_healed":0,"gold_gain":0,"player_choice":"Elegance","damage_taken":0,"max_hp_gain":0,"max_hp_loss":0,"event_name":"Back to Basics","floor":24,"gold_loss":0},{"damage_healed":0,"gold_gain":0,"player_choice":"Fight","damage_taken":0,"max_hp_gain":0,"max_hp_loss":0,"event_name":"Mysterious Sphere","floor":37,"gold_loss":0},{"damage_healed":0,"gold_gain":0,"player_choice":"Fight","damage_taken":0,"max_hp_gain":0,"max_hp_loss":0,"event_name":"MindBloom","floor":39,"gold_loss":0},{"damage_healed":0,"gold_gain":0,"player_choice":"Max HP","damage_taken":0,"max_hp_gain":0,"max_hp_loss":5,"event_name":"Winding Halls","floor":42,"gold_loss":0},{"damage_healed":80,"gold_gain":0,"player_choice":"Heal","damage_taken":0,"max_hp_gain":0,"max_hp_loss":12,"event_name":"The Moai Head","floor":44,"gold_loss":0},{"damage_healed":0,"gold_gain":0,"player_choice":"Paid","damage_taken":0,"relics_obtained":["Red Mask"],"max_hp_gain":0,"max_hp_loss":0,"event_name":"Tomb of Lord Red Mask","floor":47,"gold_loss":333}],"is_beta":false,"boss_relics":[{"not_picked":["Fusion Hammer","SlaversCollar"],"picked":"Calling Bell"},{"not_picked":["Runic Pyramid","Philosopher\u0027s Stone"],"picked":"Coffee Dripper"}],"items_purged_floors":[],"is_endless":false,"potions_floor_spawned":[2,5,7,8,10,13,14,16,18,20,22,27,31,33,35,36,37,39,41,45,48],"killed_by":"Awakened One","ascension_level":0}}