{"host":"8a72fthmlk1o8pdb","time":1613779004,"event":{"mods":["AchievementEnabler","Aspiration","Astrologer","Bard","BaseMod","Beaked The Cultist","Better Altar","Better Match","Better Note","Better Sensory Stone","Better Skull","Better Third Choice","ChefMod","Colored Map","Colored Powertips","Dark Map","Downfall","Friendly Minions","GifTheSpireLib","Googly Eyes","Gremlin Mod","Hermit","Hubris","JesterMod","Jorbs\u0027s Wanderer Trilogy","Marisa????????","Melee Mod","Minty Spire (QoL Compilation)","Monster B Gone","Permanent Neow","Pikachu Mod","Random Character Button","Rare Cards Sparkle","Relic Filter Mod","Relic Stats","Reliquary","Robot Space Explorer","Shade Mod","Shop Mod","Smile Girya","Somnambulant","Spire Arcade","Spire Birthday Party","StSLib","The Animator","The Blue Laboratory","The Construct","The Cursed","The Disciple","The Edgeheg","The Hayseed","The Hierophant","The Juggle","The Jungle","The Marked","The Mystic","The Necromancer","The Poker Player","The Problem Sleuth","The Runesmith","The Showman","TheBandit","TheFirefly","TheVacant","everything is the same but u backflip on backflip","thorton"],"gold_per_floor":[109,125,141,141,66,66,84,127,173,213,233,248,248,264,264,394,394,408,421,13,38,38,57,88,88,88,62,62,62,85,106,106,234,234,259,134,134,147,167,167,202,202,228,241,256,272,272,272,272,272,272],"floor_reached":50,"language":"ENG","playtime":3251,"items_purged":["meleeMod_Jab","Injury","meleeMod_Shield"],"score":560,"play_id":"779e8d26-5b55-406a-b93c-4a1184612139","local_time":"20210219155644","is_ascension_mode":false,"campfire_choices":[{"data":"meleeMod_Knee","floor":6,"key":"SMITH"},{"floor":13,"key":"REST"},{"data":"meleeMod_Cautious","floor":15,"key":"SMITH"},{"data":"meleeMod_DashDance","floor":25,"key":"SMITH"},{"floor":28,"key":"REST"},{"data":"meleeMod_DashDance","floor":32,"key":"SMITH"},{"data":"meleeMod_EdgeGuard","floor":40,"key":"SMITH"},{"floor":42,"key":"REST"},{"floor":47,"key":"REST"},{"floor":49,"key":"RECALL"}],"circlet_count":0,"master_deck":["meleeMod_Shield","meleeMod_Shield","meleeMod_Shield","meleeMod_NeutralAir+1","meleeMod_BackAir+1","meleeMod_Fishing","meleeMod_DropZone","meleeMod_Knee+1","meleeMod_TeamAttackOn","meleeMod_FalconPunch+1","meleeMod_WeTechThose","meleeMod_NeutralAir","meleeMod_Cautious+1","meleeMod_FalconKick","meleeMod_EdgeCancel","meleeMod_LoseStock+1","meleeMod_L_Cancel+1","meleeMod_SweetSpot+1","meleeMod_NeutralAir","meleeMod_DashDance+1","meleeMod_EdgeCancel","meleeMod_DownTilt+1","meleeMod_HomieStock","meleeMod_Knee","meleeMod_DashDance+1","meleeMod_ShieldPoke","meleeMod_Cautious","meleeMod_EdgeGuard+1","meleeMod_NippleSpike+1","meleeMod_BackAir+1","meleeMod_UpAir+1","meleeMod_FalconKick+1","meleeMod_NeutralAir","meleeMod_DownAir+1","meleeMod_DownTilt+1"],"relics":["meleeMod_LosersMang0","Golden Idol","reliquary:Spinner","reliquary:Buckler","TheSimpletonMod:PicklingJar","Astrolabe","Lantern","reliquary:PartyBalloon","reliquary:WeakTea","reliquary:ThirdArm","Pen Nib","aspiration:Lifesprig","hubris:Towel"],"acts_visited":["Exordium","TheCity","TheBeyond"],"potions_floor_usage":[8,8,16,16,18,23,30,37,38,39,50,50],"damage_taken":[{"damage":5,"enemies":"Jaw Worm","floor":1,"turns":4},{"damage":0,"enemies":"2 Louse","floor":2,"turns":3},{"damage":0,"enemies":"Cultist","floor":3,"turns":4},{"damage":0,"enemies":"Blue Slaver","floor":7,"turns":1},{"damage":26,"enemies":"3 Sentries","floor":8,"turns":8},{"damage":27,"enemies":"Gremlin Nob","floor":10,"turns":4},{"damage":6,"enemies":"Red Slaver","floor":11,"turns":3},{"damage":8,"enemies":"Large Slime","floor":12,"turns":5},{"damage":0,"enemies":"Blue Slaver","floor":14,"turns":2},{"damage":28,"enemies":"Slime Boss","floor":16,"turns":11},{"damage":4,"enemies":"Spheric Guardian","floor":18,"turns":3},{"damage":9,"enemies":"Shell Parasite","floor":19,"turns":4},{"damage":11,"enemies":"Centurion and Healer","floor":21,"turns":5},{"damage":12,"enemies":"Shelled Parasite and Fungi","floor":23,"turns":4},{"damage":13,"enemies":"Book of Stabbing","floor":24,"turns":7},{"damage":13,"enemies":"Cultist and Chosen","floor":30,"turns":5},{"damage":11,"enemies":"Centurion and Healer","floor":31,"turns":4},{"damage":1,"enemies":"Champ","floor":33,"turns":13},{"damage":7,"enemies":"Orb Walker","floor":35,"turns":3},{"damage":0,"enemies":"3 Darklings","floor":37,"turns":1},{"damage":2,"enemies":"Transient","floor":38,"turns":5},{"damage":0,"enemies":"Maw","floor":39,"turns":6},{"damage":51,"enemies":"Nemesis","floor":41,"turns":7},{"damage":24,"enemies":"4 Shapes","floor":44,"turns":5},{"damage":22,"enemies":"Spire Growth","floor":45,"turns":5},{"damage":5,"enemies":"Jaw Worm Horde","floor":46,"turns":4},{"damage":30,"enemies":"Donu and Deca","floor":50,"turns":9}],"seed_played":"-556761912172465474","potions_obtained":[{"floor":1,"key":"blueLaboratory:FruitPunch"},{"floor":3,"key":"Swift Potion"},{"floor":10,"key":"blueLaboratory:TrueEctoplasm"},{"floor":11,"key":"SpeedPotion"},{"floor":12,"key":"FearPotion"},{"floor":16,"key":"Slimebound:ThreeZeroPotion"},{"floor":21,"key":"Dexterity Potion"},{"floor":23,"key":"blueLaboratory:BubblePotion"},{"floor":24,"key":"blueLaboratory:LouseDecoction"},{"floor":29,"key":"SmokeBomb"},{"floor":29,"key":"SteroidPotion"},{"floor":31,"key":"blueLaboratory:BottleOfVodka"},{"floor":45,"key":"SteroidPotion"},{"floor":46,"key":"sneckomod:MuddlingPotion"}],"is_trial":false,"path_per_floor":["M","M","M","?","$","R","M","E","T","E","M","M","R","M","R","B",null,"M","M","$","M","?","M","E","R","T","$","R","?","M","M","R","B",null,"M","$","M","M","M","R","E","R","T","M","M","M","R","?","R","B"],"character_chosen":"FALCON","items_purchased":["meleeMod_EdgeCancel","Lantern","meleeMod_DashDance"],"campfire_rested":4,"item_purchase_floors":[20,20,27],"current_hp_per_floor":[80,80,80,80,80,80,80,56,56,29,23,15,41,41,41,13,87,83,74,74,63,63,51,38,38,38,38,64,64,51,40,40,39,87,80,80,80,78,78,78,27,53,53,29,7,2,28,28,28,0,0],"gold":272,"neow_bonus":"UPGRADE_CARD","is_daily":false,"chose_seed":false,"campfire_upgraded":5,"win_rate":0.0,"timestamp":1613779004,"path_taken":["M","M","M","?","$","R","M","E","T","E","M","M","R","M","R","BOSS","M","M","$","M","?","M","E","R","T","$","R","?","M","M","R","BOSS","M","?","M","M","M","R","E","R","T","M","?","M","R","?","R","BOSS"],"items_purchased_type":["Card","Relic","Card"],"build_version":"2020-12-22","purchased_purges":3,"victory":false,"max_hp_per_floor":[85,85,85,85,85,85,85,87,87,87,87,87,87,87,87,87,87,87,87,87,87,87,87,87,87,87,87,87,87,87,87,87,87,87,87,87,87,87,87,87,87,87,87,87,87,87,87,87,87,87,87],"relic_stats":{"counters":[27,135],"Golden Idol":146,"Astrolabe":["meleeMod_LoseStock","meleeMod_L_Cancel","meleeMod_SweetSpot"],"Pen Nib":[5],"obtain_stats":[{"Lantern":20,"aspiration:Lifesprig":43,"Golden Idol":4,"reliquary:PartyBalloon":22,"Astrolabe":17,"Pen Nib":41,"reliquary:Spinner":8,"reliquary:WeakTea":24,"hubris:Towel":48,"reliquary:ThirdArm":34,"meleeMod_TeamBeerMang0":0,"reliquary:Buckler":9,"meleeMod_LosersMang0":50,"TheSimpletonMod:PicklingJar":10},{"Lantern":12,"aspiration:Lifesprig":23,"Golden Idol":3,"reliquary:PartyBalloon":13,"Astrolabe":10,"Pen Nib":23,"reliquary:Spinner":5,"reliquary:WeakTea":15,"hubris:Towel":26,"reliquary:ThirdArm":18,"meleeMod_TeamBeerMang0":0,"reliquary:Buckler":5,"meleeMod_LosersMang0":27,"TheSimpletonMod:PicklingJar":6},{"Lantern":52,"aspiration:Lifesprig":112,"Golden Idol":11,"reliquary:PartyBalloon":57,"Astrolabe":45,"Pen Nib":112,"reliquary:Spinner":20,"reliquary:WeakTea":68,"hubris:Towel":126,"reliquary:ThirdArm":90,"meleeMod_TeamBeerMang0":0,"reliquary:Buckler":20,"meleeMod_LosersMang0":135,"TheSimpletonMod:PicklingJar":24}]},"card_choices":[{"not_picked":["meleeMod_ShieldDrop","meleeMod_Cautious"],"picked":"meleeMod_Fishing","floor":1},{"not_picked":["meleeMod_Wildfire","meleeMod_ForwardSmash"],"picked":"meleeMod_DropZone","floor":2},{"not_picked":["meleeMod_UpSmash","meleeMod_FireFlower"],"picked":"meleeMod_Knee","floor":3},{"not_picked":["meleeMod_Pause","meleeMod_RapidJabs"],"picked":"meleeMod_TeamAttackOn","floor":7},{"not_picked":["meleeMod_ShieldDrop","meleeMod_RockCrock"],"picked":"meleeMod_FalconPunch","floor":8},{"not_picked":["meleeMod_RapidJabs","meleeMod_SuperMushroom"],"picked":"meleeMod_WeTechThose","floor":10},{"not_picked":["meleeMod_DownTilt","meleeMod_Gentleman"],"picked":"meleeMod_NeutralAir","floor":11},{"not_picked":["meleeMod_Moonwalking","meleeMod_CommandGrab"],"picked":"meleeMod_Cautious","floor":12},{"not_picked":["meleeMod_PhantomHit","meleeMod_CommandGrab"],"picked":"meleeMod_FalconKick","floor":14},{"not_picked":["meleeMod_HomieStock","meleeMod_PhantomHit"],"picked":"meleeMod_EdgeCancel","floor":16},{"not_picked":["meleeMod_UnclePunch","meleeMod_DashDance"],"picked":"meleeMod_NeutralAir","floor":18},{"not_picked":["meleeMod_WallJump","meleeMod_L_Cancel"],"picked":"meleeMod_DashDance","floor":19},{"not_picked":["meleeMod_RaptorBoost+1","meleeMod_PowerShield+1"],"picked":"meleeMod_DownTilt+1","floor":21},{"not_picked":["meleeMod_FireFlower+1","meleeMod_PowerShield"],"picked":"meleeMod_HomieStock","floor":23},{"not_picked":["meleeMod_FireFlower","meleeMod_Cautious"],"picked":"meleeMod_Knee","floor":24},{"not_picked":["meleeMod_CrouchCancel","meleeMod_DownSmash"],"picked":"meleeMod_ShieldPoke","floor":30},{"not_picked":["meleeMod_Randall","meleeMod_BackAir"],"picked":"meleeMod_Cautious","floor":31},{"not_picked":["meleeMod_HomieStock","meleeMod_EdgeCancel"],"picked":"meleeMod_EdgeGuard","floor":33},{"not_picked":["meleeMod_WaveLand","meleeMod_Cautious"],"picked":"meleeMod_NippleSpike+1","floor":35},{"not_picked":["meleeMod_Moonwalking","meleeMod_RapidJabs"],"picked":"meleeMod_BackAir+1","floor":38},{"not_picked":["meleeMod_WaveLand+1","meleeMod_Moonwalking+1"],"picked":"meleeMod_UpAir+1","floor":39},{"not_picked":["meleeMod_FalconPunch+1","meleeMod_FalconDive+1"],"picked":"meleeMod_FalconKick+1","floor":41},{"not_picked":["meleeMod_ForwardTilt","meleeMod_DropZone"],"picked":"meleeMod_NeutralAir","floor":44},{"not_picked":["meleeMod_RaptorBoost","meleeMod_NippleSpike"],"picked":"meleeMod_DownAir+1","floor":45},{"not_picked":["meleeMod_FireFlower+1","meleeMod_ForwardTilt+1"],"picked":"meleeMod_DownTilt+1","floor":46}],"player_experience":239259,"relics_obtained":[{"floor":8,"key":"reliquary:Spinner"},{"floor":9,"key":"reliquary:Buckler"},{"floor":10,"key":"TheSimpletonMod:PicklingJar"},{"floor":24,"key":"reliquary:WeakTea"},{"floor":41,"key":"Pen Nib"},{"floor":43,"key":"aspiration:Lifesprig"}],"event_choices":[{"damage_healed":0,"gold_gain":0,"player_choice":"Take Wound","damage_taken":0,"relics_obtained":["Golden Idol"],"max_hp_gain":0,"max_hp_loss":0,"event_name":"Golden Idol","floor":4,"gold_loss":0,"cards_obtained":["Injury"]},{"damage_healed":0,"gold_gain":0,"player_choice":"Gave Potion","damage_taken":0,"relics_obtained":["reliquary:PartyBalloon"],"max_hp_gain":0,"max_hp_loss":0,"event_name":"WeMeetAgain","floor":22,"gold_loss":0},{"damage_healed":0,"gold_gain":0,"player_choice":"Got Potions","damage_taken":0,"max_hp_gain":0,"max_hp_loss":0,"event_name":"Lab","floor":29,"gold_loss":0}],"is_beta":false,"boss_relics":[{"not_picked":["hubris:GrandSneckoEye","aspiration:MarisaSkillbook"],"picked":"Astrolabe"},{"not_picked":["hubris:CrackedHourglass","aspiration:MobileForge"],"picked":"reliquary:ThirdArm"}],"items_purged_floors":[5,20,36],"is_endless":false,"potions_floor_spawned":[1,3,10,11,12,16,21,23,24,31,33,45,46],"killed_by":"Donu and Deca","ascension_level":0}}