{"host":"qc268ltokmxwqyrx","time":1613705648,"event":{"mods":["BaseMod","Colored Map","Minty Spire (QoL Compilation)","Relic Stats","Slay the Relics Exporter","StSLib","ojb\u0027s Info Mod"],"gold_per_floor":[116,136,151,163,174,208,208,224,247,247,247,275,292,232,232,310,310,327,17,46,58,58,58,93,93,118,118,137,55,55,55,55,129,129,148,98,118,1117,1130,1130,1130,1130],"floor_reached":41,"language":"ENG","playtime":2498,"items_purged":["Strike_G"],"score":867,"play_id":"9156b1dc-0d6a-485e-ba96-e0b00919e2fa","local_time":"20210218213408","is_ascension_mode":true,"campfire_choices":[{"data":"Footwork","floor":7,"key":"SMITH"},{"floor":15,"key":"REST"},{"floor":23,"key":"REST"},{"data":"Riddle With Holes","floor":25,"key":"SMITH"},{"data":"Blade Dance","floor":27,"key":"SMITH"},{"data":"A Thousand Cuts","floor":32,"key":"SMITH"},{"data":"Calculated Gamble","floor":40,"key":"SMITH"}],"circlet_count":0,"master_deck":["AscendersBane","Survivor+1","Neutralize","Flying Knee","Footwork+1","Blur","All Out Attack","Riddle With Holes+1","Leg Sweep","Noxious Fumes","Backstab","PiercingWail","Envenom","Leg Sweep+1","Blade Dance+1","Acrobatics+1","Underhanded Strike","Underhanded Strike+1","A Thousand Cuts+1","Calculated Gamble+1","Night Terror","Masterful Stab","Escape Plan","Deadly Poison","Predator","Crippling Poison","Distraction","Dash","Terror","Outmaneuver+1","Normality","Normality"],"relics":["Ring of the Snake","HornCleat","Bag of Marbles","Juzu Bracelet","PreservedInsect","Dream Catcher","Snecko Eye","Membership Card","Shuriken","Red Mask","War Paint","Ornamental Fan","Pandora\u0027s Box"],"acts_visited":["Exordium","TheCity","TheBeyond"],"potions_floor_usage":[6,6,12,16,33,33,39,41],"damage_taken":[{"damage":1,"enemies":"Cultist","floor":1,"turns":4},{"damage":1,"enemies":"Small Slimes","floor":2,"turns":3},{"damage":0,"enemies":"Jaw Worm","floor":3,"turns":5},{"damage":0,"enemies":"Blue Slaver","floor":4,"turns":7},{"damage":7,"enemies":"Red Slaver","floor":5,"turns":8},{"damage":12,"enemies":"Lagavulin","floor":6,"turns":9},{"damage":0,"enemies":"3 Louse","floor":8,"turns":3},{"damage":41,"enemies":"Gremlin Nob","floor":12,"turns":5},{"damage":0,"enemies":"2 Fungi Beasts","floor":13,"turns":4},{"damage":8,"enemies":"Hexaghost","floor":16,"turns":12},{"damage":0,"enemies":"Chosen","floor":18,"turns":6},{"damage":24,"enemies":"Masked Bandits","floor":20,"turns":7},{"damage":0,"enemies":"3 Byrds","floor":21,"turns":7},{"damage":7,"enemies":"Gremlin Leader","floor":24,"turns":6},{"damage":1,"enemies":"Shelled Parasite and Fungi","floor":28,"turns":5},{"damage":36,"enemies":"Automaton","floor":33,"turns":8},{"damage":0,"enemies":"3 Shapes","floor":35,"turns":4},{"damage":0,"enemies":"Orb Walker","floor":37,"turns":3},{"damage":19,"enemies":"Sphere and 2 Shapes","floor":39,"turns":6},{"damage":51,"enemies":"2 Orb Walkers","floor":41,"turns":3}],"seed_played":"-3412364248982612708","potions_obtained":[{"floor":4,"key":"Explosive Potion"},{"floor":5,"key":"Fire Potion"},{"floor":6,"key":"LiquidBronze"},{"floor":12,"key":"LiquidBronze"},{"floor":16,"key":"Ancient Potion"},{"floor":18,"key":"Weak Potion"},{"floor":24,"key":"Fire Potion"},{"floor":28,"key":"CunningPotion"},{"floor":33,"key":"ColorlessPotion"},{"floor":37,"key":"LiquidBronze"}],"is_trial":false,"path_per_floor":["M","M","M","M","M","E","R","M","T","?","?","E","M","?","R","B",null,"M","$","?","M","?","R","E","R","T","R","M","$","?","T","R","B",null,"M","?","M","?","M","R","?"],"character_chosen":"THE_SILENT","items_purchased":["Membership Card","Shuriken","Calculated Gamble"],"campfire_rested":2,"item_purchase_floors":[19,19,29],"current_hp_per_floor":[64,63,63,63,56,44,44,44,44,44,44,3,3,3,24,16,58,58,58,34,34,34,55,48,48,48,48,47,47,47,47,47,11,57,57,57,57,57,38,38,0,0],"gold":1130,"neow_bonus":"TEN_PERCENT_HP_BONUS","is_daily":false,"chose_seed":false,"campfire_upgraded":5,"win_rate":0.0,"timestamp":1613705648,"path_taken":["M","?","M","M","M","E","R","M","T","?","?","E","M","?","R","BOSS","M","$","?","M","?","R","E","R","T","R","M","$","?","?","R","BOSS","M","?","M","?","M","R","?"],"items_purchased_type":["Relic","Relic","Card"],"build_version":"2020-12-22","purchased_purges":1,"victory":false,"max_hp_per_floor":[72,72,72,72,72,72,72,72,72,72,72,72,72,72,72,72,72,72,72,72,72,72,72,72,72,72,72,72,72,72,72,72,72,72,72,72,72,72,72,72,72,72],"relic_stats":{"Dream Catcher":2,"counters":[20,115],"Shuriken":[17],"Ornamental Fan":[32],"Snecko Eye":[108,97,107,110],"Pandora\u0027s Box":["Masterful Stab","Escape Plan","Deadly Poison","Predator","Crippling Poison","Distraction","Dash","Terror"],"PreservedInsect":46,"Juzu Bracelet":3,"War Paint":["Leg Sweep","Survivor"],"obtain_stats":[{"PreservedInsect":12,"Juzu Bracelet":10,"War Paint":24,"Dream Catcher":14,"HornCleat":6,"Shuriken":19,"Ornamental Fan":31,"Snecko Eye":17,"Pandora\u0027s Box":34,"Bag of Marbles":9,"Red Mask":20,"Membership Card":19,"Ring of the Snake":0},{"PreservedInsect":8,"Juzu Bracelet":7,"War Paint":14,"Dream Catcher":9,"HornCleat":6,"Shuriken":11,"Ornamental Fan":15,"Snecko Eye":10,"Pandora\u0027s Box":16,"Bag of Marbles":7,"Red Mask":12,"Membership Card":11,"Ring of the Snake":0},{"PreservedInsect":44,"Juzu Bracelet":39,"War Paint":86,"Dream Catcher":48,"HornCleat":36,"Shuriken":66,"Ornamental Fan":91,"Snecko Eye":60,"Pandora\u0027s Box":99,"Bag of Marbles":39,"Red Mask":73,"Membership Card":66,"Ring of the Snake":0}],"Ring of the Snake":[40]},"card_choices":[{"not_picked":["Deflect","All Out Attack"],"picked":"Flying Knee","floor":1},{"not_picked":["Slice","Bane"],"picked":"Footwork","floor":2},{"not_picked":["Flying Knee","Tools of the Trade"],"picked":"Blur","floor":3},{"not_picked":["Outmaneuver","Blur"],"picked":"All Out Attack","floor":4},{"not_picked":["Acrobatics","Finisher"],"picked":"Riddle With Holes","floor":5},{"not_picked":["Sucker Punch","Distraction"],"picked":"Leg Sweep","floor":6},{"not_picked":["Deflect","Expertise"],"picked":"Noxious Fumes","floor":8},{"not_picked":["Venomology","Noxious Fumes"],"picked":"Backstab","floor":12},{"not_picked":["Catalyst","Escape Plan"],"picked":"PiercingWail","floor":13},{"not_picked":["Venomology","Bullet Time"],"picked":"Envenom","floor":16},{"not_picked":["Dodge and Roll","Dagger Spray"],"picked":"Leg Sweep","floor":18},{"not_picked":["Bane+1","Concentrate+1"],"picked":"Blade Dance","floor":20},{"not_picked":["Outmaneuver","Noxious Fumes"],"picked":"Acrobatics+1","floor":21},{"not_picked":["Acrobatics","Blade Dance+1"],"picked":"Underhanded Strike","floor":23},{"not_picked":["Dagger Throw","PiercingWail"],"picked":"Underhanded Strike+1","floor":24},{"not_picked":["Choke","Cloak And Dagger"],"picked":"A Thousand Cuts","floor":28},{"not_picked":["Grand Finale","Malaise"],"picked":"Night Terror","floor":33},{"not_picked":["Underhanded Strike","Flying Knee"],"picked":"Outmaneuver","floor":35},{"not_picked":["Dodge and Roll","Blade Dance+1","Dagger Throw"],"picked":"SKIP","floor":37},{"not_picked":["Dodge and Roll","Blade Dance","Deadly Poison+1"],"picked":"SKIP","floor":39},{"not_picked":["Dodge and Roll","Blade Dance","Deadly Poison+1"],"picked":"SKIP","floor":39}],"player_experience":1871657,"relics_obtained":[{"floor":6,"key":"HornCleat"},{"floor":9,"key":"Bag of Marbles"},{"floor":12,"key":"PreservedInsect"},{"floor":20,"key":"Red Mask"},{"floor":24,"key":"War Paint"},{"floor":31,"key":"Ornamental Fan"}],"event_choices":[{"damage_healed":0,"gold_gain":0,"player_choice":"Searched \u00272\u0027 times","damage_taken":0,"relics_obtained":["Juzu Bracelet"],"max_hp_gain":0,"max_hp_loss":0,"event_name":"Dead Adventurer","floor":10,"gold_loss":0},{"cards_removed":["Strike_G"],"damage_healed":0,"gold_gain":0,"player_choice":"Purged","damage_taken":0,"max_hp_gain":0,"max_hp_loss":0,"event_name":"Purifier","floor":11,"gold_loss":0},{"damage_healed":0,"gold_gain":0,"player_choice":"Paid Gold","damage_taken":0,"relics_obtained":["Dream Catcher"],"max_hp_gain":0,"max_hp_loss":0,"event_name":"WeMeetAgain","floor":14,"gold_loss":60},{"damage_healed":0,"gold_gain":0,"player_choice":"Fought Bandits","damage_taken":0,"max_hp_gain":0,"max_hp_loss":0,"event_name":"Masked Bandits","floor":20,"gold_loss":0},{"damage_healed":0,"gold_gain":0,"player_choice":"Ignored","damage_taken":0,"max_hp_gain":0,"max_hp_loss":0,"event_name":"Ghosts","floor":22,"gold_loss":0},{"damage_healed":0,"gold_gain":0,"player_choice":"Upgrade","damage_taken":0,"max_hp_gain":0,"max_hp_loss":0,"event_name":"Designer","floor":36,"gold_loss":50,"cards_upgraded":["Outmaneuver"]},{"damage_healed":0,"gold_gain":999,"player_choice":"Gold","damage_taken":0,"max_hp_gain":0,"max_hp_loss":0,"event_name":"MindBloom","floor":38,"gold_loss":0,"cards_obtained":["Normality","Normality"]},{"damage_healed":0,"gold_gain":0,"player_choice":"Fight","damage_taken":0,"max_hp_gain":0,"max_hp_loss":0,"event_name":"Mysterious Sphere","floor":41,"gold_loss":0}],"is_beta":false,"boss_relics":[{"not_picked":["Black Star","Coffee Dripper"],"picked":"Snecko Eye"},{"not_picked":["Runic Pyramid","SlaversCollar"],"picked":"Pandora\u0027s Box"}],"items_purged_floors":[29],"is_endless":false,"potions_floor_spawned":[4,5,6,12,16,18,24,28,33,37],"killed_by":"2 Orb Walkers","ascension_level":20}}