{"host":"daa8jqyg4gqfaysm","time":1613710869,"event":{"mods":["BaseMod","Colored Powertips","Minty Spire (QoL Compilation)","StSLib"],"gold_per_floor":[113,13,13,13,32,60,73,99,147,174,227,243,16,0,0,78,78,92,142,154,174,89,122,137,149,149,182,182,196,196,209,209,283,333,333,333],"floor_reached":35,"language":"ENG","playtime":1107,"items_purged":["Strike_G"],"score":934,"play_id":"429b9818-ed40-470c-baf1-662f3ea6d6ed","local_time":"20210219000109","is_ascension_mode":true,"campfire_choices":[{"data":"Malaise","floor":15,"key":"SMITH"},{"floor":28,"key":"REST"},{"floor":32,"key":"REST"}],"circlet_count":0,"master_deck":["AscendersBane","Strike_G","Strike_G","Strike_G+1","Defend_G","Defend_G","Defend_G","Defend_G","Defend_G","Survivor","Neutralize","Poisoned Stab","Dagger Throw","Bane","Calculated Gamble","All Out Attack","Corpse Explosion","Deflect","Deadly Poison","Malaise+1","Tools of the Trade","After Image","Backstab","Tactician+1","Dash","Terror"],"relics":["Ring of the Snake","NeowsBlessing","The Courier","Bronze Scales","Lantern","Matryoshka","Velvet Choker","Smiling Mask","Ice Cream","Nunchaku","Gambling Chip","InkBottle","Ornamental Fan","Tiny House"],"acts_visited":["Exordium","TheCity","TheBeyond"],"potions_floor_usage":[8,10,10,16,18,23,27,33],"damage_taken":[{"damage":0,"enemies":"Cultist","floor":1,"turns":1},{"damage":0,"enemies":"2 Louse","floor":5,"turns":1},{"damage":0,"enemies":"Gremlin Nob","floor":6,"turns":1},{"damage":1,"enemies":"Jaw Worm","floor":7,"turns":2},{"damage":32,"enemies":"Lagavulin","floor":8,"turns":8},{"damage":8,"enemies":"Gremlin Nob","floor":10,"turns":3},{"damage":1,"enemies":"Looter","floor":12,"turns":3},{"damage":14,"enemies":"The Guardian","floor":16,"turns":11},{"damage":8,"enemies":"2 Thieves","floor":18,"turns":2},{"damage":0,"enemies":"Shell Parasite","floor":20,"turns":7},{"damage":10,"enemies":"Centurion and Healer","floor":21,"turns":8},{"damage":5,"enemies":"Book of Stabbing","floor":23,"turns":6},{"damage":6,"enemies":"Snake Plant","floor":24,"turns":3},{"damage":7,"enemies":"Chosen and Byrds","floor":25,"turns":6},{"damage":16,"enemies":"Slavers","floor":27,"turns":2},{"damage":0,"enemies":"Centurion and Healer","floor":29,"turns":5},{"damage":6,"enemies":"Shelled Parasite and Fungi","floor":31,"turns":5},{"damage":23,"enemies":"Automaton","floor":33,"turns":9},{"damage":0,"enemies":"3 Darklings","floor":35,"turns":1}],"seed_played":"659777970073528551","potions_obtained":[{"floor":5,"key":"EntropicBrew"},{"floor":6,"key":"CunningPotion"},{"floor":10,"key":"LiquidMemories"},{"floor":16,"key":"Swift Potion"},{"floor":20,"key":"Energy Potion"},{"floor":24,"key":"Fire Potion"},{"floor":25,"key":"CultistPotion"},{"floor":33,"key":"Strength Potion"},{"floor":34,"key":"Energy Potion"}],"is_trial":false,"path_per_floor":["M","$","?","?","M","E","M","E","T","E","?","M","$","?","R","B",null,"M","?","M","M","?","E","M","M","T","E","R","M","T","M","R","B",null,"M"],"character_chosen":"THE_SILENT","items_purchased":["Dagger Throw","Deadly Poison","Malaise","Tools of the Trade"],"campfire_rested":2,"item_purchase_floors":[2,13,13,13],"current_hp_per_floor":[59,59,64,64,64,64,63,31,31,23,23,22,22,22,22,8,55,47,47,47,37,37,32,26,19,19,3,24,24,24,18,39,16,62,62,62],"gold":333,"neow_bonus":"THREE_ENEMY_KILL","is_daily":false,"chose_seed":false,"campfire_upgraded":1,"win_rate":0.0,"timestamp":1613710869,"path_taken":["M","$","?","?","?","E","M","E","T","E","?","M","$","?","R","BOSS","M","?","M","?","?","E","M","M","T","E","R","M","?","?","R","BOSS","M"],"items_purchased_type":["Card","Card","Card","Card"],"build_version":"2020-12-22","purchased_purges":1,"victory":false,"max_hp_per_floor":[66,66,71,71,71,71,71,71,71,71,71,71,71,71,71,71,71,71,71,71,71,71,71,71,71,71,71,71,71,71,71,71,71,76,76,76],"card_choices":[{"not_picked":["Cloak And Dagger","Prepared"],"picked":"Poisoned Stab","floor":1},{"not_picked":["Quick Slash","Dagger Spray"],"picked":"Bane","floor":5},{"not_picked":["Accuracy","Skewer"],"picked":"Calculated Gamble","floor":6},{"not_picked":["Caltrops","Poisoned Stab"],"picked":"All Out Attack","floor":7},{"not_picked":["Dagger Spray","Underhanded Strike"],"picked":"Corpse Explosion","floor":8},{"not_picked":["Cloak And Dagger","Setup"],"picked":"Deflect","floor":10},{"not_picked":["Quick Slash","Deflect","Prepared"],"picked":"SKIP","floor":12},{"not_picked":["Bullet Time","Malaise"],"picked":"After Image","floor":16},{"not_picked":["Sucker Punch","Outmaneuver"],"picked":"Backstab","floor":18},{"not_picked":["Slice","Dodge and Roll","Dagger Spray"],"picked":"SKIP","floor":20},{"not_picked":["Flechettes","Caltrops","A Thousand Cuts"],"picked":"SKIP","floor":21},{"not_picked":["Outmaneuver","Envenom"],"picked":"Tactician+1","floor":23},{"not_picked":["Escape Plan","Expertise","Concentrate"],"picked":"SKIP","floor":24},{"not_picked":["Quick Slash","Poisoned Stab","Deadly Poison"],"picked":"SKIP","floor":25},{"not_picked":["Phantasmal Killer","Leg Sweep","Setup"],"picked":"SKIP","floor":27},{"not_picked":["Flying Knee","Backflip"],"picked":"Dash","floor":29},{"not_picked":["Setup","Deadly Poison"],"picked":"Terror","floor":31}],"player_experience":876370,"relics_obtained":[{"floor":6,"key":"The Courier"},{"floor":8,"key":"Bronze Scales"},{"floor":9,"key":"Lantern"},{"floor":10,"key":"Matryoshka"},{"floor":23,"key":"Ice Cream"},{"floor":26,"key":"Nunchaku"},{"floor":27,"key":"Gambling Chip"},{"floor":30,"key":"InkBottle"},{"floor":30,"key":"Ornamental Fan"}],"event_choices":[{"damage_healed":0,"gold_gain":0,"player_choice":"Donut","damage_taken":0,"max_hp_gain":5,"max_hp_loss":0,"event_name":"Big Fish","floor":3,"gold_loss":0},{"cards_removed":["Strike_G"],"damage_healed":0,"gold_gain":0,"player_choice":"Purged","damage_taken":0,"max_hp_gain":0,"max_hp_loss":0,"event_name":"Purifier","floor":4,"gold_loss":0},{"damage_healed":0,"gold_gain":53,"player_choice":"Gained Gold","damage_taken":0,"max_hp_gain":0,"max_hp_loss":0,"event_name":"Golden Wing","floor":11,"gold_loss":0},{"damage_healed":0,"gold_gain":0,"player_choice":"Left Gold","damage_taken":0,"max_hp_gain":0,"max_hp_loss":0,"event_name":"World of Goop","floor":14,"gold_loss":16},{"damage_healed":0,"gold_gain":100,"player_choice":"Bet on Murderer","damage_taken":0,"max_hp_gain":0,"max_hp_loss":0,"event_name":"The Joust","floor":19,"gold_loss":50},{"damage_healed":0,"gold_gain":0,"player_choice":"Obtained Relic","damage_taken":0,"relics_obtained":["Smiling Mask"],"max_hp_gain":0,"max_hp_loss":0,"event_name":"Addict","floor":22,"gold_loss":85}],"is_beta":false,"boss_relics":[{"not_picked":["Sozu","Ring of the Serpent"],"picked":"Velvet Choker"},{"not_picked":["Pandora\u0027s Box","Busted Crown"],"picked":"Tiny House"}],"items_purged_floors":[2],"is_endless":false,"potions_floor_spawned":[5,6,10,16,20,24,25,33],"killed_by":"3 Darklings","ascension_level":20}}