{"host":"ydg0vn0pu4pubmdt","time":1613773578,"event":{"mods":["AchievementEnabler","BaseMod","Colored Map","Minty Spire (QoL Compilation)","Quick Restart","SuperFastMode"],"gold_per_floor":[214,231,76,93,104,137,137,169,169,169,188,222,222,222,222,296,296,306,306,206,218,237,237,252,252,303,317,317,317,346,366,366,443,443,455,128,146,157,157,186,186,197,222,240,15,27,58,78,78,78,78,78,78,78,108,108],"floor_reached":57,"language":"KOR","playtime":2167,"items_purged":["Strike_R","Defend_R","Strike_R"],"score":3012,"play_id":"af383690-4acb-452c-b127-ca564df2abce","local_time":"20210220072618","is_ascension_mode":true,"campfire_choices":[{"data":"Fire Breathing","floor":7.0,"key":"SMITH"},{"data":"Disarm","floor":13.0,"key":"SMITH"},{"data":"Feel No Pain","floor":15.0,"key":"SMITH"},{"data":"Fiend Fire","floor":23.0,"key":"SMITH"},{"data":"Shockwave","floor":25.0,"key":"SMITH"},{"data":"Power Through","floor":29.0,"key":"SMITH"},{"data":"Burning Pact","floor":32.0,"key":"SMITH"},{"data":"Deep Breath","floor":41.0,"key":"SMITH"},{"floor":49.0,"key":"RECALL"},{"data":"Purity","floor":53,"key":"SMITH"}],"circlet_count":0,"master_deck":["AscendersBane","Defend_R","Defend_R","Defend_R","Bash","Wild Strike","Carnage","Fire Breathing+1","Shrug It Off","Power Through+1","Fiend Fire+1","Feel No Pain+1","Disarm+1","Shockwave+1","Burning Pact+1","Exhume","Deep Breath+1","Secret Weapon","Panache","Evolve","Purity+1"],"relics":["Burning Blood","Bird Faced Urn","Dead Branch","Pear","Gremlin Horn","Busted Crown","Tiny Chest","Bag of Marbles","SacredBark","Medical Kit","InkBottle","Oddly Smooth Stone","Unceasing Top"],"acts_visited":["Exordium","TheCity","TheBeyond","TheEnding"],"potions_floor_usage":[56],"damage_taken":[{"damage":7.0,"enemies":"Small Slimes","floor":1.0,"turns":3.0},{"damage":24.0,"enemies":"Jaw Worm","floor":2.0,"turns":4.0},{"damage":0.0,"enemies":"2 Louse","floor":4.0,"turns":2.0},{"damage":20.0,"enemies":"Lots of Slimes","floor":5.0,"turns":5.0},{"damage":8.0,"enemies":"Gremlin Nob","floor":6.0,"turns":3.0},{"damage":25.0,"enemies":"Lagavulin","floor":8.0,"turns":6.0},{"damage":0.0,"enemies":"Blue Slaver","floor":11.0,"turns":2.0},{"damage":8.0,"enemies":"3 Sentries","floor":12.0,"turns":5.0},{"damage":7.0,"enemies":"The Guardian","floor":16.0,"turns":12.0},{"damage":10.0,"enemies":"Shell Parasite","floor":18.0,"turns":4.0},{"damage":19.0,"enemies":"Spheric Guardian","floor":21.0,"turns":5.0},{"damage":14.0,"enemies":"Snake Plant","floor":22.0,"turns":4.0},{"damage":0.0,"enemies":"Chosen and Byrds","floor":24.0,"turns":4.0},{"damage":12.0,"enemies":"3 Cultists","floor":27.0,"turns":3.0},{"damage":0.0,"enemies":"Gremlin Leader","floor":30.0,"turns":5.0},{"damage":0.0,"enemies":"Shelled Parasite and Fungi","floor":31.0,"turns":2.0},{"damage":21.0,"enemies":"Collector","floor":33.0,"turns":8.0},{"damage":8.0,"enemies":"Orb Walker","floor":35.0,"turns":3.0},{"damage":2.0,"enemies":"3 Darklings","floor":37.0,"turns":4.0},{"damage":4.0,"enemies":"Sphere and 2 Shapes","floor":38.0,"turns":5.0},{"damage":19.0,"enemies":"Giant Head","floor":40.0,"turns":8.0},{"damage":24.0,"enemies":"Jaw Worm Horde","floor":42.0,"turns":4.0},{"damage":19.0,"enemies":"Spire Growth","floor":44.0,"turns":5.0},{"damage":0.0,"enemies":"Sphere and 2 Shapes","floor":46.0,"turns":3.0},{"damage":12.0,"enemies":"Reptomancer","floor":47.0,"turns":5.0},{"damage":6.0,"enemies":"Transient","floor":48.0,"turns":6.0},{"damage":97.0,"enemies":"Time Eater","floor":50.0,"turns":13.0},{"damage":12,"enemies":"Awakened One","floor":51,"turns":6},{"damage":29,"enemies":"Shield and Spear","floor":55,"turns":6},{"damage":57,"enemies":"The Heart","floor":56,"turns":8}],"seed_played":"5824901441288980617","potions_obtained":[{"floor":5.0,"key":"DuplicationPotion"},{"floor":6.0,"key":"EntropicBrew"},{"floor":11.0,"key":"Weak Potion"},{"floor":33.0,"key":"Dexterity Potion"},{"floor":35.0,"key":"Block Potion"},{"floor":40.0,"key":"SteroidPotion"},{"floor":48.0,"key":"SneckoOil"},{"floor":55,"key":"AttackPotion"}],"is_trial":false,"path_per_floor":["M","M","$","M","M","E","R","E","T","?","M","E","R","?","R","B",null,"M","?","$","M","M","R","M","R","T","M","?","R","E","M","R","B",null,"M","$","M","M","?","E","R","M","T","M","$","M","E","M","R","B","B",null,"R","$","E","B",null],"character_chosen":"IRONCLAD","items_purchased":["Carnage","Exhume","Medical Kit","Purity"],"campfire_rested":0,"item_purchase_floors":[3,36,36,45],"current_hp_per_floor":[67,49,49,55,41,39,39,22,32,32,38,42,42,42,42,49,76,76,76,76,67,65,65,75,75,75,71,71,71,81,85,85,80,84,82,82,85,85,75,74,74,66,66,63,63,79,83,85,85,18,38,73,73,73,70,39],"gold":108,"neow_bonus":"HUNDRED_GOLD","is_daily":false,"chose_seed":false,"campfire_upgraded":9,"win_rate":0.0,"timestamp":1613773578,"path_taken":["M","M","$","M","M","E","R","E","T","?","M","E","R","?","R","BOSS","M","?","$","M","M","R","?","R","T","M","?","R","E","?","R","BOSS","M","$","M","M","?","E","R","M","T","M","$","M","E","M","R","BOSS","BOSS","R","$","E","BOSS"],"items_purchased_type":["Card","Card","Relic","Card"],"build_version":"2020-12-22","purchased_purges":3,"victory":true,"max_hp_per_floor":[75,75,75,75,75,75,75,75,85,85,85,85,85,85,85,85,85,85,85,85,85,85,85,85,85,85,85,85,85,85,85,85,85,85,85,85,85,85,85,85,85,85,85,85,85,85,85,85,85,85,85,85,85,85,85,85],"card_choices":[{"not_picked":["Sword Boomerang","Clothesline"],"picked":"Wild Strike","floor":1.0},{"not_picked":["Thunderclap","Havoc","Twin Strike"],"picked":"SKIP","floor":2.0},{"not_picked":["Armaments","Infernal Blade"],"picked":"Fire Breathing","floor":4.0},{"not_picked":["Twin Strike","Hemokinesis"],"picked":"Shrug It Off","floor":5.0},{"not_picked":["Iron Wave","Twin Strike"],"picked":"Power Through","floor":6.0},{"not_picked":["Wild Strike","Bloodletting"],"picked":"Fiend Fire","floor":8.0},{"not_picked":["Sever Soul","Rampage"],"picked":"Feel No Pain","floor":11.0},{"not_picked":["Thunderclap","Warcry"],"picked":"Disarm","floor":12.0},{"not_picked":["Armaments"],"picked":"SKIP","floor":18.0},{"not_picked":["Shockwave"],"picked":"SKIP","floor":21.0},{"not_picked":["Perfected Strike"],"picked":"SKIP","floor":22.0},{"not_picked":["Armaments"],"picked":"SKIP","floor":24.0},{"not_picked":["Combust"],"picked":"SKIP","floor":27.0},{"not_picked":[],"picked":"Burning Pact","floor":30.0},{"not_picked":["Shrug It Off"],"picked":"SKIP","floor":31.0},{"not_picked":["Iron Wave"],"picked":"SKIP","floor":35.0},{"not_picked":["Iron Wave"],"picked":"SKIP","floor":37.0},{"not_picked":["Dropkick"],"picked":"SKIP","floor":38.0},{"not_picked":[],"picked":"Deep Breath","floor":39.0},{"not_picked":[],"picked":"Secret Weapon","floor":39.0},{"not_picked":[],"picked":"Panache","floor":39.0},{"not_picked":["Pummel"],"picked":"SKIP","floor":40.0},{"not_picked":[],"picked":"Evolve","floor":42.0},{"not_picked":["Cleave"],"picked":"SKIP","floor":44.0},{"not_picked":["Shrug It Off+1"],"picked":"SKIP","floor":46.0},{"not_picked":["Clothesline"],"picked":"SKIP","floor":47.0},{"not_picked":["Entrench"],"picked":"SKIP","floor":48.0},{"not_picked":["Flex+1"],"picked":"SKIP","floor":55}],"player_experience":617063,"relics_obtained":[{"floor":6.0,"key":"Bird Faced Urn"},{"floor":8.0,"key":"Dead Branch"},{"floor":9.0,"key":"Pear"},{"floor":12.0,"key":"Gremlin Horn"},{"floor":26.0,"key":"Tiny Chest"},{"floor":30.0,"key":"Bag of Marbles"},{"floor":40.0,"key":"InkBottle"},{"floor":47.0,"key":"Oddly Smooth Stone"},{"floor":55,"key":"Unceasing Top"}],"event_choices":[{"cards_removed":["Strike_R"],"damage_healed":0.0,"max_hp_gain":0.0,"max_hp_loss":0.0,"gold_gain":0.0,"event_name":"Living Wall","player_choice":"Forget","floor":10.0,"gold_loss":0.0,"damage_taken":0.0},{"damage_healed":0.0,"max_hp_gain":0.0,"max_hp_loss":0.0,"gold_gain":0.0,"event_name":"Liars Game","player_choice":"Ignored","floor":14.0,"gold_loss":0.0,"damage_taken":0.0},{"damage_healed":0.0,"max_hp_gain":0.0,"max_hp_loss":0.0,"gold_gain":0.0,"cards_transformed":["Strike_R"],"event_name":"Transmorgrifier","player_choice":"Transformed","floor":19.0,"gold_loss":0.0,"damage_taken":0.0,"cards_obtained":["Shockwave"]},{"cards_removed":["Strike_R"],"damage_healed":0.0,"max_hp_gain":0.0,"max_hp_loss":0.0,"gold_gain":0.0,"event_name":"Wheel of Change","player_choice":"Card Removal","floor":28.0,"gold_loss":0.0,"damage_taken":0.0},{"damage_healed":0.0,"max_hp_gain":0.0,"max_hp_loss":0.0,"gold_gain":0.0,"event_name":"SensoryStone","player_choice":"Memory 3","floor":39.0,"gold_loss":0.0,"damage_taken":10.0}],"is_beta":false,"boss_relics":[{"not_picked":["Runic Dome","SlaversCollar"],"picked":"Busted Crown"},{"not_picked":["Calling Bell","Velvet Choker"],"picked":"SacredBark"}],"items_purged_floors":[3,20,45],"is_endless":false,"potions_floor_spawned":[5,6,11,16,18,24,27,33,35,37,40,48,55],"ascension_level":20}}