{"host":"7wwmf5ihvdzput8s","time":1613728322,"event":{"mods":["BaseMod","Minty Spire (QoL Compilation)","Quick Restart","Replay The Spire","StSLib","UnlockEverythingMod"],"gold_per_floor":[116,116,131,143,143,170,183,215,227,274,311,356,368,405,417,501,513,538,550,562,285,317,346,346,379,449,242,79,112,140,140,140,217,217,532,532,546,215,215,248,6,6,53,86,86,35,55,80,80,80,80],"floor_reached":52,"language":"ZHS","playtime":958,"items_purged":["Pommel Strike","CarveReality"],"score":2702,"play_id":"452ac437-117e-4f66-916e-bc3a9f153c4d","local_time":"20210219175202","daily_mods":["SealedDeck","Vintage","Allstar","Green Cards","Purple Cards","Heirloom","Time Dilation","Flight","DeadlyEvents","Elite Swarm","Lethality","Night Terrors"],"is_ascension_mode":true,"campfire_choices":[{"data":"Offering","floor":15.0,"key":"SMITH"},{"floor":24.0,"key":"REST"},{"data":"Flex","floor":32.0,"key":"SMITH"},{"data":"Flex","floor":42.0,"key":"SMITH"},{"data":"Glass Knife","floor":45.0,"key":"SMITH"},{"data":"CutThroughFate","floor":49.0,"key":"SMITH"}],"circlet_count":0,"master_deck":["AscendersBane","FlurryOfBlows","Clash+1","CutThroughFate+1","CrushJoints","Crescendo+1","CarveReality","Consecrate","Glass Knife+1","Offering+1","Flex+1","Flex+1","Secret Technique","Secret Technique","Skewer+1"],"relics":["Unceasing Top","Magic Flower","Omamori","Blue Candle","Quantum Egg","Shovel","Pet Ghost","MawBank","Pear","Replay:WaspNest","Singing Bowl","Charon\u0027s Ashes","Frozen Egg 2","Calling Bell","Strawberry","Paper Frog","Bird Faced Urn","Sundial","Replay:Wax Seal","Sling","Champion Belt","Gremlin Food","Blood Vial","HornCleat","Blue Doll","DollysMirror","Potion Belt","ReplayFunnel","SacredBark","Old Coin","NeowsBlessing","Molten Egg 2","Ginger","BargainBundle","Happy Flower","Dream Catcher","Anchor","Nunchaku"],"acts_visited":["Exordium","TheCity","TheBeyond"],"potions_floor_usage":[51],"damage_taken":[{"damage":0.0,"enemies":"2 Louse","floor":1.0,"turns":1.0},{"damage":0.0,"enemies":"Cultist","floor":3.0,"turns":1.0},{"damage":0.0,"enemies":"Small Slimes","floor":4.0,"turns":1.0},{"damage":0.0,"enemies":"Gremlin Nob","floor":6.0,"turns":1.0},{"damage":0.0,"enemies":"Gremlin Gang","floor":7.0,"turns":1.0},{"damage":1.0,"enemies":"3 Sentries","floor":8.0,"turns":2.0},{"damage":0.0,"enemies":"Gremlin Nob","floor":10.0,"turns":2.0},{"damage":1.0,"enemies":"Lagavulin","floor":11.0,"turns":1.0},{"damage":1.0,"enemies":"3 Sentries","floor":12.0,"turns":2.0},{"damage":7.0,"enemies":"Lagavulin","floor":14.0,"turns":1.0},{"damage":6.0,"enemies":"Slime Boss","floor":16.0,"turns":1.0},{"damage":0.0,"enemies":"Spheric Guardian","floor":18.0,"turns":1.0},{"damage":7.0,"enemies":"Replay:Snechameleon","floor":22.0,"turns":1.0},{"damage":7.0,"enemies":"Slavers","floor":23.0,"turns":1.0},{"damage":7.0,"enemies":"Replay:Snechameleon","floor":25.0,"turns":1.0},{"damage":0.0,"enemies":"Book of Stabbing","floor":29.0,"turns":1.0},{"damage":0.0,"enemies":"Gremlin Leader","floor":30.0,"turns":1.0},{"damage":6.0,"enemies":"Champ","floor":33.0,"turns":2.0},{"damage":0.0,"enemies":"3 Darklings","floor":35.0,"turns":2.0},{"damage":0.0,"enemies":"Orb Walker","floor":37.0,"turns":1.0},{"damage":0.0,"enemies":"R_Hoarder","floor":40.0,"turns":1.0},{"damage":0.0,"enemies":"Reptomancer","floor":44.0,"turns":1.0},{"damage":7.0,"enemies":"Maw","floor":47.0,"turns":2.0},{"damage":0.0,"enemies":"R_Hoarder","floor":48.0,"turns":1.0},{"damage":7.0,"enemies":"Donu and Deca","floor":50.0,"turns":2.0},{"damage":7,"enemies":"Awakened One","floor":51,"turns":2}],"seed_played":"-1090487665315542455","potions_obtained":[{"floor":1.0,"key":"EntropicBrew"},{"floor":4.0,"key":"Elixir"},{"floor":22.0,"key":"LiquidMemories"},{"floor":29.0,"key":"Block Potion"},{"floor":30.0,"key":"LiquidMemories"},{"floor":33.0,"key":"CultistPotion"},{"floor":35.0,"key":"SpeedPotion"},{"floor":40.0,"key":"FearPotion"}],"is_trial":true,"path_per_floor":["M","?","M","M","?","E","M","E","T","E","E","E","$","E","R","B",null,"M","?","?","$","E","E","R","E","T","$","$","E","E","$","R","B",null,"M","WH","M","$","?","E","$","R","T","E","R","$","M","E","R","B","B",null],"character_chosen":"IRONCLAD","items_purchased":["Replay:Wax Seal","Sling","Blue Doll","Flex","DollysMirror","Ginger","BargainBundle","Energy Potion","Languid Potion","Secret Technique","Skewer+1"],"campfire_rested":1,"item_purchase_floors":[21,21,27,27,28,38,41,41,41,41,46],"current_hp_per_floor":[68,68,68,68,68,68,68,67,77,77,76,77,77,72,72,68,92,92,63,63,63,58,53,102,97,97,97,97,102,107,107,107,104,109,110,110,110,110,110,112,112,112,112,114,114,114,107,112,112,108,104],"gold":80,"neow_bonus":"THREE_ENEMY_KILL","is_daily":false,"chose_seed":false,"campfire_upgraded":5,"win_rate":0.0,"timestamp":1613728322,"path_taken":["M","?","M","?","?","E","M","E","T","E","?","?","?","E","R","BOSS","M","?","?","?","?","E","R","E","T","$","$","E","E","$","R","BOSS","M","WH","?","$","?","E","$","R","T","?","R","$","?","?","R","BOSS","BOSS"],"items_purchased_type":["Relic","Relic","Relic","Card","Relic","Relic","Relic","Potion","Potion","Card","Card"],"build_version":"2020-12-22","purchased_purges":2,"victory":true,"max_hp_per_floor":[75,75,75,75,75,75,75,75,85,85,85,87,87,89,89,91,98,98,103,103,103,105,107,102,104,104,104,104,106,108,108,108,110,110,110,110,110,110,110,112,112,112,112,114,114,114,114,116,116,116,116],"card_choices":[{"not_picked":["Grand Finale","Juggernaut"],"picked":"Glass Knife","floor":10.0},{"not_picked":["Wish","Bludgeon"],"picked":"Offering","floor":11.0},{"not_picked":["ReplayTheSpireMod:Necrosis","Burst","Offering"],"picked":"Singing Bowl","floor":12.0},{"not_picked":["Replay:Many Hands","Tools of the Trade+1","Feed"],"picked":"Singing Bowl","floor":14.0},{"not_picked":["Envenom+1","Malaise","Phantasmal Killer"],"picked":"Singing Bowl","floor":16.0},{"not_picked":["Double Tap","Corruption+1","Juggernaut+1"],"picked":"Singing Bowl","floor":22.0},{"not_picked":["Impervious","Malaise","Wish"],"picked":"Singing Bowl","floor":23.0},{"not_picked":["Wraith Form v2+1","Demon Form+1","Envenom+1"],"picked":"Singing Bowl","floor":25.0},{"not_picked":["Reaper","Replay:AllIn","Eclipse"],"picked":"Singing Bowl","floor":29.0},{"not_picked":["Atom Bomb","Poison Darts","Grand Finale"],"picked":"Singing Bowl","floor":30.0},{"not_picked":["Malaise","Grand Finale","Impervious"],"picked":"Singing Bowl","floor":33.0},{"not_picked":["Judgement","Replay:LoomingThreat+1","Feed+1"],"picked":"Singing Bowl","floor":40.0},{"not_picked":["Barricade+1","Demonic Infusion","LessonLearned+1"],"picked":"Singing Bowl","floor":44.0},{"not_picked":["Eclipse","Exhume","Tools of the Trade+1"],"picked":"Singing Bowl","floor":48.0}],"player_experience":71093,"relics_obtained":[{"floor":1.0,"key":"Omamori"},{"floor":3.0,"key":"Blue Candle"},{"floor":4.0,"key":"Quantum Egg"},{"floor":6.0,"key":"Shovel"},{"floor":7.0,"key":"Pet Ghost"},{"floor":8.0,"key":"MawBank"},{"floor":9.0,"key":"Pear"},{"floor":10.0,"key":"Replay:WaspNest"},{"floor":11.0,"key":"Singing Bowl"},{"floor":12.0,"key":"Charon\u0027s Ashes"},{"floor":14.0,"key":"Frozen Egg 2"},{"floor":17.0,"key":"Strawberry"},{"floor":17.0,"key":"Paper Frog"},{"floor":17.0,"key":"Bird Faced Urn"},{"floor":18.0,"key":"Sundial"},{"floor":22.0,"key":"Champion Belt"},{"floor":23.0,"key":"Gremlin Food"},{"floor":25.0,"key":"Blood Vial"},{"floor":26.0,"key":"HornCleat"},{"floor":29.0,"key":"Potion Belt"},{"floor":30.0,"key":"ReplayFunnel"},{"floor":35.0,"key":"Old Coin"},{"floor":37.0,"key":"Molten Egg 2"},{"floor":43.0,"key":"Happy Flower"},{"floor":44.0,"key":"Dream Catcher"},{"floor":47.0,"key":"Anchor"},{"floor":48.0,"key":"Nunchaku"}],"event_choices":[{"damage_healed":0.0,"max_hp_gain":0.0,"max_hp_loss":0.0,"gold_gain":0.0,"event_name":"Accursed Blacksmith","player_choice":"Forge","floor":2.0,"gold_loss":0.0,"damage_taken":0.0,"cards_upgraded":["Crescendo"]},{"cards_removed":["Choke"],"damage_healed":0.0,"max_hp_gain":0.0,"max_hp_loss":0.0,"gold_gain":0.0,"event_name":"Purifier","player_choice":"Purged","floor":5.0,"gold_loss":0.0,"damage_taken":0.0},{"damage_healed":0.0,"max_hp_gain":5.0,"max_hp_loss":0.0,"gold_gain":0.0,"event_name":"Forgotten Altar","player_choice":"Shed Blood","floor":19.0,"gold_loss":0.0,"damage_taken":34.0},{"damage_healed":0.0,"max_hp_gain":0.0,"max_hp_loss":0.0,"gold_gain":0.0,"event_name":"Cursed Tome","player_choice":"Ignored","floor":20.0,"gold_loss":0.0,"damage_taken":0.0},{"damage_healed":0.0,"max_hp_gain":0.0,"max_hp_loss":0.0,"gold_gain":0.0,"event_name":"Tomb of Lord Red Mask","player_choice":"Ignored","floor":39.0,"gold_loss":0.0,"damage_taken":0.0}],"is_beta":false,"boss_relics":[{"not_picked":["Tiny House","Busted Crown"],"picked":"Calling Bell"},{"not_picked":["ChewingGum","Honey Jar"],"picked":"SacredBark"}],"items_purged_floors":[21,41],"is_endless":false,"potions_floor_spawned":[1,4,7,11,14,22,29,30,33,35,40,44],"ascension_level":20}}