{"host":"lz4xqhdipxskteyg","time":1613774241,"event":{"mods":["2.2 Compatiblity","BaseMod","Bestiary","Colored Map","Colored Powertips","Curses Come First","Highlight Path","Keyboard Shortcuts","Minty Spire (QoL Compilation)","Relic Stats","Slay the Relics Exporter","StSLib","SuperFastMode"],"gold_per_floor":[118,134,153,153,169,185,215,215,241,241,241,269,269,269,269,391,391,357,375,375,375],"floor_reached":20,"language":"TUR","playtime":1268,"items_purged":[],"score":174,"play_id":"c66fe31b-b542-46e9-a6d5-b75bc59b4c7d","local_time":"20210220013721","is_ascension_mode":false,"campfire_choices":[{"floor":8,"key":"REST"},{"floor":11,"key":"REST"},{"floor":13,"key":"REST"},{"data":"Catalyst","floor":15,"key":"SMITH"}],"circlet_count":0,"master_deck":["Strike_G","Strike_G","Strike_G","Strike_G","Strike_G","Defend_G","Defend_G","Defend_G","Defend_G","Defend_G","Survivor","Neutralize","Panacea","Poisoned Stab","Catalyst+1","Dagger Spray","Regret","Crippling Poison","Dagger Throw","Leg Sweep","Backstab","Envenom","Deflect+1","Slice"],"relics":["Ring of the Snake","Tiny Chest","Vajra","Juzu Bracelet","Odd Mushroom","SlaversCollar"],"acts_visited":["Exordium","TheCity"],"potions_floor_usage":[6,7,16],"damage_taken":[{"damage":1,"enemies":"Jaw Worm","floor":1,"turns":7},{"damage":7,"enemies":"Small Slimes","floor":2,"turns":3},{"damage":0,"enemies":"2 Louse","floor":3,"turns":4},{"damage":12,"enemies":"Exordium Wildlife","floor":5,"turns":4},{"damage":6,"enemies":"2 Fungi Beasts","floor":6,"turns":4},{"damage":22,"enemies":"Gremlin Nob","floor":7,"turns":5},{"damage":10,"enemies":"The Mushroom Lair","floor":12,"turns":3},{"damage":46,"enemies":"Slime Boss","floor":16,"turns":16},{"damage":21,"enemies":"2 Thieves","floor":18,"turns":5},{"damage":15,"enemies":"3 Byrds","floor":19,"turns":5},{"damage":36,"enemies":"Snake Plant","floor":20,"turns":5}],"seed_played":"-7712878566726639395","potions_obtained":[{"floor":2,"key":"SpeedPotion"},{"floor":3,"key":"AttackPotion"},{"floor":12,"key":"ColorlessPotion"}],"is_trial":false,"path_per_floor":["M","M","M","?","M","M","E","R","T","?","R","?","R","?","R","B",null,"M","M","M"],"character_chosen":"THE_SILENT","items_purchased":[],"campfire_rested":3,"item_purchase_floors":[],"current_hp_per_floor":[69,62,62,62,50,44,22,43,43,43,64,54,70,70,70,24,70,49,34,0,0],"gold":375,"neow_bonus":"RANDOM_COLORLESS","is_daily":false,"chose_seed":false,"campfire_upgraded":1,"win_rate":0.0,"timestamp":1613774241,"path_taken":["M","M","M","?","M","M","E","R","T","?","R","?","R","?","R","BOSS","M","M","M"],"items_purchased_type":[],"build_version":"2020-12-22","purchased_purges":0,"victory":false,"max_hp_per_floor":[70,70,70,70,70,70,70,70,70,70,70,70,70,70,70,70,70,70,70,70,70],"relic_stats":{"counters":[11,61],"Tiny Chest":0,"Juzu Bracelet":0,"obtain_stats":[{"SlaversCollar":17,"Vajra":7,"Tiny Chest":4,"Juzu Bracelet":9,"Odd Mushroom":12,"Ring of the Snake":0},{"SlaversCollar":8,"Vajra":6,"Tiny Chest":3,"Juzu Bracelet":6,"Odd Mushroom":7,"Ring of the Snake":0},{"SlaversCollar":46,"Vajra":27,"Tiny Chest":14,"Juzu Bracelet":27,"Odd Mushroom":30,"Ring of the Snake":0}],"Ring of the Snake":[22]},"card_choices":[{"not_picked":["Madness","Finesse"],"picked":"Panacea","floor":0},{"not_picked":["Masterful Stab","Caltrops"],"picked":"Poisoned Stab","floor":1},{"not_picked":["Poisoned Stab","Slice"],"picked":"Catalyst","floor":2},{"not_picked":["Sucker Punch","Backflip"],"picked":"Dagger Spray","floor":3},{"not_picked":["Poisoned Stab","Slice"],"picked":"Crippling Poison","floor":5},{"not_picked":["Sucker Punch","Catalyst"],"picked":"Dagger Throw","floor":6},{"not_picked":["Doppelganger","Infinite Blades"],"picked":"Leg Sweep","floor":7},{"not_picked":["Calculated Gamble","Footwork"],"picked":"Backstab","floor":12},{"not_picked":["Burst","Adrenaline"],"picked":"Envenom","floor":16},{"not_picked":["Poisoned Stab","Flying Knee"],"picked":"Deflect+1","floor":18},{"not_picked":["Blade Dance","Finisher"],"picked":"Slice","floor":19}],"player_experience":37514,"relics_obtained":[{"floor":7,"key":"Vajra"},{"floor":9,"key":"Juzu Bracelet"},{"floor":12,"key":"Odd Mushroom"}],"event_choices":[{"damage_healed":0,"gold_gain":0,"player_choice":"Box","damage_taken":0,"relics_obtained":["Tiny Chest"],"max_hp_gain":0,"max_hp_loss":0,"event_name":"Big Fish","floor":4,"gold_loss":0,"cards_obtained":["Regret"]},{"damage_healed":0,"gold_gain":0,"player_choice":"Ignored","damage_taken":0,"max_hp_gain":0,"max_hp_loss":0,"event_name":"Shining Light","floor":10,"gold_loss":0},{"damage_healed":0,"gold_gain":0,"player_choice":"Fought Mushrooms","damage_taken":0,"max_hp_gain":0,"max_hp_loss":0,"event_name":"Mushrooms","floor":12,"gold_loss":0},{"damage_healed":0,"gold_gain":0,"player_choice":"Ignored","damage_taken":0,"max_hp_gain":0,"max_hp_loss":0,"event_name":"Liars Game","floor":14,"gold_loss":0}],"is_beta":false,"boss_relics":[{"not_picked":["Ring of the Serpent","Astrolabe"],"picked":"SlaversCollar"}],"items_purged_floors":[],"is_endless":false,"potions_floor_spawned":[2,3,12],"killed_by":"Snake Plant","ascension_level":0}}