{"host":"a4s27ghlnr83kbqz","time":1609157303,"event":{"mods":["AchievementEnabler","BaseMod","Colored Map","Minty Spire (QoL Compilation)","Permanent Neow","SuperFastMode"],"gold_per_floor":[15,34,51,70,83,83,83,101,101,112,132,132,157,177,177,251,251,268,183,198,216,229,229,246,246,273,273,273,273],"floor_reached":28,"playtime":581,"items_purged":[],"score":410,"play_id":"d4ca1b33-2c69-4875-a637-7d690a4246ca","local_time":"20201228200823","is_ascension_mode":true,"campfire_choices":[{"data":"Doom and Gloom","floor":6,"key":"SMITH"},{"floor":12,"key":"REST"},{"data":"Defragment","floor":15,"key":"SMITH"},{"floor":23,"key":"REST"},{"floor":25,"key":"REST"}],"circlet_count":0,"master_deck":["AscendersBane","Strike_B","Defend_B","Defend_B","Defend_B","Defend_B","Zap","Dualcast","Rebound","Sweeping Beam","Doom and Gloom+1","Glacier","Conserve Battery","Turbo","Defragment+1","Ball Lightning","Multi-Cast","Streamline","Cold Snap+1","Self Repair+1"],"relics":["Cracked Core","FossilizedHelix","Ornamental Fan","Snecko Eye","CaptainsWheel","Juzu Bracelet","Enchiridion"],"acts_visited":["Exordium","TheCity"],"potions_floor_usage":[16,24,28],"damage_taken":[{"damage":0,"enemies":"Cultist","floor":1,"turns":3},{"damage":8,"enemies":"Small Slimes","floor":2,"turns":4},{"damage":11,"enemies":"2 Louse","floor":3,"turns":2},{"damage":11,"enemies":"2 Fungi Beasts","floor":4,"turns":3},{"damage":12,"enemies":"Looter","floor":5,"turns":3},{"damage":0,"enemies":"3 Louse","floor":8,"turns":1},{"damage":13,"enemies":"Exordium Thugs","floor":10,"turns":5},{"damage":0,"enemies":"Exordium Wildlife","floor":11,"turns":3},{"damage":5,"enemies":"Lagavulin","floor":13,"turns":8},{"damage":0,"enemies":"3 Louse","floor":14,"turns":1},{"damage":21,"enemies":"Hexaghost","floor":16,"turns":11},{"damage":0,"enemies":"Spheric Guardian","floor":18,"turns":3},{"damage":0,"enemies":"3 Byrds","floor":20,"turns":4},{"damage":43,"enemies":"Snake Plant","floor":21,"turns":6},{"damage":0,"enemies":"Snecko","floor":22,"turns":4},{"damage":24,"enemies":"Shelled Parasite and Fungi","floor":24,"turns":4},{"damage":21,"enemies":"Slavers","floor":28,"turns":1}],"seed_played":"-3593637805670347864","potions_obtained":[{"floor":4,"key":"BlessingOfTheForge"},{"floor":8,"key":"SneckoOil"},{"floor":11,"key":"Fire Potion"},{"floor":20,"key":"Explosive Potion"}],"is_trial":false,"path_per_floor":["M","M","M","M","M","R","?","M","T","M","M","R","E","M","R","B",null,"M","?","M","M","M","R","M","R","T","?","E"],"character_chosen":"DEFECT","items_purchased":[],"campfire_rested":3,"item_purchase_floors":[],"current_hp_per_floor":[64,56,45,34,22,22,22,22,22,9,9,30,25,25,25,4,54,54,54,54,11,11,32,8,29,29,8,0,0],"gold":273,"neow_bonus":"REMOVE_TWO","is_daily":false,"chose_seed":false,"campfire_upgraded":2,"win_rate":0.0,"timestamp":1609157303,"path_taken":["M","M","M","M","M","R","?","?","T","M","M","R","E","M","R","BOSS","M","?","M","M","M","R","M","R","T","?","E"],"items_purchased_type":[],"build_version":"2020-12-22","purchased_purges":0,"victory":false,"max_hp_per_floor":[71,71,71,71,71,71,71,71,71,71,71,71,71,71,71,71,71,71,71,71,71,71,71,71,71,71,71,71,71],"card_choices":[{"not_picked":["Leap","Redo"],"picked":"Rebound","floor":1},{"not_picked":["Beam Cell","Stack"],"picked":"Sweeping Beam","floor":2},{"not_picked":["Self Repair","Machine Learning"],"picked":"Doom and Gloom","floor":3},{"not_picked":["Skim","Streamline","Tempest"],"picked":"SKIP","floor":4},{"not_picked":["Leap","FTL"],"picked":"Glacier","floor":5},{"not_picked":["Blizzard","Rebound"],"picked":"Conserve Battery","floor":8},{"not_picked":["Beam Cell","Stack","Glacier"],"picked":"SKIP","floor":10},{"not_picked":["Compile Driver","Steam Power"],"picked":"Turbo","floor":11},{"not_picked":["Stack","Leap"],"picked":"Defragment","floor":13},{"not_picked":["Recycle","Beam Cell"],"picked":"Ball Lightning","floor":14},{"not_picked":["Creative AI","Rainbow"],"picked":"Multi-Cast","floor":16},{"not_picked":["Recycle","Barrage"],"picked":"Streamline","floor":18},{"not_picked":["Chaos","Leap+1","Rebound"],"picked":"SKIP","floor":20},{"not_picked":["Sunder","Stack","Redo"],"picked":"SKIP","floor":21},{"not_picked":["Static Discharge","Ball Lightning"],"picked":"Cold Snap+1","floor":22},{"not_picked":["Sweeping Beam","Rebound"],"picked":"Self Repair+1","floor":24}],"player_experience":1058155,"relics_obtained":[{"floor":9,"key":"FossilizedHelix"},{"floor":13,"key":"Ornamental Fan"},{"floor":26,"key":"Juzu Bracelet"},{"floor":27,"key":"Enchiridion"}],"event_choices":[{"cards_removed":["Strike_B"],"damage_healed":0,"gold_gain":0,"player_choice":"Card Removal","damage_taken":0,"max_hp_gain":0,"max_hp_loss":0,"event_name":"Wheel of Change","floor":7,"gold_loss":0},{"damage_healed":0,"gold_gain":0,"player_choice":"Obtained Relic","damage_taken":0,"relics_obtained":["CaptainsWheel"],"max_hp_gain":0,"max_hp_loss":0,"event_name":"Addict","floor":19,"gold_loss":85},{"damage_healed":0,"gold_gain":0,"player_choice":"Obtained Book","damage_taken":21,"max_hp_gain":0,"max_hp_loss":0,"event_name":"Cursed Tome","floor":27,"gold_loss":0}],"is_beta":false,"boss_relics":[{"not_picked":["Busted Crown","Coffee Dripper"],"picked":"Snecko Eye"}],"items_purged_floors":[],"is_endless":false,"potions_floor_spawned":[4,8,11,13,14,20],"killed_by":"Slavers","ascension_level":16}}