{"host":"dd2mx3pm3ovi0t1n","time":1609119615,"event":{"mods":["2.2 Compatiblity","AchievementEnabler","Aspiration","BaseMod","Beaked The Cultist","Better Altar","Better Match","Better Note","Better Sensory Stone","Better Skull","Better Third Choice","BetterRewards","Colored Map","Colored Powertips","Conspire","Defuse TimeMaze Blight","Downfall","Energized Spire","Friendly Minions","GifTheSpireLib","Halation","Highlight Path","HololiveMod","Hubris","Infinite Spire","Jedi Mod","Minty Spire (QoL Compilation)","Permanent Neow","Quick Restart","Replay The Spire","Shop Mod","Spicy Shops","Spikes Relics","StSLib","Stuff the Spire","TestMod","The Construct","The Disciple","Wandering Minibosses","vexMod","????"],"gold_per_floor":[116,116,136,148,161,161,195,195,222,254,315,315,335,350,350,448,448,448,448],"floor_reached":18,"playtime":704,"items_purged":[],"score":180,"play_id":"ecf49532-615d-4fc4-b16b-7cb36d163ca8","local_time":"20201227174015","is_ascension_mode":true,"campfire_choices":[{"data":"jedi:reiji","floor":6,"key":"SMITH"},{"data":"Zap","floor":8,"key":"SMITH"},{"floor":12,"key":"REST"},{"floor":15,"key":"REST"}],"circlet_count":0,"master_deck":["Strike_B","Strike_B","Strike_B","Strike_B","Defend_B+1","Defend_B+1","Defend_B","Defend_B","Zap+1","Dualcast","SwitchConfidence","jedi:reiji+1","Gash","Gash","FIFO Queue","Conserve Battery"],"relics":["Cracked Core","testmod-TestBox","testmod-HeartOfStrike","construct:WeddingRing","Spirit Poop","testmod-Alchemist","RollingBoulder","War Paint","jedi:superconductor","vexMod:MysteryBossChallenge","HangingClock","Prayer Wheel"],"acts_visited":["Exordium","TheCity"],"potions_floor_usage":[7,10,16],"damage_taken":[{"damage":0.0,"enemies":"conspire:RoseBush","floor":1.0,"turns":1.0},{"damage":0,"enemies":"infinitespire:Voidling","floor":3,"turns":1},{"damage":0,"enemies":"2 Louse","floor":4,"turns":2},{"damage":20,"enemies":"conspire:2 RoseBushes","floor":5,"turns":6},{"damage":2,"enemies":"Lagavulin","floor":7,"turns":3},{"damage":17,"enemies":"3 Sentries","floor":10,"turns":5},{"damage":10,"enemies":"Looter","floor":13,"turns":2},{"damage":0,"enemies":"Red Slaver","floor":14,"turns":2},{"damage":17,"enemies":"Hexaghost","floor":16,"turns":7},{"damage":84,"enemies":"conspire:FuzzyDice","floor":18,"turns":5}],"seed_played":"-4988296538955761867","potions_obtained":[{"floor":1.0,"key":"Block Potion"},{"floor":7,"key":"Weak Potion"},{"floor":11,"key":"DistilledChaos"},{"floor":13,"key":"Explosive Potion"}],"is_trial":false,"path_per_floor":["M","?","M","M","M","R","E","R","T","E","?","R","M","M","R","B",null,"M"],"character_chosen":"DEFECT","items_purchased":[],"campfire_rested":2,"item_purchase_floors":[],"current_hp_per_floor":[75,75,75,75,55,55,53,53,53,36,6,28,18,18,40,23,75,0,0],"gold":448,"neow_bonus":"CURSED_BOSS_RELIC","is_daily":false,"chose_seed":false,"campfire_upgraded":2,"win_rate":0.0,"timestamp":1609119615,"path_taken":["M","?","?","M","M","R","E","R","T","E","?","R","M","M","R","BOSS","M"],"items_purchased_type":[],"build_version":"2020-12-22","purchased_purges":0,"victory":false,"max_hp_per_floor":[75,75,75,75,75,75,75,75,75,75,75,75,75,75,75,75,75,75,75],"card_choices":[{"not_picked":["Streamline","DiskWipe"],"picked":"jedi:reiji","floor":1.0},{"not_picked":["Streamline","jedi:blockon"],"picked":"Gash","floor":3},{"not_picked":["Sweeping Beam","Skim","Leap"],"picked":"SKIP","floor":4},{"not_picked":["ReplayRNGCard","Coolheaded"],"picked":"Gash","floor":5},{"not_picked":["ReplayTheSpireMod:System Scan","Force Field","jedi:blockon"],"picked":"SKIP","floor":7},{"not_picked":["ReplaySolidLightProjector","Rebound"],"picked":"FIFO Queue","floor":10},{"not_picked":["FIFO Queue","DiskWipe"],"picked":"Conserve Battery","floor":11},{"not_picked":["Rebound","Steam Power","jedi:blockon"],"picked":"SKIP","floor":13},{"not_picked":["jedi:BurstLightning","Compile Driver","Leap"],"picked":"SKIP","floor":14},{"not_picked":["jedi:darknesscall","Core Surge"],"picked":"ReplayTheSpireMod:Fabricate Wheel","floor":16}],"player_experience":451276,"relics_obtained":[{"floor":7,"key":"testmod-Alchemist"},{"floor":9,"key":"RollingBoulder"},{"floor":10,"key":"War Paint"},{"floor":11,"key":"jedi:superconductor"}],"event_choices":[{"cards_removed":["Regret"],"damage_healed":0.0,"max_hp_gain":0.0,"max_hp_loss":0.0,"gold_gain":0.0,"event_name":"Bonfire Elementals","player_choice":"Offered Curse","floor":2.0,"gold_loss":0.0,"damage_taken":0.0,"relics_obtained":["Spirit Poop"]}],"is_beta":false,"boss_relics":[{"not_picked":["Velvet Choker","Replay:Bronze Core"],"picked":"vexMod:MysteryBossChallenge"}],"items_purged_floors":[],"is_endless":false,"potions_floor_spawned":[1,7,13],"killed_by":"conspire:FuzzyDice","ascension_level":1}}