{"host":"6hzrz31j95f2y1pa","time":1609125550,"event":{"mods":["BaseMod","Colored Map","Downfall","Minty Spire (QoL Compilation)","StSLib"],"gold_per_floor":[99,119,119,132,142,175,175,175,175,275,310,73,107,137,150,247,247,97,110,121,421,437,464,464,479,498,529,109,126,51,70,89,193,193,193,210,225,239,45,57,57,57,57,70,70,100,100,147,165,165,165,191,48,48,48],"floor_reached":56,"playtime":3700,"items_purged":["hexamod:Strike","hexamod:Strike","hexamod:Defend"],"score":1313,"play_id":"13d18ac5-86f1-49c2-ab92-54f8a2e4c7f6","local_time":"20201227221910","is_ascension_mode":true,"campfire_choices":[{"floor":1,"key":"RECALL"},{"floor":18,"key":"REST"},{"floor":30,"key":"REST"},{"floor":35,"key":"REST"},{"floor":43,"key":"REST"},{"floor":47,"key":"REST"},{"floor":54,"key":"REST"}],"circlet_count":0,"master_deck":["hexamod:Strike","hexamod:Strike","hexamod:Defend","hexamod:Defend+1","hexamod:Defend+1","hexamod:Sear","hexamod:Float+1","hexamod:HauntingEcho","hexamod:GhostOfSpirePast","hexamod:FastForward","hexamod:HauntingEcho","hexamod:ExtraCrispy","hexamod:StepThrough","hexamod:RainOfEmbers+1","hexamod:HauntingEcho","hexamod:WildfireWeapon","hexamod:Rewind","hexamod:SpectralAdrenaline","hexamod:ThermalTransfer+1","Panache","hexamod:HexaLevel+1","hexamod:HeatShield","hexamod:FastForward+1","hexamod:GhostOfSpirePast"],"relics":["hexamod:SpiritBrand","Incense Burner","Bird Faced Urn","Pantograph","TungstenRod","Mango","Fusion Hammer","downfall:HeartBlessingRed","downfall:HeartBlessingGreen","Old Coin","hexamod:MatchstickCase","Matryoshka","HandDrill","downfall:HeartBlessingBlue","Sozu","Mummified Hand","champ:Barbells","Ancient Tea Set","Toy Ornithopter","PreservedInsect","HornCleat","Anchor","Vajra","War Paint"],"acts_visited":["Exordium","TheCity","TheBeyond","TheEnding"],"potions_floor_usage":[19,27,28,33,33,33,33,38,55],"damage_taken":[{"damage":1,"enemies":"Jaw Worm","floor":2,"turns":3},{"damage":0,"enemies":"Small Slimes","floor":4,"turns":3},{"damage":1,"enemies":"2 Louse","floor":5,"turns":2},{"damage":14,"enemies":"3 Sentries","floor":6,"turns":8},{"damage":9,"enemies":"Gremlin Nob","floor":11,"turns":4},{"damage":0,"enemies":"downfall:FleeingMerchant","floor":12,"turns":4},{"damage":23,"enemies":"3 Sentries","floor":13,"turns":12},{"damage":0,"enemies":"Blue Slaver","floor":15,"turns":3},{"damage":19,"enemies":"downfall:Watcher","floor":16,"turns":7},{"damage":5,"enemies":"Spheric Guardian","floor":19,"turns":4},{"damage":0,"enemies":"Shell Parasite","floor":20,"turns":3},{"damage":3,"enemies":"Cultist and Chosen","floor":22,"turns":6},{"damage":10,"enemies":"Book of Stabbing","floor":23,"turns":5},{"damage":4,"enemies":"Snake Plant","floor":25,"turns":3},{"damage":12,"enemies":"Centurion and Healer","floor":26,"turns":4},{"damage":12,"enemies":"Gremlin Leader","floor":27,"turns":6},{"damage":6,"enemies":"downfall:FleeingMerchant","floor":28,"turns":4},{"damage":0,"enemies":"Shelled Parasite and Fungi","floor":29,"turns":3},{"damage":1,"enemies":"Snecko","floor":31,"turns":4},{"damage":6,"enemies":"Chosen and Byrds","floor":32,"turns":5},{"damage":3,"enemies":"downfall:Defect","floor":33,"turns":6},{"damage":12,"enemies":"3 Darklings","floor":36,"turns":4},{"damage":0,"enemies":"3 Shapes","floor":37,"turns":4},{"damage":5,"enemies":"Transient","floor":38,"turns":5},{"damage":6,"enemies":"downfall:FleeingMerchant","floor":39,"turns":3},{"damage":14,"enemies":"4 Shapes","floor":40,"turns":7},{"damage":13,"enemies":"Writhing Mass","floor":44,"turns":6},{"damage":42,"enemies":"Nemesis","floor":46,"turns":7},{"damage":0,"enemies":"Transient","floor":49,"turns":5},{"damage":4,"enemies":"downfall:Ironclad","floor":50,"turns":6},{"damage":16,"enemies":"downfall:CharBossMerchant","floor":52,"turns":6},{"damage":53,"enemies":"downfall:NeowBoss","floor":55,"turns":23}],"seed_played":"-9152899717309916089","potions_obtained":[{"floor":2,"key":"Weak Potion"},{"floor":13,"key":"Ancient Potion"},{"floor":16,"key":"Weak Potion"},{"floor":19,"key":"Fruit Juice"},{"floor":22,"key":"LiquidMemories"},{"floor":27,"key":"EntropicBrew"},{"floor":29,"key":"DistilledChaos"},{"floor":33,"key":"Weak Potion"}],"is_trial":false,"path_per_floor":["R","M","?","M","M","E","T","?","?","?","E","$","E","?","M","B",null,"R","M","M","?","M","E","T","M","M","E","$","M","R","M","M","B",null,"R","M","M","M","$","M","T","?","R","M","?","E","R","?","M","B",null,"E","$","R","B",null],"character_chosen":"THE_SPIRIT","items_purchased":["hexamod:ExtraCrispy","hexamod:StepThrough","Panache","HandDrill","Mummified Hand","champ:Barbells","War Paint"],"campfire_rested":6,"item_purchase_floors":[12,12,28,28,39,39,53],"current_hp_per_floor":[70,69,69,69,68,54,54,51,56,56,49,51,46,46,46,56,89,89,89,91,91,94,86,86,88,82,76,74,80,104,104,98,101,104,104,92,100,99,98,94,94,94,104,93,93,63,94,94,104,100,104,90,90,104,58],"gold":48,"neow_bonus":"UPGRADE_CARD","is_daily":false,"chose_seed":false,"campfire_upgraded":0,"win_rate":0.0,"timestamp":1609125550,"path_taken":["R","M","?","M","M","E","T","?","?","?","E","?","E","?","M","BOSS","R","M","M","?","M","E","T","M","M","E","$","M","R","M","M","BOSS","R","M","M","M","$","M","T","?","R","M","?","E","R","?","M","BOSS","E","$","R","BOSS"],"items_purchased_type":["Card","Card","Card","Relic","Relic","Relic","Relic"],"build_version":"2020-12-22","purchased_purges":3,"victory":true,"max_hp_per_floor":[70,70,70,70,70,70,70,70,75,75,75,75,89,89,89,89,89,89,94,94,94,94,94,94,94,94,94,94,94,104,104,104,104,104,104,104,104,104,104,104,104,104,104,104,104,104,104,104,104,104,104,104,104,104,104],"card_choices":[{"not_picked":["hexamod:InspiringFlames","hexamod:SuperheatedStrike"],"picked":"hexamod:HauntingEcho","floor":2},{"not_picked":["hexamod:Firestarter","hexamod:GhostShield"],"picked":"hexamod:GhostOfSpirePast","floor":4},{"not_picked":["hexamod:NightmareStrike","hexamod:GhostOfSpirePresent","hexamod:PhantomCloak"],"picked":"SKIP","floor":5},{"not_picked":["hexamod:Incineration","hexamod:ThermalTransfer"],"picked":"hexamod:FastForward","floor":6},{"not_picked":["hexamod:EtherealExpedition","hexamod:PhantomFireball","hexamod:FourthSeal"],"picked":"SKIP","floor":11},{"not_picked":["hexamod:RecurringNightmare","hexamod:ThirdSeal"],"picked":"hexamod:HauntingEcho","floor":12},{"not_picked":["hexamod:InspiringFlames","hexamod:NightmareGuise"],"picked":"hexamod:RainOfEmbers","floor":13},{"not_picked":["hexamod:NightmareStrike","hexamod:HeatCrush"],"picked":"hexamod:HauntingEcho","floor":15},{"not_picked":["hexamod:UnleashSpirits","hexamod:CrushingStance"],"picked":"hexamod:WildfireWeapon","floor":16},{"not_picked":["hexamod:BurningTouch","hexamod:AdvancingGuard"],"picked":"hexamod:Rewind","floor":19},{"not_picked":["hexamod:EtherealExpedition","hexamod:AdvancingGuard"],"picked":"hexamod:SpectralAdrenaline","floor":20},{"not_picked":["hexamod:HauntingEcho","hexamod:BurningTouch"],"picked":"hexamod:ThermalTransfer+1","floor":22},{"not_picked":["hexamod:NightmareStrike","hexamod:ThirdSeal","hexamod:GhostShield"],"picked":"SKIP","floor":23},{"not_picked":["hexamod:ChargedBarrage+1","hexamod:SwordOfDarkness+1","hexamod:PhantomCloak"],"picked":"SKIP","floor":25},{"not_picked":["hexamod:SpectralAdrenaline","hexamod:HeatMetal","hexamod:SecondSeal"],"picked":"SKIP","floor":26},{"not_picked":["hexamod:SpectralAdrenaline","hexamod:SuperheatedStrike+1","hexamod:RetreatToShadows"],"picked":"SKIP","floor":27},{"not_picked":["hexamod:FifthSeal","hexamod:ThermalTransfer","hexamod:VolcanoVisage"],"picked":"SKIP","floor":28},{"not_picked":["hexamod:FirstSeal","hexamod:InspiringFlames","hexamod:ShieldOfDarkness"],"picked":"SKIP","floor":29},{"not_picked":["hexamod:ShieldOfDarkness+1","hexamod:Firestarter+1","hexamod:SpectralAdrenaline"],"picked":"SKIP","floor":31},{"not_picked":["hexamod:NecessarySacrifice+1","hexamod:FastForward","hexamod:FourthSeal"],"picked":"SKIP","floor":32},{"not_picked":["hexamod:EmpoweringStance","hexamod:UnlimitedPower"],"picked":"hexamod:HexaLevel","floor":33},{"not_picked":["hexamod:InspiringFlames+1","hexamod:FirstSeal"],"picked":"hexamod:HeatShield","floor":36},{"not_picked":["hexamod:AdvancingGuard","hexamod:BurningTouch","hexamod:GhostShield"],"picked":"SKIP","floor":37},{"not_picked":["hexamod:AdvancingGuard+1","hexamod:Hexaguard"],"picked":"hexamod:FastForward","floor":38},{"not_picked":["hexamod:ExtraCrispy","hexamod:ShieldOfDarkness","hexamod:Haunt"],"picked":"SKIP","floor":39},{"not_picked":["hexamod:ThirdSeal","hexamod:RainOfEmbers+1","hexamod:SecondSeal"],"picked":"SKIP","floor":40},{"not_picked":["hexamod:SoulSteal+1","hexamod:Haunt"],"picked":"hexamod:GhostOfSpirePast","floor":44},{"not_picked":["hexamod:SuperheatedStrike+1","hexamod:FastForward","hexamod:SoulSteal+1"],"picked":"SKIP","floor":46},{"not_picked":["hexamod:FlamesFromBeyond","hexamod:Firestarter+1","hexamod:ShieldOfDarkness+1"],"picked":"SKIP","floor":49},{"not_picked":["hexamod:HauntingEcho","hexamod:PhantomFireball","hexamod:Firestarter+1"],"picked":"SKIP","floor":52}],"player_experience":1254495,"relics_obtained":[{"floor":6,"key":"Incense Burner"},{"floor":7,"key":"Bird Faced Urn"},{"floor":11,"key":"TungstenRod"},{"floor":13,"key":"Mango"},{"floor":23,"key":"hexamod:MatchstickCase"},{"floor":27,"key":"Matryoshka"},{"floor":41,"key":"Ancient Tea Set"},{"floor":41,"key":"Toy Ornithopter"},{"floor":46,"key":"PreservedInsect"},{"floor":48,"key":"HornCleat"},{"floor":48,"key":"Anchor"},{"floor":52,"key":"Vajra"}],"event_choices":[{"damage_healed":0,"gold_gain":0,"player_choice":"Success","damage_taken":3,"relics_obtained":["Pantograph"],"max_hp_gain":0,"max_hp_loss":0,"event_name":"Scrap Ooze","floor":8,"gold_loss":0},{"damage_healed":0,"gold_gain":0,"player_choice":"Donut","damage_taken":0,"max_hp_gain":5,"max_hp_loss":0,"event_name":"Big Fish","floor":9,"gold_loss":0},{"damage_healed":0,"gold_gain":0,"player_choice":"Ignored","damage_taken":0,"max_hp_gain":0,"max_hp_loss":0,"event_name":"Mysterious Sphere","floor":42,"gold_loss":0}],"is_beta":false,"boss_relics":[{"not_picked":["Busted Crown","Tiny House"],"picked":"Fusion Hammer"},{"not_picked":["Velvet Choker","Black Star"],"picked":"Sozu"}],"items_purged_floors":[12,28,39],"is_endless":false,"potions_floor_spawned":[2,13,16,19,22,27,29,31,33,36,37,40,46,49,52],"ascension_level":1}}