{"host":"y3h3n3f7seyagppx","time":1609114779,"event":{"mods":["AlwaysNeverKeys","BaseMod","Better Vampires","Colored Powertips","DeckTracker","Emptier Cage","Minty Spire (QoL Compilation)","Permanent Neow","Quick Restart","Rare Cards Sparkle","Relic Sorter","Relic Stats","StSLib","Transform Curses"],"gold_per_floor":[111,124,140,140,10,38,38,72,72,98,55,55,55,68,68,142,142,154,28,46,60,77,77,94,129,129,164,197,197,213,86,86,163,163,183,233,250,269,288,315,331,356,356,376,410,410,435,435,435,435,435,435,435,100,133,133],"floor_reached":57,"playtime":6526,"items_purged":["Strike_R","Cleave"],"score":3054,"play_id":"33d7d249-f10b-493f-8984-3b219b59b5a3","local_time":"20201227191939","is_ascension_mode":true,"campfire_choices":[{"data":"Carnage","floor":7.0,"key":"SMITH"},{"data":"Whirlwind","floor":12.0,"key":"SMITH"},{"data":"Bash","floor":15.0,"key":"SMITH"},{"data":"Armaments","floor":23.0,"key":"SMITH"},{"floor":29,"key":"REST"},{"data":"Barricade","floor":32,"key":"SMITH"},{"data":"Anger","floor":46,"key":"PURGE"},{"data":"Impervious","floor":49,"key":"SMITH"},{"data":"Rupture","floor":53,"key":"PURGE"}],"circlet_count":0,"master_deck":["AscendersBane","Bash+1","Clothesline","Fire Breathing","Carnage+1","Exhume","Impervious+1","Barricade+1","Sword Boomerang","Entrench","Metallicize","Spot Weakness","Impervious","Entrench","Armaments+1","Body Slam","Burning Pact","Power Through","Evolve","Reaper","Flame Barrier","Shrug It Off+1","Demon Form"],"relics":["Burning Blood","NeowsBlessing","Unceasing Top","Gambling Chip","Strawberry","Pocketwatch","Champion Belt","Pandora\u0027s Box","Red Skull","HornCleat","Bottled Lightning","Red Mask","Snecko Eye","Dead Branch","Toy Ornithopter","The Courier","Paper Frog","Peace Pipe","Turnip","Centennial Puzzle","Pantograph","Art of War"],"acts_visited":["Exordium","TheCity","TheBeyond","TheEnding"],"potions_floor_usage":[25,36,55,56],"damage_taken":[{"damage":0.0,"enemies":"Cultist","floor":1.0,"turns":1.0},{"damage":0.0,"enemies":"Small Slimes","floor":2.0,"turns":2.0},{"damage":0.0,"enemies":"Jaw Worm","floor":3.0,"turns":1.0},{"damage":31.0,"enemies":"Gremlin Nob","floor":6.0,"turns":4.0},{"damage":20.0,"enemies":"3 Sentries","floor":8.0,"turns":4.0},{"damage":6.0,"enemies":"Gremlin Nob","floor":10.0,"turns":3.0},{"damage":3.0,"enemies":"Looter","floor":14.0,"turns":3.0},{"damage":0.0,"enemies":"Slime Boss","floor":16.0,"turns":5.0},{"damage":28.0,"enemies":"Shell Parasite","floor":18.0,"turns":5.0},{"damage":0.0,"enemies":"Spheric Guardian","floor":20.0,"turns":8.0},{"damage":2.0,"enemies":"Snake Plant","floor":21.0,"turns":5.0},{"damage":10.0,"enemies":"Sentry and Sphere","floor":22.0,"turns":5.0},{"damage":15.0,"enemies":"Snecko","floor":24.0,"turns":5.0},{"damage":42,"enemies":"Slavers","floor":25,"turns":5},{"damage":30,"enemies":"Book of Stabbing","floor":27,"turns":4},{"damage":2,"enemies":"Masked Bandits","floor":28,"turns":2},{"damage":0,"enemies":"Snake Plant","floor":30,"turns":6},{"damage":17,"enemies":"Champ","floor":33,"turns":7},{"damage":8,"enemies":"Orb Walker","floor":35,"turns":7},{"damage":0,"enemies":"2 Orb Walkers","floor":36,"turns":3},{"damage":0,"enemies":"3 Shapes","floor":37,"turns":4},{"damage":0,"enemies":"Writhing Mass","floor":38,"turns":5},{"damage":0,"enemies":"Sphere and 2 Shapes","floor":39,"turns":5},{"damage":0,"enemies":"Nemesis","floor":40,"turns":7},{"damage":0,"enemies":"Maw","floor":41,"turns":6},{"damage":9,"enemies":"Giant Head","floor":42,"turns":5},{"damage":6,"enemies":"3 Darklings","floor":44,"turns":6},{"damage":0,"enemies":"Nemesis","floor":45,"turns":9},{"damage":12,"enemies":"Mind Bloom Boss Battle","floor":47,"turns":10},{"damage":0,"enemies":"Time Eater","floor":50,"turns":5},{"damage":11,"enemies":"Donu and Deca","floor":51,"turns":12},{"damage":15,"enemies":"Shield and Spear","floor":55,"turns":4},{"damage":4,"enemies":"The Heart","floor":56,"turns":11}],"seed_played":"8041508843149263779","potions_obtained":[{"floor":3.0,"key":"Ancient Potion"},{"floor":6.0,"key":"Swift Potion"},{"floor":10.0,"key":"SteroidPotion"},{"floor":20.0,"key":"ElixirPotion"},{"floor":25,"key":"FairyPotion"},{"floor":27,"key":"CultistPotion"},{"floor":30,"key":"Explosive Potion"},{"floor":35,"key":"Swift Potion"},{"floor":36,"key":"HeartOfIron"},{"floor":37,"key":"GamblersBrew"}],"is_trial":false,"path_per_floor":["M","M","M","?","$","E","R","E","T","E","$","R","?","M","R","B",null,"M","$","M","M","M","R","M","E","T","E","?","R","M","$","R","B",null,"M","?","M","M","M","E","M","E","T","M","E","R","?","?","R","B","B",null,"R","$","E","B",null],"character_chosen":"IRONCLAD","items_purchased":["Explosive Potion","Whirlwind","Armaments","Power Through","Evolve","Centennial Puzzle","Pantograph"],"campfire_rested":1,"item_purchase_floors":[5,11,19,31,31,54,54],"current_hp_per_floor":[74,75,75,75,75,50,50,43,43,43,43,43,43,46,46,52,75,53,53,59,63,59,59,50,14,14,15,19,43,49,49,49,38,71,82,82,82,82,82,82,82,82,82,82,82,82,82,82,82,82,82,82,82,82,78,82],"gold":133,"neow_bonus":"THREE_ENEMY_KILL","is_daily":false,"chose_seed":false,"campfire_upgraded":6,"win_rate":0.0,"timestamp":1609114779,"path_taken":["M","M","?","?","$","E","R","E","T","E","?","R","?","M","R","BOSS","M","$","?","M","M","R","M","E","T","E","?","R","M","$","R","BOSS","M","?","M","M","M","E","M","E","T","M","E","R","?","?","R","BOSS","BOSS","R","$","E","BOSS"],"items_purchased_type":["Potion","Card","Card","Card","Card","Relic","Relic"],"build_version":"2020-12-22","purchased_purges":2,"victory":true,"max_hp_per_floor":[75,75,75,75,75,75,75,82,82,82,82,82,82,82,82,82,82,82,82,82,82,82,82,82,82,82,82,82,82,82,82,82,82,82,82,82,82,82,82,82,82,82,82,82,82,82,82,82,82,82,82,82,82,82,82,82],"relic_stats":{"counters":[33,174],"Dead Branch":[102],"Burning Blood":110,"Peace Pipe":2,"Centennial Puzzle":[6],"Gambling Chip":[129],"Pantograph":4,"Snecko Eye":[203,203,194,207],"Pandora\u0027s Box":["Sword Boomerang","Entrench","Metallicize","Spot Weakness","Cleave","Rupture","Impervious"],"Turnip":[4],"Art of War":[5],"Champion Belt":[20],"obtain_stats":[{"NeowsBlessing":0,"Dead Branch":36,"The Courier":42,"Burning Blood":0,"Peace Pipe":45,"Centennial Puzzle":54,"HornCleat":26,"Gambling Chip":6,"Strawberry":8,"Pantograph":54,"Snecko Eye":34,"Pandora\u0027s Box":17,"Turnip":47,"Red Mask":28,"Art of War":55,"Champion Belt":10,"Bottled Lightning":27,"Unceasing Top":4,"Red Skull":25,"Toy Ornithopter":40,"Pocketwatch":9,"Paper Frog":43},{"NeowsBlessing":0,"Dead Branch":20,"The Courier":26,"Burning Blood":0,"Peace Pipe":28,"Centennial Puzzle":31,"HornCleat":14,"Gambling Chip":4,"Strawberry":5,"Pantograph":31,"Snecko Eye":18,"Pandora\u0027s Box":8,"Turnip":29,"Red Mask":16,"Art of War":32,"Champion Belt":6,"Bottled Lightning":15,"Unceasing Top":3,"Red Skull":14,"Toy Ornithopter":24,"Pocketwatch":5,"Paper Frog":26},{"NeowsBlessing":0,"Dead Branch":85,"The Courier":117,"Burning Blood":0,"Peace Pipe":132,"Centennial Puzzle":159,"HornCleat":56,"Gambling Chip":8,"Strawberry":12,"Pantograph":159,"Snecko Eye":75,"Pandora\u0027s Box":23,"Turnip":142,"Red Mask":62,"Art of War":163,"Champion Belt":15,"Bottled Lightning":60,"Unceasing Top":4,"Red Skull":56,"Toy Ornithopter":106,"Pocketwatch":12,"Paper Frog":117}],"Unceasing Top":[0],"Toy Ornithopter":5,"Pocketwatch":[295]},"card_choices":[{"not_picked":["Rage","Perfected Strike"],"picked":"Clothesline","floor":1.0},{"not_picked":["Evolve","Armaments"],"picked":"Fire Breathing","floor":2.0},{"not_picked":["Anger","Body Slam"],"picked":"Carnage","floor":3.0},{"not_picked":["Inflame","Sever Soul"],"picked":"Exhume","floor":6.0},{"not_picked":["Iron Wave","Sword Boomerang","Warcry"],"picked":"SKIP","floor":8.0},{"not_picked":["Wild Strike","True Grit"],"picked":"Impervious","floor":10.0},{"not_picked":["Anger","Metallicize","Rage"],"picked":"SKIP","floor":14.0},{"not_picked":["Anger","Metallicize","Rage"],"picked":"SKIP","floor":14.0},{"not_picked":["Demon Form","Bludgeon"],"picked":"Barricade","floor":16.0},{"not_picked":["Clash","Twin Strike"],"picked":"Entrench","floor":18.0},{"not_picked":["Wild Strike","Dropkick","Perfected Strike"],"picked":"SKIP","floor":20.0},{"not_picked":["Rage+1","Wild Strike","Rampage"],"picked":"SKIP","floor":21.0},{"not_picked":["Headbutt","Perfected Strike","Sword Boomerang"],"picked":"SKIP","floor":22.0},{"not_picked":["Uppercut","Dual Wield","Flex+1"],"picked":"SKIP","floor":24.0},{"not_picked":["Intimidate","Sever Soul","Brutality"],"picked":"SKIP","floor":25},{"not_picked":["Sever Soul","Carnage","Perfected Strike"],"picked":"SKIP","floor":27},{"not_picked":["Perfected Strike+1","Sword Boomerang"],"picked":"Body Slam","floor":28},{"not_picked":["Rupture","Iron Wave"],"picked":"Burning Pact","floor":30},{"not_picked":["Immolate","Juggernaut"],"picked":"Reaper","floor":33},{"not_picked":["Iron Wave+1","Fire Breathing","Infernal Blade"],"picked":"SKIP","floor":35},{"not_picked":["Pommel Strike","Whirlwind"],"picked":"Flame Barrier","floor":36},{"not_picked":["Sword Boomerang","Perfected Strike+1","Whirlwind+1"],"picked":"SKIP","floor":37},{"not_picked":["Dual Wield","Armaments","Havoc"],"picked":"SKIP","floor":38},{"not_picked":["Seeing Red","Pommel Strike","Whirlwind+1"],"picked":"SKIP","floor":39},{"not_picked":["Perfected Strike","Iron Wave"],"picked":"Shrug It Off+1","floor":40},{"not_picked":["Flex","Wild Strike","Infernal Blade"],"picked":"SKIP","floor":41},{"not_picked":["Burning Pact","Feel No Pain"],"picked":"Demon Form","floor":42},{"not_picked":["Twin Strike+1","Fire Breathing","Cleave"],"picked":"SKIP","floor":44},{"not_picked":["Battle Trance","Combust+1","Dropkick"],"picked":"SKIP","floor":45},{"not_picked":["Battle Trance","Combust+1","Dropkick"],"picked":"SKIP","floor":45},{"not_picked":["Dropkick","Brutality","Thunderclap"],"picked":"SKIP","floor":55}],"player_experience":20145909,"relics_obtained":[{"floor":6.0,"key":"Gambling Chip"},{"floor":8.0,"key":"Strawberry"},{"floor":9.0,"key":"Pocketwatch"},{"floor":10.0,"key":"Champion Belt"},{"floor":25,"key":"Red Skull"},{"floor":26,"key":"HornCleat"},{"floor":27,"key":"Bottled Lightning"},{"floor":28,"key":"Red Mask"},{"floor":36,"key":"Dead Branch"},{"floor":40,"key":"Toy Ornithopter"},{"floor":42,"key":"The Courier"},{"floor":43,"key":"Paper Frog"},{"floor":45,"key":"Peace Pipe"},{"floor":47,"key":"Turnip"},{"floor":55,"key":"Art of War"}],"event_choices":[{"damage_healed":0.0,"max_hp_gain":0.0,"max_hp_loss":0.0,"gold_gain":0.0,"event_name":"WeMeetAgain","player_choice":"Gave Potion","floor":4.0,"gold_loss":0.0,"damage_taken":0.0,"relics_obtained":["Unceasing Top"]},{"damage_healed":0.0,"max_hp_gain":0.0,"max_hp_loss":0.0,"gold_gain":0.0,"cards_transformed":["Strike_R"],"event_name":"Transmorgrifier","player_choice":"Transformed","floor":13.0,"gold_loss":0.0,"damage_taken":0.0,"cards_obtained":["Anger"]},{"damage_healed":0,"gold_gain":0,"player_choice":"Fought Bandits","damage_taken":0,"max_hp_gain":0,"max_hp_loss":0,"event_name":"Masked Bandits","floor":28,"gold_loss":0},{"damage_healed":0,"gold_gain":0,"player_choice":"Fight","damage_taken":0,"max_hp_gain":0,"max_hp_loss":0,"event_name":"Mysterious Sphere","floor":36,"gold_loss":0},{"damage_healed":0,"gold_gain":0,"player_choice":"Fight","damage_taken":0,"max_hp_gain":0,"max_hp_loss":0,"event_name":"MindBloom","floor":47,"gold_loss":0},{"cards_removed":["Whirlwind"],"damage_healed":0,"gold_gain":0,"player_choice":"Removed Attack","damage_taken":0,"max_hp_gain":0,"max_hp_loss":0,"event_name":"Falling","floor":48,"gold_loss":0}],"is_beta":false,"boss_relics":[{"not_picked":["Runic Cube","Black Star"],"picked":"Pandora\u0027s Box"},{"not_picked":["Mark of Pain","Coffee Dripper"],"picked":"Snecko Eye"}],"items_purged_floors":[5,19],"is_endless":false,"potions_floor_spawned":[3,6,10,20,24,25,27,30,35,36,37,40,42,44],"ascension_level":20}}