{"host":"e48gchmu8shm63ip","time":1609116487,"event":{"mods":["Abigail Mod","AchievementEnabler","Act Like it!","Bartender","BaseMod","Better Match","Better Note","Better Vampires","CapriCore","DeckTracker","Exacting","Fireblade Mod","Gensokyo","Googly Eyes","Hallownest","Hermit","HololiveMod","Infinite Spire","Jorbs\u0027s Wanderer Trilogy","Koishi","Marisa????????","Minty Spire (QoL Compilation)","Railgun Mod","Rare Cards Sparkle","Relic Filter","Robot Space Explorer","Shade Mod","StSLib","The Animator","The Caster","The Construct","The Death Knight","The Dragon Tamer","The Forsaken","The Immortal","The Judge","The Marked","The Poker Player","The Servant 0.9.4","TheFirefly","TheLocksmith","TheSwordswoman","Waifu the Spire"],"gold_per_floor":[124,124,137,69,69,69,95,95,122,149,159,174,14,27,27,131,131,174,249,249,249,282,282,313,326,402,402,402,402],"floor_reached":28,"playtime":1389,"items_purged":[],"score":263,"play_id":"65aba572-8600-4cd4-9cd0-4c726025af89","local_time":"20201228014807","is_ascension_mode":false,"campfire_choices":[{"data":"animator:AcuraShin","floor":6,"key":"SMITH"},{"floor":8,"key":"REST"},{"floor":15,"key":"REST"},{"floor":23,"key":"REST"}],"circlet_count":0,"master_deck":["animator:Strike_HitsugiNoChaika","animator:Defend_HitsugiNoChaika","animator:Strike","animator:Strike","animator:Defend","animator:Defend","animator:Defend","animator:AcuraAkari","animator:Gillette","animator:TukaLunaMarceau","animator:AcuraShin+1","animator:Genos","animator:YaoHaDucy","animator:AcuraTooru","animator:Albedo","animator:IzunaHatsuse","animator:ChaikaTrabant","animator:Layla","animator:Albedo","animator:TukaLunaMarceau+1","animator:NarberalGamma"],"relics":["animator:VividPicture","animator:TheMissingPiece","Paper Crane","Boot","Mercury Hourglass","infinitespire:BottledMercury"],"acts_visited":["Exordium","TheCity"],"potions_floor_usage":[1],"damage_taken":[{"damage":8,"enemies":"2 Louse","floor":1,"turns":3},{"damage":0,"enemies":"Cultist","floor":3,"turns":3},{"damage":32,"enemies":"Gremlin Nob","floor":7,"turns":4},{"damage":4,"enemies":"Jaw Worm","floor":10,"turns":3},{"damage":3,"enemies":"Looter","floor":11,"turns":2},{"damage":2,"enemies":"2 Fungi Beasts","floor":12,"turns":2},{"damage":15,"enemies":"Exordium Wildlife","floor":14,"turns":3},{"damage":20,"enemies":"Slime Boss","floor":16,"turns":9},{"damage":3,"enemies":"3 Byrds","floor":18,"turns":4},{"damage":23,"enemies":"2 Thieves","floor":22,"turns":3},{"damage":33,"enemies":"Book of Stabbing","floor":24,"turns":7},{"damage":13,"enemies":"Snecko","floor":25,"turns":5},{"damage":12,"enemies":"3 Cultists","floor":28,"turns":3}],"seed_played":"4418766084215482946","potions_obtained":[{"floor":1,"key":"Fruit Juice"},{"floor":3,"key":"PowerPotion"},{"floor":10,"key":"construct:ShiftPotion"},{"floor":11,"key":"SteroidPotion"}],"is_trial":false,"path_per_floor":["M","?","M","$","?","R","E","R","T","M","M","M","$","M","R","B",null,"M","?","?","?","M","R","E","M","T","?","M"],"character_chosen":"THE_ANIMATOR","items_purchased":["animator:AcuraShin","animator:Albedo"],"campfire_rested":3,"item_purchase_floors":[4,13],"current_hp_per_floor":[69,69,69,69,69,69,37,60,60,56,53,62,62,47,70,51,78,75,68,68,68,45,68,35,22,22,7,0,0],"gold":402,"neow_bonus":"TEN_PERCENT_HP_BONUS","is_daily":false,"chose_seed":false,"campfire_upgraded":1,"win_rate":0.0,"timestamp":1609116487,"path_taken":["M","?","M","$","?","R","E","R","T","M","M","?","$","M","R","BOSS","M","?","?","?","?","R","E","M","T","?","M"],"items_purchased_type":["Card","Card"],"build_version":"2020-12-22","purchased_purges":0,"victory":false,"max_hp_per_floor":[77,77,77,77,77,77,77,77,77,77,77,77,77,77,77,78,78,78,78,78,78,78,78,78,78,78,83,83,83],"card_choices":[{"not_picked":["animator:Demiurge","animator:Tatsumaki","animator:Genos"],"picked":"SKIP","floor":1},{"not_picked":["animator:Jibril","animator:Melzalgald"],"picked":"animator:TukaLunaMarceau","floor":3},{"not_picked":["animator:Guy","animator:Demiurge"],"picked":"animator:YaoHaDucy","floor":7},{"not_picked":["animator:ChaikaBohdan","animator:Guy"],"picked":"animator:AcuraTooru","floor":10},{"not_picked":["animator:OrikoMikuni","animator:Vanir","animator:DolaCouronne"],"picked":"SKIP","floor":11},{"not_picked":["animator:Kuribayashi","animator:Arpeggio","animator:RoryMercury"],"picked":"SKIP","floor":12},{"not_picked":["animator:Eris","animator:Demiurge"],"picked":"animator:IzunaHatsuse","floor":14},{"not_picked":["animator:MadokaKaname","animator:Eris"],"picked":"animator:ChaikaTrabant","floor":16},{"not_picked":["animator:Guy","animator:Viivi"],"picked":"animator:Layla","floor":18},{"not_picked":["animator:Tatsumaki","animator:Guy"],"picked":"animator:TukaLunaMarceau+1","floor":22},{"not_picked":["animator:KyokoSakura","animator:RoryMercury"],"picked":"animator:NarberalGamma","floor":24},{"not_picked":["animator:SuzuneAmano+1","animator:Demiurge+1","animator:Geryuganshoop"],"picked":"SKIP","floor":25}],"player_experience":602258,"relics_obtained":[{"floor":7,"key":"Paper Crane"},{"floor":9,"key":"Boot"},{"floor":24,"key":"Mercury Hourglass"},{"floor":26,"key":"infinitespire:BottledMercury"}],"event_choices":[{"damage_healed":0,"gold_gain":0,"cards_transformed":["animator:Strike"],"player_choice":"Transformed","damage_taken":0,"max_hp_gain":0,"max_hp_loss":0,"event_name":"Transmorgrifier","floor":5,"gold_loss":0,"cards_obtained":["animator:Genos"]},{"damage_healed":0,"gold_gain":75,"player_choice":"Touch","damage_taken":7,"max_hp_gain":0,"max_hp_loss":0,"event_name":"FaceTrader","floor":19,"gold_loss":0},{"damage_healed":0,"gold_gain":0,"player_choice":"Copied","damage_taken":0,"max_hp_gain":0,"max_hp_loss":0,"event_name":"Duplicator","floor":20,"gold_loss":0,"cards_obtained":["animator:Albedo"]},{"damage_healed":0,"gold_gain":0,"player_choice":"Ignored","damage_taken":0,"max_hp_gain":0,"max_hp_loss":0,"event_name":"betterNote:BetterNote","floor":21,"gold_loss":0,"cards_obtained":["Iron Wave"]},{"damage_healed":0,"gold_gain":0,"player_choice":"Shed Blood","damage_taken":20,"max_hp_gain":5,"max_hp_loss":0,"event_name":"Forgotten Altar","floor":27,"gold_loss":0}],"is_beta":false,"boss_relics":[{"not_picked":["Velvet Choker","construct:ClawGrip"],"picked":"animator:VividPicture"}],"items_purged_floors":[],"is_endless":false,"potions_floor_spawned":[1,10,11,14,18,25],"killed_by":"3 Cultists","ascension_level":0}}