{"host":"y7sd46uq4xlni546","time":1609182603,"event":{"mods":["AchievementEnabler","BaseMod","Colored Map","Colored Powertips","Curses Come First","Filter the Spire","Minty Spire (QoL Compilation)","Quick Restart","Random Character Button","Rare Cards Sparkle","StSLib"],"gold_per_floor":[112,112,88,107,107,107,141,151,174,187,202,202,221,247,247,349,349,365,365,385,399,82,108,108,136,136,51,61,71,71,100,100,200,200,216,71,71,0,0,30,30,65,112,112,130,162,175,195,195,195],"floor_reached":51,"playtime":2379,"items_purged":["Strike_R"],"score":1076,"play_id":"36c5fe5a-9548-44d2-a86d-1852128971e3","local_time":"20201228201003","is_ascension_mode":true,"campfire_choices":[{"data":"Cleave","floor":6.0,"key":"SMITH"},{"floor":12.0,"key":"REST"},{"floor":15.0,"key":"REST"},{"floor":24.0,"key":"REST"},{"floor":30.0,"key":"REST"},{"floor":32.0,"key":"REST"},{"floor":41.0,"key":"REST"},{"floor":49,"key":"REST"}],"circlet_count":0,"master_deck":["Strike_R","Strike_R","Defend_R","Defend_R","Defend_R","Bash+1","Clothesline","Cleave+1","Headbutt","Shrug It Off","Body Slam","Body Slam","Flame Barrier","Rampage","Immolate+1","Headbutt+1","Armaments+1","Bloodletting+1","Spot Weakness","Cleave+1","Spot Weakness","Warcry","Immolate","Juggernaut","True Grit+1","Rampage+1","Disarm+1","Sever Soul+1","Metallicize","Infernal Blade","Doubt","Heavy Blade+1","Impervious","Havoc+1","Parasite","Shrug It Off+1"],"relics":["Black Star","Potion Belt","Happy Flower","Oddly Smooth Stone","Juzu Bracelet","Vajra","Philosopher\u0027s Stone","Bottled Flame","Ornamental Fan","Red Skull","Bird Faced Urn","Strawberry","Mercury Hourglass","PreservedInsect","Self Forming Clay","Lantern","Astrolabe","Anchor","Red Mask","Eternal Feather","The Courier","Kunai","Question Card","Regal Pillow","Frozen Egg 2","Orichalcum"],"acts_visited":["Exordium","TheCity","TheBeyond"],"potions_floor_usage":[47,47,50,50],"damage_taken":[{"damage":9.0,"enemies":"2 Louse","floor":1.0,"turns":4.0},{"damage":4.0,"enemies":"Jaw Worm","floor":4.0,"turns":4.0},{"damage":40.0,"enemies":"3 Sentries","floor":7.0,"turns":7.0},{"damage":0.0,"enemies":"Cultist","floor":8.0,"turns":3.0},{"damage":3.0,"enemies":"Red Slaver","floor":10.0,"turns":3.0},{"damage":5.0,"enemies":"Looter","floor":11.0,"turns":3.0},{"damage":0.0,"enemies":"Large Slime","floor":13.0,"turns":5.0},{"damage":22.0,"enemies":"Gremlin Nob","floor":14.0,"turns":4.0},{"damage":37.0,"enemies":"Hexaghost","floor":16.0,"turns":8.0},{"damage":6.0,"enemies":"Spheric Guardian","floor":18.0,"turns":3.0},{"damage":9.0,"enemies":"2 Thieves","floor":20.0,"turns":2.0},{"damage":30.0,"enemies":"Sentry and Sphere","floor":21.0,"turns":4.0},{"damage":3.0,"enemies":"Gremlin Leader","floor":23.0,"turns":3.0},{"damage":30.0,"enemies":"Book of Stabbing","floor":25.0,"turns":4.0},{"damage":20.0,"enemies":"Snake Plant","floor":28.0,"turns":2.0},{"damage":4.0,"enemies":"Cultist and Chosen","floor":29.0,"turns":2.0},{"damage":0.0,"enemies":"Slavers","floor":31.0,"turns":1.0},{"damage":65.0,"enemies":"Automaton","floor":33.0,"turns":9.0},{"damage":4.0,"enemies":"3 Shapes","floor":35.0,"turns":2.0},{"damage":69.0,"enemies":"Nemesis","floor":40.0,"turns":5.0},{"damage":52.0,"enemies":"Giant Head","floor":42.0,"turns":8.0},{"damage":1.0,"enemies":"3 Darklings","floor":45.0,"turns":3.0},{"damage":49.0,"enemies":"Nemesis","floor":46.0,"turns":5.0},{"damage":13,"enemies":"Transient","floor":47,"turns":5},{"damage":29,"enemies":"Writhing Mass","floor":48,"turns":5},{"damage":76,"enemies":"Time Eater","floor":50,"turns":11}],"seed_played":"7255932954374572330","potions_obtained":[{"floor":4.0,"key":"SpeedPotion"},{"floor":7.0,"key":"FearPotion"},{"floor":13.0,"key":"Regen Potion"},{"floor":20.0,"key":"Strength Potion"},{"floor":25.0,"key":"HeartOfIron"},{"floor":35.0,"key":"Fire Potion"},{"floor":40.0,"key":"Weak Potion"},{"floor":47,"key":"Strength Potion"},{"floor":48,"key":"Dexterity Potion"}],"is_trial":false,"path_per_floor":["M","?","$","M","?","R","E","M","T","M","M","R","M","E","R","B",null,"M","?","M","M","$","E","R","E","T","?","M","M","R","E","R","B",null,"M","$","?","?","?","E","R","E","T","?","M","E","M","M","R","B",null],"character_chosen":"IRONCLAD","items_purchased":["Cleave","Bottled Flame","Anchor"],"campfire_rested":7,"item_purchase_floors":[3,22,36],"current_hp_per_floor":[71,76,76,72,72,72,32,32,32,29,24,49,49,27,52,15,85,79,79,73,46,46,46,74,51,51,51,31,27,57,57,87,22,101,99,99,99,99,99,30,75,27,27,101,100,54,58,31,97,25],"gold":195,"neow_bonus":"BOSS_RELIC","is_daily":false,"chose_seed":false,"campfire_upgraded":1,"win_rate":0.0,"timestamp":1609182603,"path_taken":["M","?","$","M","?","R","E","M","T","M","M","R","M","E","R","BOSS","M","?","M","M","?","E","R","E","T","?","M","M","R","E","R","BOSS","M","$","?","?","?","E","R","E","T","?","M","E","M","M","R","BOSS"],"items_purchased_type":["Card","Relic","Relic"],"build_version":"2020-12-22","purchased_purges":1,"victory":true,"max_hp_per_floor":[80,85,85,85,85,85,85,85,85,85,85,85,85,85,85,85,85,85,85,88,91,91,94,94,101,101,101,101,101,101,101,101,101,101,101,101,101,101,101,101,101,101,101,101,101,101,101,101,101,101],"card_choices":[{"not_picked":["Whirlwind","Wild Strike"],"picked":"Clothesline","floor":1.0},{"not_picked":["Havoc","Barricade"],"picked":"Headbutt","floor":4.0},{"not_picked":["Sever Soul","Anger"],"picked":"Shrug It Off","floor":7.0},{"not_picked":["Battle Trance","Wild Strike"],"picked":"Body Slam","floor":8.0},{"not_picked":["Evolve","Headbutt"],"picked":"Body Slam","floor":10.0},{"not_picked":["Heavy Blade","Cleave"],"picked":"Flame Barrier","floor":11.0},{"not_picked":["True Grit","Carnage"],"picked":"Rampage","floor":13.0},{"not_picked":["Heavy Blade","Impervious"],"picked":"Immolate","floor":14.0},{"not_picked":["Barricade","Bludgeon"],"picked":"Feed","floor":16.0},{"not_picked":["Sword Boomerang","Armaments"],"picked":"Headbutt+1","floor":18.0},{"not_picked":["Clothesline","Sword Boomerang"],"picked":"Armaments","floor":20.0},{"not_picked":["Power Through+1","Headbutt"],"picked":"Bloodletting+1","floor":21.0},{"not_picked":["Flex+1","Flame Barrier"],"picked":"Spot Weakness","floor":23.0},{"not_picked":["Hemokinesis","Flex"],"picked":"Cleave+1","floor":25.0},{"not_picked":["Clash+1","Shrug It Off"],"picked":"Spot Weakness","floor":28.0},{"not_picked":["Iron Wave","Disarm"],"picked":"Warcry","floor":29.0},{"not_picked":["Wild Strike","Brutality"],"picked":"Immolate","floor":31.0},{"not_picked":["Corruption","Exhume"],"picked":"Juggernaut","floor":33.0},{"not_picked":["Evolve","Sentinel"],"picked":"Sever Soul+1","floor":35.0},{"not_picked":["Disarm+1","Rupture"],"picked":"Metallicize","floor":40.0},{"not_picked":["Rage","Cleave+1"],"picked":"Infernal Blade","floor":42.0},{"not_picked":["Twin Strike","Carnage","Metallicize"],"picked":"Heavy Blade+1","floor":45.0},{"not_picked":["Flex+1","Clash+1","Burning Pact"],"picked":"Impervious","floor":46.0},{"not_picked":["Clash+1","Evolve+1","Wild Strike+1"],"picked":"Havoc+1","floor":47},{"not_picked":["Blood for Blood","Perfected Strike+1","Headbutt+1"],"picked":"Shrug It Off+1","floor":48}],"player_experience":524718,"relics_obtained":[{"floor":7.0,"key":"Potion Belt"},{"floor":7.0,"key":"Happy Flower"},{"floor":9.0,"key":"Oddly Smooth Stone"},{"floor":14.0,"key":"Juzu Bracelet"},{"floor":14.0,"key":"Vajra"},{"floor":23.0,"key":"Ornamental Fan"},{"floor":23.0,"key":"Red Skull"},{"floor":25.0,"key":"Bird Faced Urn"},{"floor":25.0,"key":"Strawberry"},{"floor":26.0,"key":"Mercury Hourglass"},{"floor":31.0,"key":"Self Forming Clay"},{"floor":31.0,"key":"Lantern"},{"floor":40.0,"key":"Eternal Feather"},{"floor":40.0,"key":"The Courier"},{"floor":42.0,"key":"Kunai"},{"floor":42.0,"key":"Question Card"},{"floor":43.0,"key":"Regal Pillow"},{"floor":46.0,"key":"Frozen Egg 2"},{"floor":46.0,"key":"Orichalcum"}],"event_choices":[{"damage_healed":0.0,"max_hp_gain":5.0,"max_hp_loss":0.0,"gold_gain":0.0,"event_name":"Big Fish","player_choice":"Donut","floor":2.0,"gold_loss":0.0,"damage_taken":0.0},{"damage_healed":0.0,"max_hp_gain":0.0,"max_hp_loss":0.0,"gold_gain":0.0,"event_name":"Upgrade Shrine","player_choice":"Upgraded","floor":5.0,"gold_loss":0.0,"damage_taken":0.0,"cards_upgraded":["Bash"]},{"damage_healed":0.0,"max_hp_gain":0.0,"max_hp_loss":0.0,"gold_gain":0.0,"event_name":"Upgrade Shrine","player_choice":"Upgraded","floor":19.0,"gold_loss":0.0,"damage_taken":0.0,"cards_upgraded":["Immolate"]},{"damage_healed":0.0,"max_hp_gain":0.0,"max_hp_loss":0.0,"gold_gain":0.0,"event_name":"Addict","player_choice":"Obtained Relic","floor":27.0,"gold_loss":85.0,"damage_taken":0.0,"relics_obtained":["PreservedInsect"]},{"damage_healed":0.0,"max_hp_gain":0.0,"max_hp_loss":0.0,"gold_gain":0.0,"event_name":"Accursed Blacksmith","player_choice":"Forge","floor":37.0,"gold_loss":0.0,"damage_taken":0.0,"cards_upgraded":["Armaments"]},{"damage_healed":0.0,"max_hp_gain":0.0,"max_hp_loss":0.0,"gold_gain":0.0,"event_name":"Tomb of Lord Red Mask","player_choice":"Paid","floor":38.0,"gold_loss":71.0,"damage_taken":0.0,"relics_obtained":["Red Mask"]},{"cards_removed":["Feed"],"damage_healed":0.0,"max_hp_gain":0.0,"max_hp_loss":0.0,"gold_gain":0.0,"event_name":"Falling","player_choice":"Removed Attack","floor":39.0,"gold_loss":0.0,"damage_taken":0.0},{"damage_healed":74.0,"max_hp_gain":0.0,"max_hp_loss":0.0,"gold_gain":0.0,"event_name":"MindBloom","player_choice":"Heal","floor":44.0,"gold_loss":0.0,"damage_taken":0.0,"cards_obtained":["Doubt"]}],"is_beta":false,"boss_relics":[{"not_picked":["Ectoplasm","Sozu"],"picked":"Philosopher\u0027s Stone"},{"not_picked":["Fusion Hammer","Runic Cube"],"picked":"Astrolabe"}],"items_purged_floors":[22],"is_endless":false,"potions_floor_spawned":[4,7,13,20,25,35,40,47,48],"ascension_level":3}}