{"host":"baymyijz6sxaqj5s","time":1609148573,"event":{"mods":["AchievementEnabler","BaseMod","Colored Map","Colored Powertips","DeckTracker","Highlight Path","KOR Keyword Fix","Keyboard Shortcuts","Minty Spire (QoL Compilation)","Quick Restart","StSLib","SuperFastMode"],"gold_per_floor":[113,127,73,84,97,97,107,107,107,117,117,129,141,159,159,159,159],"floor_reached":16,"playtime":508,"items_purged":[],"score":108,"play_id":"4b17817c-5af0-4d7a-a022-01772aadca8f","local_time":"20201228184253","is_ascension_mode":true,"campfire_choices":[{"data":"Heavy Blade","floor":6,"key":"SMITH"},{"data":"Body Slam","floor":8,"key":"SMITH"},{"floor":15,"key":"REST"}],"circlet_count":0,"master_deck":["Strike_R","Strike_R","Strike_R","Strike_R","Strike_R","Defend_R","Defend_R","Defend_R","Defend_R","Bash","Sword Boomerang","Shrug It Off","Heavy Blade+1","Body Slam+1","Seeing Red","Battle Trance"],"relics":["Burning Blood","Blue Candle"],"acts_visited":["Exordium"],"potions_floor_usage":[7,16,16],"damage_taken":[{"damage":1.0,"enemies":"Cultist","floor":1.0,"turns":3.0},{"damage":8.0,"enemies":"Jaw Worm","floor":2.0,"turns":4.0},{"damage":3.0,"enemies":"2 Louse","floor":4.0,"turns":4.0},{"damage":10,"enemies":"2 Fungi Beasts","floor":5,"turns":5},{"damage":13,"enemies":"Exordium Thugs","floor":7,"turns":4},{"damage":8,"enemies":"Looter","floor":10,"turns":4},{"damage":28,"enemies":"Large Slime","floor":12,"turns":7},{"damage":0,"enemies":"3 Louse","floor":13,"turns":4},{"damage":22,"enemies":"Gremlin Gang","floor":14,"turns":5},{"damage":67,"enemies":"Slime Boss","floor":16,"turns":10}],"seed_played":"688277379911608501","potions_obtained":[{"floor":4.0,"key":"FairyPotion"},{"floor":5,"key":"SteroidPotion"},{"floor":13,"key":"SneckoOil"},{"floor":14,"key":"EssenceOfSteel"}],"is_trial":false,"path_per_floor":["M","M","$","M","M","R","M","R","T","M","?","M","M","M","R","B"],"character_chosen":"IRONCLAD","items_purchased":["Shrug It Off"],"campfire_rested":1,"item_purchase_floors":[3],"current_hp_per_floor":[88,86,86,88,84,84,77,77,77,75,75,53,59,43,69,2,2],"gold":159,"neow_bonus":"TEN_PERCENT_HP_BONUS","is_daily":false,"chose_seed":false,"campfire_upgraded":2,"win_rate":0.0,"timestamp":1609148573,"path_taken":["M","M","?","M","M","R","M","R","T","M","?","M","M","M","R","BOSS"],"items_purchased_type":["Card"],"build_version":"2020-12-22","purchased_purges":0,"victory":false,"max_hp_per_floor":[88,88,88,88,88,88,88,88,88,88,88,88,88,88,88,88,88],"card_choices":[{"not_picked":["Wild Strike","Bloodletting","Havoc"],"picked":"SKIP","floor":1.0},{"not_picked":["Clash","Rage"],"picked":"Sword Boomerang","floor":2.0},{"not_picked":["Clash","Carnage","Dropkick"],"picked":"SKIP","floor":4.0},{"not_picked":["Havoc","Whirlwind"],"picked":"Heavy Blade","floor":5},{"not_picked":["Dark Embrace","Heavy Blade"],"picked":"Body Slam","floor":7},{"not_picked":["Iron Wave","Flex"],"picked":"Seeing Red","floor":10},{"not_picked":["Brutality","Headbutt"],"picked":"Battle Trance","floor":12},{"not_picked":["Flex","Perfected Strike","Hemokinesis"],"picked":"SKIP","floor":13},{"not_picked":["Shockwave","Perfected Strike","Pommel Strike"],"picked":"SKIP","floor":14}],"player_experience":272150,"relics_obtained":[{"floor":9,"key":"Blue Candle"}],"event_choices":[{"damage_healed":0,"gold_gain":0,"player_choice":"Ignored","damage_taken":0,"max_hp_gain":0,"max_hp_loss":0,"event_name":"Golden Idol","floor":11,"gold_loss":0}],"is_beta":false,"boss_relics":[],"items_purged_floors":[],"is_endless":false,"potions_floor_spawned":[4,5,13,14],"killed_by":"Slime Boss","ascension_level":2}}