{"host":"jgyoyy5iuhtvyvtg","time":1609152174,"event":{"mods":["2.2 Compatiblity","BaseMod","Challenge The Spire","Colored Map","Conspire","Downfall","Hermit","Highlight Path","Infinite Spire","Lobotomy","LobotomyExtend","Minty Spire (QoL Compilation)","Quick Restart","Replay The Spire","Spikes Relics","StSLib","The Construct","The Disciple","The Jungle","Yuri Mod"],"gold_per_floor":[130,130,160,194,224,224,224,224,251,11,36,36,96,61,61,158,158,177,258,258,258,291,291,68,94,174,200,228,228,253,293,305,418,430,468,500,80,80,116,116,116,144,214,240,240,268,18,18,18,25,25],"floor_reached":52,"playtime":2140,"items_purged":["hermit:Strike_Hermit","Overencumbered"],"score":1292,"play_id":"f6bc720b-08e5-49b7-865b-5434d7306e40","local_time":"20201228024254","is_ascension_mode":true,"campfire_choices":[{"data":"hermit:CursedWeapon","floor":6,"key":"SMITH"},{"data":"hermit:WideOpen","floor":8,"key":"SMITH"},{"data":"hermit:Determination","floor":15,"key":"SMITH"},{"data":"infinitespire:SevenWalls","floor":23,"key":"SMITH"},{"floor":29,"key":"REST"},{"data":"hermit:Manifest","floor":32,"key":"SMITH"},{"floor":40,"key":"REST"},{"data":"hermit:Grudge","floor":45,"key":"SMITH"},{"data":"hermit:Scavenge","floor":49,"key":"SMITH"}],"circlet_count":0,"master_deck":["AscendersBane","hermit:Strike_Hermit","hermit:Strike_Hermit","hermit:Strike_Hermit","hermit:Defend_Hermit","hermit:Defend_Hermit","hermit:Defend_Hermit","hermit:Defend_Hermit","hermit:Snapshot","hermit:Covet","hermit:DeadOrAlive","hermit:Quickdraw","Pain","infinitespire:Fortify","hermit:CursedWeapon+1","hermit:WideOpen+1","hermit:SprayPray","hermit:Determination+1","hermit:Reprieve","hermit:HoleUp","hermit:Dissolve","ReplayTheSpireMod:Splinters","hermit:Desperado","hermit:FatalDesire","infinitespire:SevenWalls+1","hermit:Determination+1","hermit:Quickdraw","hermit:Manifest+1","hermit:Snipe","hermit:Dissolve","AbeCurse","hermit:Grudge+1","hermit:Misfire+1","hermit:Scavenge+1","hermit:Coalescence+1","hermit:Gestalt+1","hermit:Midnight+1","hermit:Misfire+1"],"relics":["hermit:ClaspedLocket","LetterFromLob","Replay:Mystery Machine","hexamod:BolsterEngine","hermit:DentedPlate","Nunchaku","conspire:GiftBox","conspire:SlowCooker","Blood Vial","Smiling Mask","BrokenLever","infinitespire:Lychee Nut","MawBank","Replay:Grab Bag","Abe\u0027s Treasure","infinitespire:Cupcake","construct:ClawGrip","champ:DeflectingBracers","Blue Doll","MealTicket","Toxic Egg 2","Replay:Wax Seal","PreservedInsect","ClockworkSouvenir"],"acts_visited":["Exordium","Exordium","TheBeyond"],"potions_floor_usage":[11,13,27,35,44,50],"damage_taken":[{"damage":0,"enemies":"Cultist","floor":1,"turns":4},{"damage":5,"enemies":"Small Slimes","floor":3,"turns":2},{"damage":2,"enemies":"2 Louse","floor":4,"turns":3},{"damage":2,"enemies":"2 Fungi Beasts","floor":5,"turns":2},{"damage":19,"enemies":"Exordium Thugs","floor":11,"turns":4},{"damage":24,"enemies":"3 Sentries","floor":13,"turns":5},{"damage":37,"enemies":"Fading Forest","floor":16,"turns":11},{"damage":21,"enemies":"theJungle:Flameango_and_Byrd","floor":18,"turns":7},{"damage":18,"enemies":"theJungle:5_Spyders","floor":22,"turns":12},{"damage":51,"enemies":"theJungle:MamaSnecko","floor":25,"turns":7},{"damage":18,"enemies":"theJungle:Cassacara","floor":27,"turns":8},{"damage":27,"enemies":"theJungle:2_Flameangoes","floor":28,"turns":11},{"damage":2,"enemies":"theJungle:MamaSnecko","floor":30,"turns":5},{"damage":14,"enemies":"Snake Plant","floor":31,"turns":3},{"damage":37,"enemies":"theJungle:FunGuy","floor":33,"turns":9},{"damage":45,"enemies":"3 Darklings","floor":35,"turns":5},{"damage":4,"enemies":"3 Shapes","floor":36,"turns":4},{"damage":18,"enemies":"Jaw Worm Horde","floor":39,"turns":5},{"damage":6,"enemies":"R_Hoarder","floor":42,"turns":10},{"damage":35,"enemies":"Reptomancer","floor":44,"turns":6},{"damage":23,"enemies":"Nemesis","floor":46,"turns":3},{"damage":20,"enemies":"Donu and Deca","floor":50,"turns":9}],"seed_played":"5586226294619863427","potions_obtained":[{"floor":1,"key":"Regen Potion"},{"floor":3,"key":"Death Potion"},{"floor":11,"key":"hermit:BlackBile"},{"floor":13,"key":"SteroidPotion"},{"floor":16,"key":"SpeedPotion"},{"floor":27,"key":"Ancient Potion"},{"floor":35,"key":"PowerPotion"},{"floor":42,"key":"Regen Potion"}],"is_trial":false,"path_per_floor":["M","?","M","M","M","R","E","R","T","$","M","?","E","?","R","B",null,"M","?","AVR","?","M","R","$","E","T","E","M","R","E","M","R","B",null,"M","M","$","?","M","R","AVR","E","T","E","R","E","$","?","R","B",null,null],"character_chosen":"HERMIT","items_purchased":["hermit:Determination","hermit:Reprieve","Blood Vial","champ:DeflectingBracers","hermit:Scavenge","hermit:Midnight+1","hermit:Misfire+1","ClockworkSouvenir"],"campfire_rested":2,"item_purchase_floors":[10,10,24,37,37,47,47,47],"current_hp_per_floor":[68,68,63,61,59,59,59,59,59,59,64,68,44,62,62,50,82,61,61,61,75,85,85,85,48,48,32,21,45,63,56,56,47,47,14,23,23,23,25,49,49,63,63,80,80,57,72,72,72,73,73],"gold":25,"neow_bonus":"ONE_RANDOM_RARE_CARD","is_daily":false,"chose_seed":false,"campfire_upgraded":7,"win_rate":0.0,"timestamp":1609152174,"path_taken":["M","?","M","M","M","R","E","R","T","$","M","?","E","?","R","BOSS","M","?","AVR","?","M","R","$","E","T","E","M","R","E","M","R","BOSS","M","M","$","?","M","R","AVR","E","T","E","R","E","$","?","R","BOSS"],"items_purchased_type":["Card","Card","Relic","Relic","Card","Card","Card","Relic"],"build_version":"2020-12-22","purchased_purges":2,"victory":true,"max_hp_per_floor":[75,75,75,75,75,75,75,75,75,75,75,75,75,75,75,75,107,107,107,107,107,107,107,107,107,107,80,80,80,80,80,80,80,80,80,80,80,80,80,80,80,80,80,80,80,80,80,80,80,80,80],"card_choices":[{"not_picked":["hermit:Coalescence","hermit:Manifest"],"picked":"hermit:Quickdraw","floor":1},{"not_picked":["ReplayTheSpireMod:Chaos Vortex","infinitespire:DeathsTouch"],"picked":"infinitespire:Fortify","floor":2},{"not_picked":["hermit:Combo","hermit:HoleUp"],"picked":"hermit:CursedWeapon","floor":3},{"not_picked":["hermit:BodyArmor","hermit:Dive"],"picked":"hermit:WideOpen","floor":4},{"not_picked":["hermit:Coalescence","hermit:Vantage"],"picked":"hermit:SprayPray","floor":5},{"not_picked":["hermit:ItchyTrigger","hermit:Glare"],"picked":"hermit:HoleUp","floor":11},{"not_picked":["hermit:CursedWeapon","hermit:TrackingShot"],"picked":"hermit:Dissolve","floor":13},{"not_picked":["hermit:RoundhouseKick","hermit:Adapt"],"picked":"hermit:Magnum","floor":16},{"not_picked":["hermit:Feint","hermit:HighCaliber","hermit:TrackingShot"],"picked":"SKIP","floor":18},{"not_picked":["hermit:Dive","hermit:Shortfuse"],"picked":"hermit:Desperado","floor":19},{"not_picked":["hermit:BlackWind","hermit:Dissolve"],"picked":"hermit:FatalDesire","floor":20},{"not_picked":["hermit:Manifest+1","hermit:Desperado"],"picked":"hermit:Determination+1","floor":22},{"not_picked":["hermit:LoneWolf+1","hermit:Roulette","hermit:Horror"],"picked":"SKIP","floor":25},{"not_picked":["hermit:SprayPray","hermit:EyeOfTheStorm+1"],"picked":"hermit:Quickdraw","floor":27},{"not_picked":["hermit:FatalDesire","hermit:Dive"],"picked":"hermit:Manifest","floor":28},{"not_picked":["hermit:PistolWhip","hermit:BodyArmor","hermit:Vantage"],"picked":"SKIP","floor":30},{"not_picked":["hermit:LoneWolf","hermit:TakeAim"],"picked":"hermit:Snipe","floor":31},{"not_picked":["hermit:Magnum","hermit:RoundhouseKick"],"picked":"hermit:Dissolve","floor":33},{"not_picked":["hermit:Glare+1","hermit:HighCaliber"],"picked":"hermit:Grudge","floor":35},{"not_picked":["hermit:BigShot","hermit:Coalescence"],"picked":"hermit:Misfire+1","floor":36},{"not_picked":["hermit:TakeCover","hermit:Snipe+1","hermit:TrackingShot"],"picked":"SKIP","floor":39},{"not_picked":["hermit:Feint+1","hermit:Headshot+1","hermit:GhostlyPresence"],"picked":"SKIP","floor":42},{"not_picked":["hermit:Maintenance+1","hermit:GoldenBullet"],"picked":"hermit:Coalescence+1","floor":44},{"not_picked":["hermit:Brawl+1","hermit:HoleUp+1"],"picked":"hermit:Gestalt+1","floor":46}],"player_experience":3192835,"relics_obtained":[{"floor":1,"key":"LetterFromLob"},{"floor":9,"key":"Replay:Mystery Machine"},{"floor":13,"key":"hexamod:BolsterEngine"},{"floor":19,"key":"Nunchaku"},{"floor":25,"key":"Smiling Mask"},{"floor":26,"key":"BrokenLever"},{"floor":27,"key":"infinitespire:Lychee Nut"},{"floor":30,"key":"MawBank"},{"floor":42,"key":"MealTicket"},{"floor":43,"key":"Toxic Egg 2"},{"floor":44,"key":"Replay:Wax Seal"},{"floor":46,"key":"PreservedInsect"}],"event_choices":[{"damage_healed":18,"gold_gain":0,"player_choice":"Healed","damage_taken":0,"max_hp_gain":0,"max_hp_loss":0,"event_name":"The Cleric","floor":14,"gold_loss":35},{"cards_removed":["hermit:Magnum"],"damage_healed":0,"gold_gain":0,"player_choice":"Removed Attack","damage_taken":0,"max_hp_gain":0,"max_hp_loss":0,"event_name":"Falling","floor":38,"gold_loss":0},{"damage_healed":0,"gold_gain":0,"player_choice":"Ignored","damage_taken":0,"max_hp_gain":0,"max_hp_loss":0,"event_name":"Mysterious Sphere","floor":48,"gold_loss":0}],"is_beta":false,"boss_relics":[{"not_picked":["Black Star","Ring of Chaos"],"picked":"hermit:DentedPlate"},{"not_picked":["Cursed Key","construct:WeddingRing"],"picked":"Replay:Grab Bag"},{"not_picked":["ReplayTheSpireMod:DimensionalGlitch","Replay:Fungal Core"],"picked":"Abe\u0027s Treasure"},{"not_picked":["Replay:Wanted Poster","Replay:Bronze Core"],"picked":"infinitespire:Cupcake"},{"not_picked":["Sandwich","Replay:Drink Me"],"picked":"construct:ClawGrip"},{"not_picked":["Calling Bell","Pandora\u0027s Box"],"picked":"hermit:ClaspedLocket"}],"items_purged_floors":[24,37],"is_endless":false,"potions_floor_spawned":[1,3,11,13,16,18,27,33,35,42],"ascension_level":11}}