{"host":"khm4we1ijduz33xh","time":1609185157,"event":{"mods":["AchievementEnabler","BaseMod","Colored Map","Minty Spire (QoL Compilation)","Rare Cards Sparkle","StSLib"],"gold_per_floor":[114,114,127,127,138,164,164,183,183,183,201,232,306,321,321,321,321],"floor_reached":16,"playtime":592,"items_purged":[],"score":112,"play_id":"5bc733fd-8271-437e-9e48-b873536e4e6e","local_time":"20201229045237","is_ascension_mode":false,"campfire_choices":[{"floor":7,"key":"REST"},{"floor":15,"key":"REST"}],"circlet_count":0,"master_deck":["Strike_P","Strike_P","Strike_P","Defend_P","Defend_P","Defend_P","Defend_P","Eruption+1","Vigilance","FollowUp","ClearTheMind","FlurryOfBlows","FearNoEvil","Halt","Halt"],"relics":["PureWater","Sundial","Ice Cream","Golden Idol","Unceasing Top","Ornamental Fan"],"acts_visited":["Exordium"],"potions_floor_usage":[11,14,16,16],"damage_taken":[{"damage":0,"enemies":"2 Louse","floor":1,"turns":1},{"damage":2,"enemies":"Small Slimes","floor":3,"turns":4},{"damage":0,"enemies":"Cultist","floor":5,"turns":2},{"damage":41,"enemies":"Gremlin Nob","floor":6,"turns":4},{"damage":24,"enemies":"Exordium Wildlife","floor":8,"turns":4},{"damage":0,"enemies":"Exordium Thugs","floor":11,"turns":3},{"damage":18,"enemies":"Lagavulin","floor":12,"turns":6},{"damage":0,"enemies":"2 Fungi Beasts","floor":14,"turns":2},{"damage":25,"enemies":"Slime Boss","floor":16,"turns":5}],"seed_played":"-392339715919390518","potions_obtained":[{"floor":3,"key":"Swift Potion"},{"floor":11,"key":"LiquidBronze"},{"floor":12,"key":"Explosive Potion"},{"floor":14,"key":"Ancient Potion"}],"is_trial":false,"path_per_floor":["M","?","M","?","M","E","R","M","T","?","M","E","T","M","R","B"],"character_chosen":"WATCHER","items_purchased":[],"campfire_rested":2,"item_purchase_floors":[],"current_hp_per_floor":[72,72,70,63,63,22,43,19,19,19,19,1,1,1,21,0,0],"gold":321,"neow_bonus":"UPGRADE_CARD","is_daily":false,"chose_seed":false,"campfire_upgraded":0,"win_rate":0.0,"timestamp":1609185157,"path_taken":["M","?","M","?","M","E","R","M","T","?","M","E","?","?","R","BOSS"],"items_purchased_type":[],"build_version":"2020-12-22","purchased_purges":0,"victory":false,"max_hp_per_floor":[72,72,72,72,72,72,72,72,72,67,67,67,67,67,67,67,67],"card_choices":[{"not_picked":["JustLucky","EmptyBody"],"picked":"FollowUp","floor":1},{"not_picked":["JustLucky","Crescendo"],"picked":"ClearTheMind","floor":3},{"not_picked":["CrushJoints","Omniscience"],"picked":"FlurryOfBlows","floor":5},{"not_picked":["CutThroughFate","FlyingSleeves","LikeWater"],"picked":"SKIP","floor":6},{"not_picked":["CrushJoints","EmptyFist"],"picked":"FearNoEvil","floor":8},{"not_picked":["Protect","ThirdEye"],"picked":"Halt","floor":11},{"not_picked":["Wallop","SashWhip","Swivel"],"picked":"SKIP","floor":12},{"not_picked":["Sanctity","EmptyBody"],"picked":"Halt","floor":14}],"player_experience":144845,"relics_obtained":[{"floor":6,"key":"Sundial"},{"floor":9,"key":"Ice Cream"},{"floor":12,"key":"Unceasing Top"},{"floor":13,"key":"Ornamental Fan"}],"event_choices":[{"damage_healed":0,"gold_gain":0,"player_choice":"Ignored","damage_taken":0,"max_hp_gain":0,"max_hp_loss":0,"event_name":"Liars Game","floor":2,"gold_loss":0},{"cards_removed":["Strike_P"],"damage_healed":0,"gold_gain":0,"player_choice":"Card Removal","damage_taken":7,"max_hp_gain":0,"max_hp_loss":0,"event_name":"Golden Wing","floor":4,"gold_loss":0},{"damage_healed":0,"gold_gain":0,"player_choice":"Lose Max HP","damage_taken":0,"relics_obtained":["Golden Idol"],"max_hp_gain":0,"max_hp_loss":5,"event_name":"Golden Idol","floor":10,"gold_loss":0}],"is_beta":false,"boss_relics":[],"items_purged_floors":[],"is_endless":false,"potions_floor_spawned":[3,11,12,14],"killed_by":"Slime Boss","ascension_level":0}}