{"host":"9dr4xkxgnke2i0td","time":1609121019,"event":{"mods":["AchievementEnabler","BaseMod","DeckTracker","Highlight Path","Minty Spire (QoL Compilation)","Shop Mod","StSLib"],"gold_per_floor":[110,125,200,219,219,219,231,247,300,300,333,333,344,19,19,123,123,137,157,172,184,54,54,71,104,129,129,8,18,18,18,18,118,118,128,143,36,36,36],"floor_reached":38,"playtime":2362,"items_purged":["Strike_G"],"score":493,"play_id":"2cbc26f6-64a8-4dda-b028-709530c67b92","local_time":"20201227200339","is_ascension_mode":true,"campfire_choices":[{"data":"Neutralize","floor":6.0,"key":"SMITH"},{"data":"Acrobatics","floor":10.0,"key":"SMITH"},{"data":"Acrobatics","floor":12.0,"key":"SMITH"},{"data":"Metamorphosis","floor":15.0,"key":"SMITH"},{"data":"Night Terror","floor":23.0,"key":"SMITH"},{"data":"Tactician","floor":27,"key":"SMITH"},{"data":"Ghostly","floor":32,"key":"SMITH"}],"circlet_count":0,"master_deck":["Survivor","Neutralize+1","Dagger Throw","Dagger Throw","PiercingWail","Survivor","Acrobatics+1","Acrobatics+1","Metamorphosis+1","Night Terror+1","Slice+1","Underhanded Strike","PiercingWail","Eviscerate","Tactician+1","Acrobatics","Well Laid Plans","Escape Plan","Ghostly+1","Ghostly","Ghostly","Ghostly","Ghostly","Die Die Die","Calculated Gamble","Footwork","Acrobatics","Envenom","Envenom","Backflip","Caltrops","Caltrops","All Out Attack","Flechettes","Footwork"],"relics":["HoveringKite","Smiling Mask","Eternal Feather","Centennial Puzzle","Busted Crown","Nunchaku","Potion Belt","Blue Candle","Pandora\u0027s Box"],"acts_visited":["Exordium","TheCity","TheBeyond"],"potions_floor_usage":[25,33,38,38],"damage_taken":[{"damage":4.0,"enemies":"Cultist","floor":1.0,"turns":5.0},{"damage":1.0,"enemies":"2 Louse","floor":2.0,"turns":2.0},{"damage":0.0,"enemies":"Jaw Worm","floor":4.0,"turns":3.0},{"damage":0.0,"enemies":"Looter","floor":7.0,"turns":4.0},{"damage":0.0,"enemies":"Exordium Wildlife","floor":8.0,"turns":3.0},{"damage":17.0,"enemies":"3 Sentries","floor":11.0,"turns":10.0},{"damage":1.0,"enemies":"3 Louse","floor":13.0,"turns":3.0},{"damage":6.0,"enemies":"Hexaghost","floor":16.0,"turns":7.0},{"damage":17.0,"enemies":"Spheric Guardian","floor":18.0,"turns":4.0},{"damage":5.0,"enemies":"3 Byrds","floor":19.0,"turns":4.0},{"damage":9.0,"enemies":"Centurion and Healer","floor":20.0,"turns":5.0},{"damage":2.0,"enemies":"3 Cultists","floor":21.0,"turns":6.0},{"damage":5.0,"enemies":"Snecko","floor":24.0,"turns":4.0},{"damage":9,"enemies":"Slavers","floor":25,"turns":4},{"damage":12,"enemies":"Snake Plant","floor":29,"turns":4},{"damage":2,"enemies":"Collector","floor":33,"turns":10},{"damage":6,"enemies":"3 Shapes","floor":35,"turns":5},{"damage":7,"enemies":"3 Darklings","floor":36,"turns":6},{"damage":18,"enemies":"4 Shapes","floor":38,"turns":6}],"seed_played":"5164110334291228543","potions_obtained":[{"floor":4.0,"key":"Block Potion"},{"floor":7.0,"key":"LiquidMemories"},{"floor":13.0,"key":"LiquidBronze"},{"floor":24,"key":"DistilledChaos"},{"floor":25,"key":"DuplicationPotion"},{"floor":33,"key":"AttackPotion"},{"floor":36,"key":"LiquidMemories"}],"is_trial":false,"path_per_floor":["M","M","?","M","?","R","M","M","T","R","E","R","M","$","R","B",null,"M","M","M","M","$","R","M","E","T","R","$","M","?","?","R","B",null,"M","M","$","M"],"character_chosen":"THE_SILENT","items_purchased":["Metamorphosis","Centennial Puzzle","Eviscerate","Acrobatics","Well Laid Plans","Flechettes","Footwork"],"campfire_rested":0,"item_purchase_floors":[14,14,22,28,28,37,37],"current_hp_per_floor":[66,65,54,54,54,54,54,54,54,54,37,46,45,45,54,48,70,53,48,39,37,37,49,44,35,35,47,47,35,35,35,35,33,35,29,22,22,4,4],"gold":36,"neow_bonus":"BOSS_RELIC","is_daily":false,"chose_seed":false,"campfire_upgraded":7,"win_rate":0.0,"timestamp":1609121019,"path_taken":["M","M","?","M","?","R","M","M","T","R","E","R","M","$","R","BOSS","M","M","M","M","?","R","M","E","T","R","$","M","?","?","R","BOSS","M","M","$","M"],"items_purchased_type":["Card","Relic","Card","Card","Card","Card","Card"],"build_version":"2020-12-22","purchased_purges":1,"victory":false,"max_hp_per_floor":[70,70,70,70,70,70,70,70,70,70,70,70,70,70,70,70,70,70,70,70,70,70,70,70,70,70,70,70,70,35,35,35,35,35,35,35,35,35,35],"card_choices":[{"not_picked":["Dagger Spray","Blade Dance"],"picked":"Dagger Throw","floor":1.0},{"not_picked":["Expertise","Backflip"],"picked":"Dagger Throw","floor":2.0},{"not_picked":["Crippling Poison","Dagger Spray"],"picked":"PiercingWail","floor":4.0},{"not_picked":["Infinite Blades","Prepared","Dodge and Roll"],"picked":"SKIP","floor":7.0},{"not_picked":["Slice","Backflip"],"picked":"Acrobatics","floor":8.0},{"not_picked":["Corpse Explosion","Blade Dance"],"picked":"Acrobatics","floor":11.0},{"not_picked":["Cloak And Dagger","Flechettes","Outmaneuver"],"picked":"SKIP","floor":13.0},{"not_picked":["Burst","Corpse Explosion"],"picked":"Night Terror","floor":16.0},{"not_picked":[],"picked":"Slice+1","floor":18.0},{"not_picked":[],"picked":"Underhanded Strike","floor":19.0},{"not_picked":[],"picked":"PiercingWail","floor":20.0},{"not_picked":["Deadly Poison"],"picked":"SKIP","floor":21.0},{"not_picked":["Deflect"],"picked":"SKIP","floor":24},{"not_picked":[],"picked":"Tactician","floor":25},{"not_picked":[],"picked":"Escape Plan","floor":29},{"not_picked":[],"picked":"Die Die Die","floor":33},{"not_picked":[],"picked":"All Out Attack","floor":35},{"not_picked":["Outmaneuver"],"picked":"SKIP","floor":36}],"player_experience":707161,"relics_obtained":[{"floor":9.0,"key":"Smiling Mask"},{"floor":11.0,"key":"Eternal Feather"},{"floor":25,"key":"Nunchaku"},{"floor":26,"key":"Potion Belt"}],"event_choices":[{"damage_healed":0.0,"max_hp_gain":0.0,"max_hp_loss":0.0,"gold_gain":75.0,"event_name":"World of Goop","player_choice":"Gather Gold","floor":3.0,"gold_loss":0.0,"damage_taken":11.0},{"cards_removed":["Defend_G"],"damage_healed":0.0,"max_hp_gain":0.0,"max_hp_loss":0.0,"gold_gain":0.0,"event_name":"NoteForYourself","player_choice":"Took Card","floor":5.0,"gold_loss":0.0,"damage_taken":0.0,"cards_obtained":["Survivor"]},{"damage_healed":0,"gold_gain":0,"player_choice":"Became a Ghost","damage_taken":0,"max_hp_gain":0,"max_hp_loss":35,"event_name":"Ghosts","floor":30,"gold_loss":0,"cards_obtained":["Ghostly","Ghostly","Ghostly","Ghostly","Ghostly"]},{"damage_healed":0,"gold_gain":0,"player_choice":"Opened","damage_taken":0,"relics_obtained":["Blue Candle"],"max_hp_gain":0,"max_hp_loss":0,"event_name":"The Mausoleum","floor":31,"gold_loss":0}],"is_beta":false,"boss_relics":[{"not_picked":["Empty Cage","Runic Pyramid"],"picked":"Busted Crown"},{"not_picked":["Philosopher\u0027s Stone","SlaversCollar"],"picked":"Pandora\u0027s Box"}],"items_purged_floors":[22],"is_endless":false,"potions_floor_spawned":[4,7,13,24,25,33,36],"killed_by":"4 Shapes","ascension_level":1}}