{"host":"ij91kspbsf1i6fsu","time":1609124878,"event":{"mods":["AchievementEnabler","BaseMod","BetterRewards","Colored Map","Minty Spire (QoL Compilation)","MostiFishMod","Rare Cards Sparkle","StSLib","everything is the same but u backflip on backflip","¡¼?Úª?ø«¡½REMEMod"],"gold_per_floor":[117,136,156,166,182,182,196,196,196,196,196,228,228,83,83,184,184,200,200,217,64,64,64,97,97,150,167,198,218,218,236,236,340,340,351,125,138,138,138,149,149,182,229,229,244,244,270,68,68,68,68,68,15,44,44],"floor_reached":56,"playtime":5880,"items_purged":[],"score":1595,"play_id":"f5a4ddd0-0250-4cb0-9233-455d672ec56e","local_time":"20201227200758","is_ascension_mode":false,"campfire_choices":[{"floor":6.0,"key":"RECALL"},{"data":"MostiFishMod:ATRI","floor":8.0,"key":"SMITH"},{"data":"Capacitor","floor":10.0,"key":"SMITH"},{"data":"Fusion","floor":15.0,"key":"SMITH"},{"data":"REME_MawOfCthun","floor":23.0,"key":"SMITH"},{"data":"Redo","floor":30.0,"key":"SMITH"},{"data":"MostiFishMod:Exploitation","floor":32.0,"key":"SMITH"},{"data":"Chaos","floor":41.0,"key":"SMITH"},{"data":"MostiFishMod:Awakening","floor":44.0,"key":"SMITH"},{"data":"Chrysalis","floor":46.0,"key":"SMITH"},{"data":"REME_PuzzleBox","floor":49.0,"key":"SMITH"},{"data":"REME_ProfessionalPlagiarism","floor":52,"key":"SMITH"}],"circlet_count":0,"master_deck":["Strike_B","Strike_B+1","Strike_B","Strike_B+1","Defend_B","Defend_B","Defend_B","Defend_B","Zap","Dualcast","MostiFishMod:ATRI+1","REME_MawOfCthun+1","MostiFishMod:Overload","Heatsinks","Ball Lightning+1","Chaos+1","Beam Cell","REME_Shoggoth+1","Fusion+1","Machine Learning","Lockon+1","REME_FirmDetermination","Good Instincts","Good Instincts","REME_MagicPocketWatch","MostiFishMod:ButterFly","MostiFishMod:GatherIntelligence+1","MostiFishMod:TalkingToTheRain","Melter+1","MostiFishMod:Exploitation+1","Redo+1","MostiFishMod:IntelligentEquipment+1","MostiFishMod:SeaWaves+1","Tempest+1","Defragment+1","Thinking Ahead","Hologram+1","MostiFishMod:Awakening+1","REME_ProfessionalPlagiarism+1","Chrysalis+1","Chaos+1","Creative AI+1","MostiFishMod:PushDownKick+1","Hologram+1","REME_PuzzleBox+1","Hello World+1","Sweeping Beam","Barrage+1"],"relics":["Cracked Core","REME_ComplimentaryCards","DaveBox","BionicSphere","ArrowTower","SynthV:TestCard","Matryoshka","Whetstone","Black Star","REME_CardOfGreed","Dream Catcher","Kunai","Frozen Egg 2","Bronze Scales","InkBottle","CaptainsWheel","ChiXiaoBlade","Lizard Tail","ImprovedEquipment","REME_HandOfSuture","Boot","REME_HourglassOfDeath","Regal Pillow","Sundial","Shuriken"],"acts_visited":["Exordium","TheCity","TheBeyond","TheEnding"],"potions_floor_usage":[55,55,55],"damage_taken":[{"damage":0.0,"enemies":"Small Slimes","floor":1.0,"turns":3.0},{"damage":0.0,"enemies":"Jaw Worm","floor":2.0,"turns":2.0},{"damage":0.0,"enemies":"Cultist","floor":3.0,"turns":3.0},{"damage":0.0,"enemies":"2 Fungi Beasts","floor":4.0,"turns":3.0},{"damage":5.0,"enemies":"Gremlin Gang","floor":5.0,"turns":3.0},{"damage":0.0,"enemies":"Large Slime","floor":7.0,"turns":3.0},{"damage":0.0,"enemies":"3 Sentries","floor":12.0,"turns":4.0},{"damage":5.0,"enemies":"Slime Boss","floor":16.0,"turns":7.0},{"damage":7.0,"enemies":"Shell Parasite","floor":18.0,"turns":4.0},{"damage":0.0,"enemies":"3 Byrds","floor":20.0,"turns":3.0},{"damage":0.0,"enemies":"Gremlin Leader","floor":24.0,"turns":5.0},{"damage":0.0,"enemies":"Cultist and Chosen","floor":27.0,"turns":4.0},{"damage":0.0,"enemies":"Book of Stabbing","floor":28.0,"turns":4.0},{"damage":0.0,"enemies":"Snecko","floor":29.0,"turns":4.0},{"damage":0.0,"enemies":"Centurion and Healer","floor":31.0,"turns":5.0},{"damage":0.0,"enemies":"Collector","floor":33.0,"turns":4.0},{"damage":22.0,"enemies":"3 Darklings","floor":35.0,"turns":3.0},{"damage":0.0,"enemies":"Orb Walker","floor":37.0,"turns":3.0},{"damage":0.0,"enemies":"Spire Growth","floor":40.0,"turns":5.0},{"damage":0.0,"enemies":"Reptomancer","floor":42.0,"turns":5.0},{"damage":0.0,"enemies":"Sphere and 2 Shapes","floor":45.0,"turns":2.0},{"damage":0.0,"enemies":"Nemesis","floor":47.0,"turns":5.0},{"damage":0,"enemies":"Time Eater","floor":50,"turns":8},{"damage":0,"enemies":"Shield and Spear","floor":54,"turns":4},{"damage":0,"enemies":"The Heart","floor":55,"turns":5}],"seed_played":"8727836135256010681","potions_obtained":[{"floor":1.0,"key":"ColorlessPotion"},{"floor":5.0,"key":"CultistPotion"},{"floor":12.0,"key":"Regen Potion"},{"floor":27.0,"key":"PowerPotion"}],"is_trial":false,"path_per_floor":["M","M","M","M","M","R","M","R","T","R","?","E","?","$","R","B",null,"M","?","M","$","?","R","E","$","T","M","E","M","R","M","R","B",null,"M","$","M","?","?","M","R","E","T","R","M","R","E","$","R","B",null,"R","$","E","B",null],"character_chosen":"DEFECT","items_purchased":["ArrowTower","REME_MawOfCthun","MostiFishMod:Overload","Whetstone","REME_CardOfGreed","Defragment+1","Thinking Ahead","REME_PuzzleBox","Hello World+1","Sweeping Beam"],"campfire_rested":0,"item_purchase_floors":[0,0,0,14,21,36,36,48,48,53],"current_hp_per_floor":[49,49,49,49,44,44,44,44,44,44,29,29,29,29,29,24,75,68,11,15,15,75,75,75,75,75,75,75,75,75,75,75,75,75,53,53,53,53,43,47,47,58,58,58,58,58,62,62,62,66,75,75,75,75,75],"gold":44,"neow_bonus":"","is_daily":false,"chose_seed":false,"campfire_upgraded":11,"win_rate":0.0,"timestamp":1609124878,"path_taken":["M","M","M","M","M","R","M","R","T","R","?","E","?","?","R","BOSS","M","?","M","?","?","R","E","$","T","M","E","M","R","M","R","BOSS","M","$","?","?","?","M","R","E","T","R","M","R","E","$","R","BOSS","R","$","E","BOSS"],"items_purchased_type":["Relic","Card","Card","Relic","Relic","Card","Card","Card","Card","Card"],"build_version":"2020-12-22","purchased_purges":0,"victory":true,"max_hp_per_floor":[75,75,75,75,75,75,75,75,75,75,75,75,75,75,75,75,75,75,75,75,75,75,75,75,75,75,75,75,75,75,75,75,75,75,75,75,75,75,75,75,75,75,75,75,75,75,75,75,75,75,75,75,75,75,75],"card_choices":[{"not_picked":["Rip and Tear","Sweeping Beam"],"picked":"Heatsinks","floor":1.0},{"not_picked":["Go for the Eyes","Leap","Sweeping Beam","MostiFishMod:PushDownKick"],"picked":"Ball Lightning","floor":2.0},{"not_picked":["Fusion","Loop","Doom and Gloom","Chaos"],"picked":"Capacitor","floor":3.0},{"not_picked":["Hello World","Cold Snap","MostiFishMod:ReprogramOld","Force Field"],"picked":"Chaos","floor":4.0},{"not_picked":["Ball Lightning","Streamline","Leap","Reprogram"],"picked":"Beam Cell","floor":5.0},{"not_picked":["MostiFishMod:PushDownKick","Conserve Battery","Steam","Self Repair"],"picked":"REME_Shoggoth","floor":7.0},{"not_picked":["Barrage","FTL","Skim","Doom and Gloom"],"picked":"Fusion","floor":12.0},{"not_picked":["Reboot","MostiFishMod:DeathFromBelow","MostiFishMod:IntelligentEquipment","MostiFishMod:TalkingToTheRain"],"picked":"Machine Learning","floor":16.0},{"not_picked":["Go for the Eyes","REME_Compress","Steam+1","Streamline"],"picked":"Lockon+1","floor":18.0},{"not_picked":["Beam Cell","Chaos","Cold Snap","MostiFishMod:ReprogramOld+1"],"picked":"MostiFishMod:GatherIntelligence+1","floor":20.0},{"not_picked":["Steam Power","Scrape","Lockon+1","Conserve Battery+1"],"picked":"MostiFishMod:TalkingToTheRain","floor":24.0},{"not_picked":["MostiFishMod:PushDownKick+1","Steam+1","Barrage","Conserve Battery"],"picked":"Melter+1","floor":27.0},{"not_picked":["MostiFishMod:ReprogramOld","Go for the Eyes","Tempest","Cold Snap+1"],"picked":"MostiFishMod:Exploitation","floor":28.0},{"not_picked":["Lockon","Glacier","Rebound","Gash"],"picked":"Redo","floor":29.0},{"not_picked":["Compile Driver","Loop+1","REME_DataAnalysis","Storm+1"],"picked":"MostiFishMod:IntelligentEquipment+1","floor":31.0},{"not_picked":["Machine Learning+1","MostiFishMod:ReadyAimFire","Biased Cognition+1","Fission"],"picked":"MostiFishMod:SeaWaves+1","floor":33.0},{"not_picked":["Stack","Undo+1","Barrage","Rebound+1"],"picked":"Tempest+1","floor":35.0},{"not_picked":["Stack+1","Ball Lightning","Rip and Tear+1","Gash"],"picked":"Hologram+1","floor":37.0},{"not_picked":["Apotheosis","Flash of Steel","Bandage Up","REME_ShortnessOfBreath"],"picked":"MostiFishMod:Awakening","floor":39.0},{"not_picked":["REME_WheelOfFate","Bandage Up","MostiFishMod:Awakening","Dark Shackles"],"picked":"REME_ProfessionalPlagiarism","floor":39.0},{"not_picked":["Jack Of All Trades","Dramatic Entrance","Flash of Steel","Madness"],"picked":"Chrysalis","floor":39.0},{"not_picked":["Leap","Auto Shields+1","Beam Cell+1","Stack"],"picked":"Chaos+1","floor":40.0},{"not_picked":["Rebound+1","Beam Cell+1","Hologram+1","Cold Snap+1"],"picked":"Creative AI+1","floor":42.0},{"not_picked":["Beam Cell+1","Rebound","Blizzard","Compile Driver+1"],"picked":"MostiFishMod:PushDownKick+1","floor":45.0},{"not_picked":["Ball Lightning+1","Leap","Scrape+1","Tempest+1"],"picked":"Hologram+1","floor":47.0},{"not_picked":["Doom and Gloom+1","Heatsinks+1","Cold Snap","Undo+1"],"picked":"Barrage+1","floor":54}],"player_experience":16196,"relics_obtained":[{"floor":1.0,"key":"SynthV:TestCard"},{"floor":12.0,"key":"Matryoshka"},{"floor":24.0,"key":"Dream Catcher"},{"floor":24.0,"key":"Kunai"},{"floor":26.0,"key":"Frozen Egg 2"},{"floor":26.0,"key":"Bronze Scales"},{"floor":28.0,"key":"InkBottle"},{"floor":28.0,"key":"CaptainsWheel"},{"floor":42.0,"key":"Lizard Tail"},{"floor":42.0,"key":"ImprovedEquipment"},{"floor":43.0,"key":"REME_HandOfSuture"},{"floor":43.0,"key":"Boot"},{"floor":47.0,"key":"REME_HourglassOfDeath"},{"floor":47.0,"key":"Regal Pillow"},{"floor":54,"key":"Sundial"},{"floor":54,"key":"Shuriken"}],"event_choices":[{"damage_healed":0.0,"max_hp_gain":0.0,"max_hp_loss":0.0,"gold_gain":0.0,"event_name":"Shining Light","player_choice":"Entered Light","floor":11.0,"gold_loss":0.0,"damage_taken":15.0,"cards_upgraded":["Ball Lightning","REME_Shoggoth"]},{"damage_healed":0.0,"max_hp_gain":0.0,"max_hp_loss":0.0,"gold_gain":0.0,"event_name":"Liars Game","player_choice":"Ignored","floor":13.0,"gold_loss":0.0,"damage_taken":0.0},{"damage_healed":0.0,"max_hp_gain":0.0,"max_hp_loss":0.0,"gold_gain":0.0,"event_name":"Knowing Skull","player_choice":"CARD CARD CARD CARD CARD CARD ","floor":19.0,"potions_obtained":[],"gold_loss":0.0,"damage_taken":57.0,"cards_obtained":["REME_FirmDetermination","Purity","Good Instincts","Good Instincts","REME_MagicPocketWatch","MostiFishMod:ButterFly"]},{"cards_removed":["Purity"],"damage_healed":60.0,"max_hp_gain":0.0,"max_hp_loss":0.0,"gold_gain":0.0,"event_name":"Bonfire Elementals","player_choice":"Offered Uncommon","floor":22.0,"gold_loss":0.0,"damage_taken":0.0},{"cards_removed":["Capacitor"],"damage_healed":0.0,"max_hp_gain":0.0,"max_hp_loss":0.0,"gold_gain":0.0,"event_name":"Falling","player_choice":"Removed Power","floor":38.0,"gold_loss":0.0,"damage_taken":0.0},{"damage_healed":0.0,"max_hp_gain":0.0,"max_hp_loss":0.0,"gold_gain":0.0,"event_name":"SensoryStone","player_choice":"Memory 3","floor":39.0,"gold_loss":0.0,"damage_taken":10.0}],"is_beta":false,"boss_relics":[{"not_picked":["Ectoplasm","Philosopher\u0027s Stone"],"picked":"Black Star"},{"not_picked":["HaiYi:Twilight","Snecko Eye"],"picked":"ChiXiaoBlade"}],"items_purged_floors":[],"is_endless":false,"potions_floor_spawned":[1,5,12,20,27,31,37,40,42,45],"ascension_level":0}}