{"host":"tn4vcbjll0ykc2jj","time":1609153487,"event":{"mods":["ATMod(°¢èªMod)","Act Like it!","Arknights The Spire","BaseMod","Colored Powertips","Gensokyo","Lobotomy","LobotomyExtend","Minty Spire (QoL Compilation)","MostiFishMod","Quick Restart","StSLib","TestMod","¡¾ÒÅÎï¿¨ÅÆ¡¿REMEMod"],"gold_per_floor":[109,509,277,287,287,305,305,205,252,252,252,268,168,182,182,280,-1120,-1103,-1103,-1083,-1083,-1070,-1070,-1045,-1045,-1045,-1016,-1016,-916,-906,-894,-894,-795,-795,-780,-780,-780,-780,-780,-749,-739,-739,-739,-739,-729,-709,-696,-662,-662,-662,-662,-662,-662,-631,-631],"floor_reached":56,"playtime":3476,"items_purged":["ats:Strike V","ats:Strike G"],"score":1685,"play_id":"501bd642-5fb5-4eba-9cc7-0caa97615258","local_time":"20201228190447","is_ascension_mode":false,"campfire_choices":[{"data":"AT_FamilyPortrait","floor":7,"key":"SMITH"},{"data":"ats:Emotion Absorption","floor":15,"key":"SMITH"},{"data":"ats:Sunburst","floor":23,"key":"SMITH"},{"data":"ats:Burning Ground","floor":25,"key":"SMITH"},{"data":"ats:Wolf Pack","floor":28,"key":"SMITH"},{"data":"ats:Composite Medical Shells","floor":32,"key":"SMITH"},{"floor":42,"key":"RECALL"},{"data":"ats:Roar Of Ursus","floor":49,"key":"SMITH"},{"data":"ats:Burning Ground","floor":52,"key":"SMITH"}],"circlet_count":0,"master_deck":["Funeral","LongBird","ats:Strike C","ats:Strike S","ats:Defend","ats:Defend","ats:Defend","ats:Defend","ats:Emotion Absorption+1","AT_FamilyPortrait+1","Mimicry+1","ShyLook","OldLady","ats:Burning Ground+1","Bloodbath","BlackSwan","ats:Wolf Pack+1","UniverseFragment","ats:Sunburst+1","ats:Soul Absorption+1","FieryBird","Wellcheers","OSAHOGD","ats:Composite Medical Shells+1","ats:Part Time Job+1","MHz","BeautyBeast","ats:Ignite","ats:Roar Of Ursus+1","PunishingBird","FairyFestival","Gensokyo:LifeforceConverter","ats:Wolf Pack","ats:Burning Ground+1","ats:Beaten Up+1","ats:Composite Medical Shells+1"],"relics":["ats:Sanity","AT_ATBox","testmod-TestBox","REME_ComplimentaryCards","CogitoBucket","testmod-GiftOfSatan","PatriotShield","SynthV:TestCard","Bag of Marbles","LetterFromLob","ThornShield","AT_ForceNature","Gensokyo:Mercy","SynthV:MejaisSoulstealer","SkinProphecy","Justitia_r","ats:Originium","Blue Candle","Darkstone Periapt","ats:Originium","REME_PuzzleBoxRelic","Turnip","Torii","Theresia","ats:Tactical Delivery","Gensokyo:DualWield","ats:Originium","testmod-IndustrialRevolution","AtMidnight","Civilization","Orichalcum","SolemnVow_r","ats:Originium","Centennial Puzzle","ats:Originium","ats:MaxSp2"],"acts_visited":["Gensokyo:Gensokyo","Gensokyo:Gensokyoer","Gensokyo:Gensokyoest","TheEnding"],"potions_floor_usage":[24],"damage_taken":[{"damage":0,"enemies":"Gensokyo:Gryphon","floor":1,"turns":1},{"damage":0,"enemies":"Gensokyo:3_Fairies","floor":4,"turns":3},{"damage":0,"enemies":"Gensokyo:Python","floor":6,"turns":1},{"damage":0,"enemies":"Gensokyo:Kitsune","floor":12,"turns":1},{"damage":0,"enemies":"Gensokyo:3_Kodama","floor":14,"turns":3},{"damage":0,"enemies":"Gensokyo:Kokoro","floor":16,"turns":5},{"damage":10,"enemies":"Gensokyo:3_Dogs","floor":18,"turns":2},{"damage":0,"enemies":"Gensokyo:Chomper","floor":20,"turns":2},{"damage":1,"enemies":"Gensokyo:Slime_Group","floor":22,"turns":3},{"damage":0,"enemies":"Gensokyo:Koishi","floor":24,"turns":2},{"damage":0,"enemies":"Gensokyo:Reisen","floor":27,"turns":2},{"damage":0,"enemies":"Gensokyo:Reisen","floor":29,"turns":3},{"damage":0,"enemies":"Gensokyo:Monolith_and_Dog","floor":30,"turns":1},{"damage":0,"enemies":"Gensokyo:Wraith","floor":31,"turns":3},{"damage":0,"enemies":"Gensokyo:Eiki","floor":33,"turns":3},{"damage":0,"enemies":"Gensokyo:AncientGuardian","floor":35,"turns":2},{"damage":0,"enemies":"Gensokyo:Marisa","floor":40,"turns":3},{"damage":0,"enemies":"Gensokyo:3_Boulders","floor":41,"turns":2},{"damage":0,"enemies":"Gensokyo:SeedOfUnknown","floor":45,"turns":2},{"damage":0,"enemies":"Gensokyo:Sharpion","floor":46,"turns":2},{"damage":0,"enemies":"Gensokyo:AtlasGolem","floor":47,"turns":3},{"damage":0,"enemies":"Gensokyo:Doremy","floor":48,"turns":1},{"damage":0,"enemies":"Gensokyo:Yuyuko","floor":50,"turns":2},{"damage":0,"enemies":"Shield and Spear","floor":54,"turns":2},{"damage":0,"enemies":"The Heart","floor":55,"turns":5}],"seed_played":"1470302566747172824","potions_obtained":[{"floor":4,"key":"testmod-TestPotion"},{"floor":12,"key":"SmokeBomb"},{"floor":14,"key":"ats:Top Emergency Sanity Potion"},{"floor":16,"key":"Energy Potion"},{"floor":18,"key":"Block Potion"},{"floor":30,"key":"Weak Potion"}],"is_trial":false,"path_per_floor":["M","?","$","M","T","M","R","?","T","?","?","M","$","M","R","B",null,"M","?","M","?","M","R","E","R","T","E","R","?","M","M","R","B",null,"M","?","?","?","$","E","M","R","T","T","M","M","M","E","R","B",null,"R","$","E","B",null],"character_chosen":"DOCTOR_CLASS","items_purchased":["Bag of Marbles"],"campfire_rested":0,"item_purchase_floors":[3],"current_hp_per_floor":[77,77,77,77,77,77,77,77,77,77,77,77,77,87,87,87,87,82,82,78,78,93,93,108,108,108,104,104,112,106,105,105,105,120,122,122,122,122,122,124,136,136,136,136,140,143,150,158,158,176,176,176,176,193,217],"gold":-631,"neow_bonus":"","is_daily":false,"chose_seed":false,"campfire_upgraded":8,"win_rate":0.0,"timestamp":1609153487,"path_taken":["M","?","$","M","?","M","R","?","T","?","?","?","?","M","R","BOSS","M","?","M","?","M","R","E","R","T","E","R","?","M","M","R","BOSS","M","?","?","?","$","E","M","R","T","?","M","?","M","E","R","BOSS","R","$","E","BOSS"],"items_purchased_type":["Relic"],"build_version":"2020-12-22","purchased_purges":2,"victory":true,"max_hp_per_floor":[77,77,77,77,77,77,77,77,77,77,77,77,77,87,87,87,87,92,92,94,94,101,101,108,108,108,110,110,112,116,118,118,120,120,122,122,122,122,122,124,138,138,138,138,141,145,151,158,158,176,176,176,176,196,217],"card_choices":[{"not_picked":["VoidDream","Scorched"],"picked":"ShyLook","floor":1},{"not_picked":["ats:Shell Defense","ats:Powerful Strike","ats:Assault Order"],"picked":"SKIP","floor":1},{"not_picked":["Funeral","LaLuna"],"picked":"OldLady","floor":4},{"not_picked":["ats:Rapid Magazine","ats:Mental Burst","ats:Revitalization","ats:Cat Scratch","ats:Powerful Strike"],"picked":"SKIP","floor":4},{"not_picked":["ats:Healing Drone","ats:Magnetic Hammer","ats:Revitalization","ats:Consecutive Shot Auto"],"picked":"ats:Burning Ground","floor":6},{"not_picked":["Rudolta","Murderer","CrumblingArmor"],"picked":"Singing Bowl","floor":6},{"not_picked":["Wellcheers","GalaxyChild"],"picked":"Bloodbath","floor":12},{"not_picked":["ats:Powerful Strike","ats:Rapid Magazine","ats:Apocalypse","ats:Cat Scratch","ats:Hook Shot"],"picked":"SKIP","floor":12},{"not_picked":["FairyFestival","RedShoes"],"picked":"BlackSwan","floor":14},{"not_picked":["ats:Thermite Blade","ats:Disruption Kick","ats:Consecutive Shot Auto","ats:Flexible Camouflage","ats:Assault Order"],"picked":"SKIP","floor":14},{"not_picked":["ats:Echo Reverb","ats:Calcification","ats:Fractured Body","ats:Shadow Assault"],"picked":"ats:Wolf Pack","floor":16},{"not_picked":["Murderer","NakedNest"],"picked":"UniverseFragment","floor":16},{"not_picked":["SpiderBud","MeatLantern"],"picked":"LongBird","floor":18},{"not_picked":["ats:Apocalypse","ats:Curse Doll","ats:Hammer On","ats:Consecutive Shot Auto","ats:Collapsing Strike"],"picked":"SKIP","floor":18},{"not_picked":["ats:Red Shift+1","ats:Shell Defense+1","ats:Poison Spread","ats:Cat Scratch"],"picked":"ats:Soul Absorption+1","floor":20},{"not_picked":["SpiderBud","HeroicMonk"],"picked":"FieryBird","floor":20},{"not_picked":["CherryBlossoms","CrumblingArmor"],"picked":"Wellcheers","floor":22},{"not_picked":["ats:Automatic Cover","ats:Assault Order","ats:Cat Scratch","ats:Shell Defense","ats:Hammer On"],"picked":"SKIP","floor":22},{"not_picked":["VoidDream","Variant"],"picked":"OSAHOGD","floor":24},{"not_picked":["ats:Directed Diagnosis","ats:Composite Medical Shells","ats:Very Hot Blade","ats:Childhood Dance","ats:Explosion Area Strengthen+1"],"picked":"SKIP","floor":24},{"not_picked":["Mercenary","SpiderBud"],"picked":"Funeral","floor":27},{"not_picked":["ats:Apocalypse+1","ats:Assault Order","ats:Overload","ats:Mental Burst","ats:Fractured Body"],"picked":"SKIP","floor":27},{"not_picked":["ats:Thorns","ats:Rat Pack","ats:Curse Doll","ats:Powerful Strike"],"picked":"ats:Composite Medical Shells","floor":29},{"not_picked":["ats:Blood Oath","ats:Flexible Camouflage","ats:Apocalypse","ats:Steam Pump"],"picked":"ats:Part Time Job+1","floor":30},{"not_picked":["CrumblingArmor","LittlePrince"],"picked":"MHz","floor":30},{"not_picked":["QueenOfHatred","Woodsman"],"picked":"BeautyBeast","floor":31},{"not_picked":["ats:Charging Defense","ats:Poison Spread+1","ats:Nebulous Foxfire","ats:Hammer On"],"picked":"ats:Ignite","floor":31},{"not_picked":["ats:Volcano","ats:Disruption Kick","ats:Shadow Assault","ats:Ambush"],"picked":"ats:Roar Of Ursus","floor":33},{"not_picked":["GreedKing","DreamingCurrent"],"picked":"PunishingBird","floor":33},{"not_picked":["QueenOfHatred","NothingThere"],"picked":"FairyFestival","floor":35},{"not_picked":["ats:Magnetic Hammer+1","ats:Poison Spread","ats:Powerful Strike+1","ats:Hammer On","ats:Wolf Pack"],"picked":"SKIP","floor":35},{"not_picked":["ats:Flame Of Heaven","ats:Hammer On+1","ats:Song Of Battle","ats:Mental Burst+1"],"picked":"ats:Wolf Pack","floor":40},{"not_picked":["ats:Mental Burst","ats:Spore Proliferation+1","ats:Assault Order","ats:Shell Defense+1"],"picked":"ats:Burning Ground","floor":41},{"not_picked":["ats:Healing Drone+1","ats:Explosion Area Strengthen","ats:Flexible Camouflage+1","ats:Revitalization+1"],"picked":"ats:Beaten Up+1","floor":45},{"not_picked":["ats:Cat Scratch","ats:Revitalization","ats:Leaping Hammer+1","ats:Part Time Job+1","ats:Support Order"],"picked":"SKIP","floor":46},{"not_picked":["ats:Explosion Area Strengthen+1","ats:Curse Doll+1","ats:Demon Strength+1","ats:Powerful Strike+1","ats:Childhood Dance+1"],"picked":"SKIP","floor":47},{"not_picked":["ats:Cat Scratch+1","ats:Spore Proliferation+1","ats:Apocalypse","ats:Support Order+1","ats:LN2 Cannon"],"picked":"SKIP","floor":48},{"not_picked":["ats:Dogmatic Field","ats:Closed Bolt Burst Fire+1","ats:Hammer On+1","ats:Cat Scratch"],"picked":"ats:Composite Medical Shells+1","floor":54}],"player_experience":110955,"relics_obtained":[{"floor":1,"key":"SynthV:TestCard"},{"floor":4,"key":"LetterFromLob"},{"floor":5,"key":"ThornShield"},{"floor":24,"key":"ats:Originium"},{"floor":24,"key":"Blue Candle"},{"floor":26,"key":"Darkstone Periapt"},{"floor":27,"key":"ats:Originium"},{"floor":27,"key":"REME_PuzzleBoxRelic"},{"floor":29,"key":"Turnip"},{"floor":29,"key":"Torii"},{"floor":40,"key":"ats:Originium"},{"floor":40,"key":"testmod-IndustrialRevolution"},{"floor":41,"key":"AtMidnight"},{"floor":43,"key":"Civilization"},{"floor":44,"key":"Orichalcum"},{"floor":48,"key":"ats:Originium"},{"floor":48,"key":"Centennial Puzzle"},{"floor":54,"key":"ats:Originium"},{"floor":54,"key":"ats:MaxSp2"}],"event_choices":[{"damage_healed":0,"gold_gain":400,"player_choice":"Sell","damage_taken":0,"max_hp_gain":0,"max_hp_loss":0,"event_name":"¶÷ÂåË¹µÄÅÌ×Ó","floor":2,"relics_lost":["DaveBox"],"gold_loss":0}],"is_beta":false,"boss_relics":[{"not_picked":["OneHitWonderSystem","Empty Cage"],"picked":"SynthV:MejaisSoulstealer"},{"not_picked":["testmod-NegativeEmotionEnhancer","JellyFishMachine"],"picked":"ats:Tactical Delivery"}],"items_purged_floors":[3,13],"is_endless":false,"potions_floor_spawned":[4,12,14,16,18,30,33,47],"ascension_level":0}}