{"host":"s0ikvqhe10eopvjn","time":1609182763,"event":{"mods":["Act Like it!","Bard","BaseMod","Block Reminder","Colored Map","Colored Powertips","DeckTracker","Downfall","Halation","Hallownest","Hermit","Highlight Path","Hubris","Infinite Spire","Mad Scientist","Minty Spire (QoL Compilation)","Permanent Neow","Random Character Button","StSLib","The Blackbeard","The Blue Laboratory","The Bug Knight","The Cursed","The Disciple","The Mystic","The Necromancer","The Servant 0.9.4"],"gold_per_floor":[109,109,34,54,54,54,70,95,95,124,124,158,176,196,196,299,299,312,312,322,349,349,349,349,349,431,441,454,454,454],"floor_reached":29,"playtime":2088,"items_purged":["MadScienceMod:Strike_MadScience"],"score":243,"play_id":"fe49c80d-369f-4352-a772-4168a55f5a9b","local_time":"20201228191243","is_ascension_mode":false,"campfire_choices":[{"data":"MadScienceMod:HideBehindJunk","floor":6,"key":"SMITH"},{"floor":15,"key":"REST"},{"floor":23,"key":"REST"},{"floor":25,"key":"REST"}],"circlet_count":0,"master_deck":["MadScienceMod:Strike_MadScience","MadScienceMod:Strike_MadScience","MadScienceMod:Defend_MadScience","MadScienceMod:Defend_MadScience","MadScienceMod:Defend_MadScience","MadScienceMod:PoweredStrike","MadScienceMod:HideBehindJunk+1","MadScienceMod:TimeDilationField","MadScienceMod:OmniHammer","MadScienceMod:AcidSpray","MadScienceMod:GatherParts","MadScienceMod:ArtilleryShot","MadScienceMod:ParticleBeam","MadScienceMod:ExtractOil","MadScienceMod:NowOrNever","MadScienceMod:Reconstitute","MadScienceMod:LightOnFire","RitualDagger","MadScienceMod:Bombardment+1","infinitespire:UltimateForm","hubris:Fate","sneckomod:Bewildered","MadScienceMod:Lightbulb"],"relics":["MadScienceMod:FuelTank","halation:AfternoonTea","InkBottle","MadScienceMod:ExhaustVents","PreservedInsect","hubris:ToyBattleship","HollowMod:PaleOreRelic","Runic Dome","Red Mask","Cursed Key","hubris:Potato","infinitespire:Bottled Soul"],"acts_visited":["Exordium","TheCity"],"potions_floor_usage":[],"damage_taken":[{"damage":0,"enemies":"Jaw Worm","floor":1,"turns":4},{"damage":0,"enemies":"Cultist","floor":4,"turns":4},{"damage":16,"enemies":"infinitespire:Voidling","floor":7,"turns":5},{"damage":13,"enemies":"Lagavulin","floor":8,"turns":7},{"damage":21,"enemies":"HollowMod:MossKnight","floor":10,"turns":9},{"damage":5,"enemies":"3 Sentries","floor":12,"turns":6},{"damage":0,"enemies":"Large Slime","floor":13,"turns":4},{"damage":14,"enemies":"Red Slaver","floor":14,"turns":5},{"damage":36,"enemies":"Slime Boss","floor":16,"turns":13},{"damage":17,"enemies":"Spheric Guardian","floor":18,"turns":4},{"damage":22,"enemies":"Shell Parasite","floor":20,"turns":5},{"damage":28,"enemies":"Masked Bandits","floor":21,"turns":4},{"damage":26,"enemies":"Cultist and Chosen","floor":27,"turns":7},{"damage":27,"enemies":"Chosen and Byrds","floor":28,"turns":7},{"damage":10,"enemies":"Centurion and Healer","floor":29,"turns":2}],"seed_played":"8087972067152874626","potions_obtained":[{"floor":4,"key":"AttackPotion"},{"floor":8,"key":"BlessingOfTheForge"},{"floor":13,"key":"FearPotion"},{"floor":16,"key":"Weak Potion"}],"is_trial":false,"path_per_floor":["M","?","$","M","T","R","M","E","T","E","?","E","M","M","R","B",null,"M","?","M","?","AVR","R","?","R","T","M","M","M"],"character_chosen":"MAD_SCIENTIST","items_purchased":[],"campfire_rested":3,"item_purchase_floors":[],"current_hp_per_floor":[75,75,75,75,75,75,66,53,53,32,32,27,27,13,35,14,75,58,52,30,2,2,24,24,46,46,35,8,0,0],"gold":454,"neow_bonus":"RANDOM_COMMON_RELIC","is_daily":false,"chose_seed":false,"campfire_upgraded":1,"win_rate":0.0,"timestamp":1609182763,"path_taken":["M","?","?","?","?","R","?","E","T","E","?","E","M","?","R","BOSS","M","?","M","?","AVR","R","?","R","T","?","M","?"],"items_purchased_type":[],"build_version":"2020-12-22","purchased_purges":1,"victory":false,"max_hp_per_floor":[75,75,75,75,75,75,75,75,75,75,75,75,75,75,75,75,75,75,75,75,75,75,75,75,75,75,75,75,75,75],"card_choices":[{"not_picked":["MadScienceMod:MechanicalClaw","MadScienceMod:RadioactiveSword"],"picked":"MadScienceMod:TimeDilationField","floor":1},{"not_picked":["MadScienceMod:MechanicalClaw","MadScienceMod:AntimatterBomb"],"picked":"MadScienceMod:OmniHammer","floor":4},{"not_picked":["MadScienceMod:RadioactiveSword","MadScienceMod:FragmentationGrenade"],"picked":"MadScienceMod:AcidSpray","floor":7},{"not_picked":["MadScienceMod:FlameThrower","MadScienceMod:Browse"],"picked":"MadScienceMod:GatherParts","floor":8},{"not_picked":["MadScienceMod:Detonate","MadScienceMod:FumeBlast"],"picked":"MadScienceMod:ArtilleryShot","floor":10},{"not_picked":["MadScienceMod:FlameCannon","MadScienceMod:ParticleBeam","MadScienceMod:CaptureMomentum"],"picked":"SKIP","floor":12},{"not_picked":["MadScienceMod:FlameCannon","MadScienceMod:CaptureMomentum"],"picked":"MadScienceMod:ParticleBeam","floor":12},{"not_picked":["MadScienceMod:MakeOrBreak","MadScienceMod:ShrinkRay"],"picked":"MadScienceMod:ExtractOil","floor":13},{"not_picked":["MadScienceMod:ParticleBeam","MadScienceMod:FragmentationGrenade"],"picked":"MadScienceMod:NowOrNever","floor":14},{"not_picked":["MadScienceMod:ClockworkAssistant","MadScienceMod:FumeHood"],"picked":"MadScienceMod:Reconstitute","floor":16},{"not_picked":["MadScienceMod:MechanicalClaw+1","MadScienceMod:GattlingGun"],"picked":"MadScienceMod:LightOnFire","floor":18},{"not_picked":["MadScienceMod:CaptureMomentum","MadScienceMod:FragmentationGrenade","MadScienceMod:MechanicalClaw"],"picked":"SKIP","floor":20},{"not_picked":["MadScienceMod:AcidSpray","MadScienceMod:Detonate"],"picked":"MadScienceMod:Bombardment+1","floor":21},{"not_picked":["MadScienceMod:RadioactiveSword","MadScienceMod:RecyclingStation"],"picked":"MadScienceMod:Lightbulb","floor":27},{"not_picked":["MadScienceMod:Poke","MadScienceMod:EnergyBarrier+1","MadScienceMod:FlameThrower"],"picked":"SKIP","floor":28},{"not_picked":["MadScienceMod:Poke","MadScienceMod:EnergyBarrier+1","MadScienceMod:FlameThrower"],"picked":"SKIP","floor":28}],"player_experience":69457,"relics_obtained":[{"floor":5,"key":"InkBottle"},{"floor":8,"key":"MadScienceMod:ExhaustVents"},{"floor":9,"key":"PreservedInsect"},{"floor":10,"key":"hubris:ToyBattleship"},{"floor":12,"key":"HollowMod:PaleOreRelic"},{"floor":21,"key":"Red Mask"},{"floor":26,"key":"infinitespire:Bottled Soul"}],"event_choices":[{"cards_removed":["MadScienceMod:Defend_MadScience"],"damage_healed":0,"gold_gain":0,"player_choice":"Offered Basic","damage_taken":0,"max_hp_gain":0,"max_hp_loss":0,"event_name":"Bonfire Elementals","floor":2,"gold_loss":0},{"cards_removed":["MadScienceMod:Strike_MadScience"],"damage_healed":0,"gold_gain":0,"player_choice":"Card Removal","damage_taken":0,"max_hp_gain":0,"max_hp_loss":0,"event_name":"Wheel of Change","floor":11,"gold_loss":0},{"damage_healed":0,"gold_gain":0,"player_choice":"Joined the Cult","damage_taken":6,"max_hp_gain":0,"max_hp_loss":0,"event_name":"Nest","floor":19,"gold_loss":0,"cards_obtained":["RitualDagger"]},{"damage_healed":0,"gold_gain":0,"player_choice":"Fought Bandits","damage_taken":0,"max_hp_gain":0,"max_hp_loss":0,"event_name":"Masked Bandits","floor":21,"gold_loss":0},{"damage_healed":0,"gold_gain":0,"player_choice":"Ignored","damage_taken":0,"max_hp_gain":0,"max_hp_loss":0,"event_name":"NoteForYourself","floor":24,"gold_loss":0}],"is_beta":false,"boss_relics":[{"not_picked":["halation:Yufonium","SacredBark"],"picked":"Runic Dome"}],"items_purged_floors":[3],"is_endless":false,"potions_floor_spawned":[4,8,13,16,18,21],"killed_by":"Centurion and Healer","ascension_level":0}}