{"host":"0jm2u9rma46qko29","time":1609192356,"event":{"mods":["Act Like it!","BaseMod","Better Altar","Better Note","Better Skull","Better Third Choice","CapriCore","Friendly Minions","Hermit","JesterMod","Marisa????????","Minty Spire (QoL Compilation)","Relic Stats","Robot Space Explorer","Shade Mod","Shop Mod","StSLib","The Marked","UnlockEverythingMod","Waifu the Spire"],"gold_per_floor":[118,129,129,143,33,60,74,6,6,32,32,67,67,44,44,142,142,154,229,139,159,266,266,266,266],"floor_reached":24,"playtime":1418,"items_purged":["Strike_G"],"score":254,"play_id":"ee235391-afe3-4647-9966-23c8b48a2e7e","local_time":"20201228155236","is_ascension_mode":true,"campfire_choices":[{"floor":11,"key":"REST"},{"floor":15,"key":"REST"},{"data":"Terror","floor":23,"key":"SMITH"}],"circlet_count":0,"master_deck":["Strike_G","Defend_G","Defend_G+1","Defend_G","Defend_G","Defend_G","Survivor","Neutralize","Sucker Punch","Terror+1","Heel Hook","Caltrops","Prepared","Backflip","Infinite Blades","Deadly Poison","Cloak And Dagger","PiercingWail","Storm of Steel+1","Blade Dance+1","Choke+1"],"relics":["Ring of the Snake","NeowsBlessing","Orichalcum","Strawberry","Matryoshka","Bag of Marbles","Coffee Dripper"],"acts_visited":["Exordium","TheCity"],"potions_floor_usage":[6,10,16,16],"damage_taken":[{"damage":0,"enemies":"Jaw Worm","floor":1,"turns":1},{"damage":0,"enemies":"Cultist","floor":2,"turns":1},{"damage":0,"enemies":"Small Slimes","floor":4,"turns":1},{"damage":30,"enemies":"Gremlin Nob","floor":6,"turns":4},{"damage":4,"enemies":"Looter","floor":7,"turns":5},{"damage":27,"enemies":"3 Sentries","floor":10,"turns":11},{"damage":12,"enemies":"Lagavulin","floor":12,"turns":7},{"damage":24,"enemies":"The Guardian","floor":16,"turns":10},{"damage":20,"enemies":"Chosen","floor":18,"turns":6},{"damage":5,"enemies":"Shell Parasite","floor":21,"turns":6},{"damage":26,"enemies":"Book of Stabbing","floor":24,"turns":5}],"seed_played":"506266391967444483","potions_obtained":[{"floor":4,"key":"ColorlessPotion"},{"floor":6,"key":"GamblersBrew"},{"floor":7,"key":"DuplicationPotion"},{"floor":12,"key":"LiquidBronze"}],"is_trial":false,"path_per_floor":["M","M","?","M","$","E","M","$","T","E","R","E","?","$","R","B",null,"M","?","?","M","?","R","E"],"character_chosen":"THE_SILENT","items_purchased":["Caltrops","Infinite Blades","PiercingWail"],"campfire_rested":2,"item_purchase_floors":[5,8,14],"current_hp_per_floor":[70,70,70,70,70,40,36,36,43,16,39,27,20,20,43,19,77,57,50,50,45,26,26,0,0],"gold":266,"neow_bonus":"THREE_ENEMY_KILL","is_daily":false,"chose_seed":false,"campfire_upgraded":1,"win_rate":0.0,"timestamp":1609192356,"path_taken":["M","M","?","?","$","E","M","$","T","E","R","E","?","?","R","BOSS","M","?","?","M","?","R","E"],"items_purchased_type":["Card","Card","Card"],"build_version":"2020-12-22","purchased_purges":1,"victory":false,"max_hp_per_floor":[70,70,70,70,70,70,70,70,77,77,77,77,77,77,77,77,77,77,77,77,77,77,77,77,77],"relic_stats":{"counters":[11,57],"Orichalcum":[90],"obtain_stats":[{"Matryoshka":10,"NeowsBlessing":0,"Strawberry":9,"Bag of Marbles":12,"Coffee Dripper":17,"Orichalcum":6,"Ring of the Snake":0},{"Matryoshka":6,"NeowsBlessing":0,"Strawberry":5,"Bag of Marbles":7,"Coffee Dripper":8,"Orichalcum":4,"Ring of the Snake":0},{"Matryoshka":23,"NeowsBlessing":0,"Strawberry":12,"Bag of Marbles":30,"Coffee Dripper":40,"Orichalcum":7,"Ring of the Snake":0}],"Ring of the Snake":[22]},"card_choices":[{"not_picked":["Prepared","Slice"],"picked":"Sucker Punch","floor":1},{"not_picked":["Acrobatics","Bane"],"picked":"Terror","floor":2},{"not_picked":["Caltrops","Finisher"],"picked":"Heel Hook","floor":4},{"not_picked":["Masterful Stab","Flechettes"],"picked":"Prepared","floor":6},{"not_picked":["Slice","Flying Knee"],"picked":"Backflip","floor":7},{"not_picked":["Poisoned Stab","Underhanded Strike"],"picked":"Deadly Poison","floor":10},{"not_picked":["Corpse Explosion","Backflip"],"picked":"Cloak And Dagger","floor":12},{"not_picked":["Glass Knife","Night Terror"],"picked":"Storm of Steel","floor":16},{"not_picked":["Bane","Concentrate"],"picked":"Blade Dance+1","floor":18},{"not_picked":["Backflip+1","Poisoned Stab"],"picked":"Choke+1","floor":21}],"player_experience":180988,"relics_obtained":[{"floor":6,"key":"Orichalcum"},{"floor":9,"key":"Strawberry"},{"floor":10,"key":"Matryoshka"},{"floor":12,"key":"Bag of Marbles"}],"event_choices":[{"cards_removed":["Strike_G"],"damage_healed":0,"gold_gain":0,"player_choice":"Purged","damage_taken":0,"max_hp_gain":0,"max_hp_loss":0,"event_name":"Purifier","floor":3,"gold_loss":0},{"cards_removed":["Strike_G"],"damage_healed":0,"gold_gain":0,"player_choice":"Card Removal","damage_taken":7,"max_hp_gain":0,"max_hp_loss":0,"event_name":"Golden Wing","floor":13,"gold_loss":0},{"damage_healed":0,"gold_gain":75,"player_choice":"Touch","damage_taken":7,"max_hp_gain":0,"max_hp_loss":0,"event_name":"FaceTrader","floor":19,"gold_loss":0},{"cards_removed":["Strike_G"],"damage_healed":0,"gold_gain":0,"player_choice":"Upgrade and Remove","damage_taken":0,"max_hp_gain":0,"max_hp_loss":0,"event_name":"Designer","floor":20,"gold_loss":90,"cards_upgraded":["Storm of Steel"]},{"damage_healed":0,"gold_gain":107,"player_choice":"UP GO ","damage_taken":22,"relics_obtained":[],"max_hp_gain":0,"max_hp_loss":0,"event_name":"betterSkull:BetterSkull","floor":22,"gold_loss":0,"cards_upgraded":["Defend_G"]}],"is_beta":false,"boss_relics":[{"not_picked":["Astrolabe","Runic Dome"],"picked":"Coffee Dripper"}],"items_purged_floors":[5],"is_endless":false,"potions_floor_spawned":[4,6,7,12],"killed_by":"Book of Stabbing","ascension_level":4}}