{"host":"w7o06k3e8uel8euj","time":1609161424,"event":{"mods":["AchievementEnabler","BaseMod","Colored Powertips","Custom Start","DeckTracker","Keyboard Shortcuts","Minty Spire (QoL Compilation)","Quick Restart","Relic Stats","StSLib","SuperFastMode","everything is the same but u backflip on backflip"],"gold_per_floor":[114,114,132,132,57,57,97,97,97,113,113,148,166,210,210,305,305,318,333,283,283,283,283,283],"floor_reached":23,"playtime":305,"items_purged":["Strike_P","Strike_P"],"score":418,"play_id":"bc1180c7-76cc-4c35-8311-410e3b46eb44","local_time":"20201228221704","is_ascension_mode":true,"campfire_choices":[{"data":"Eruption","floor":6.0,"key":"SMITH"},{"data":"PathToVictory","floor":11.0,"key":"SMITH"},{"data":"EmptyFist","floor":15.0,"key":"SMITH"}],"circlet_count":0,"master_deck":["AscendersBane","Strike_P+1","Strike_P+1","Defend_P+1","Defend_P+1","Eruption+1","Vigilance","EmptyFist+1","PathToVictory+1","Brilliance","Prostrate","LessonLearned","Adaptation","SandsOfTime","Establishment"],"relics":["PureWater","NeowsBlessing","Bloody Idol","Smiling Mask","Meat on the Bone","Blood Vial","Bronze Scales","Philosopher\u0027s Stone"],"acts_visited":["Exordium","TheCity"],"potions_floor_usage":[23,23],"damage_taken":[{"damage":0.0,"enemies":"2 Louse","floor":1.0,"turns":1.0},{"damage":0.0,"enemies":"Cultist","floor":3.0,"turns":1.0},{"damage":0.0,"enemies":"Lagavulin","floor":7.0,"turns":1.0},{"damage":4.0,"enemies":"Jaw Worm","floor":10.0,"turns":2.0},{"damage":13.0,"enemies":"Gremlin Nob","floor":12.0,"turns":3.0},{"damage":0.0,"enemies":"2 Fungi Beasts","floor":13.0,"turns":2.0},{"damage":10.0,"enemies":"Lagavulin","floor":14.0,"turns":5.0},{"damage":17.0,"enemies":"Hexaghost","floor":16.0,"turns":7.0},{"damage":14.0,"enemies":"2 Thieves","floor":18.0,"turns":3.0},{"damage":15.0,"enemies":"Shell Parasite","floor":19.0,"turns":4.0},{"damage":50,"enemies":"Slavers","floor":23,"turns":2}],"seed_played":"-5819259452849591287","potions_obtained":[{"floor":1.0,"key":"DistilledChaos"},{"floor":13.0,"key":"DistilledChaos"},{"floor":19.0,"key":"SkillPotion"}],"is_trial":false,"path_per_floor":["M","?","M","?","$","R","E","?","T","M","R","E","M","E","R","B",null,"M","M","$","?","?","E"],"character_chosen":"WATCHER","items_purchased":[],"campfire_rested":0,"item_purchase_floors":[],"current_hp_per_floor":[61,68,68,62,62,62,62,43,43,39,39,38,40,32,32,29,54,42,41,41,41,41,0,0],"gold":283,"neow_bonus":"THREE_ENEMY_KILL","is_daily":false,"chose_seed":false,"campfire_upgraded":3,"win_rate":0.0,"timestamp":1609161424,"path_taken":["M","?","?","?","$","R","E","?","T","M","R","E","M","E","R","BOSS","M","M","$","?","?","E"],"items_purchased_type":[],"build_version":"2020-12-22","purchased_purges":2,"victory":false,"max_hp_per_floor":[68,68,68,62,62,62,62,62,62,62,62,62,62,62,62,62,62,62,62,62,62,62,62,62],"relic_stats":{"Blood Vial":12,"counters":[11,31],"Bloody Idol":0,"Bronze Scales":[66],"Smiling Mask":50,"obtain_stats":[{"Blood Vial":12,"NeowsBlessing":0,"Golden Idol":4,"Bronze Scales":14,"Bloody Idol":21,"Philosopher\u0027s Stone":17,"PureWater":0,"Smiling Mask":7,"Meat on the Bone":9},{"Blood Vial":5,"NeowsBlessing":0,"Golden Idol":2,"Bronze Scales":7,"Bloody Idol":10,"Philosopher\u0027s Stone":8,"PureWater":0,"Smiling Mask":3,"Meat on the Bone":3},{"Blood Vial":8,"NeowsBlessing":0,"Golden Idol":2,"Bronze Scales":15,"Bloody Idol":29,"Philosopher\u0027s Stone":22,"PureWater":0,"Smiling Mask":3,"Meat on the Bone":3}],"Meat on the Bone":36},"card_choices":[{"not_picked":["SignatureMove","FollowUp"],"picked":"EmptyFist","floor":1.0},{"not_picked":["SignatureMove","BowlingBash","Crescendo"],"picked":"SKIP","floor":3.0},{"not_picked":["Protect","Vengeance","EmptyBody"],"picked":"SKIP","floor":7.0},{"not_picked":["Conclude","Consecrate"],"picked":"PathToVictory","floor":10.0},{"not_picked":["FollowUp","Prostrate"],"picked":"Brilliance","floor":12.0},{"not_picked":["FlurryOfBlows","CarveReality"],"picked":"Prostrate","floor":13.0},{"not_picked":["FollowUp","Halt","CutThroughFate"],"picked":"SKIP","floor":14.0},{"not_picked":["MasterReality","Blasphemy"],"picked":"LessonLearned","floor":16.0},{"not_picked":["Consecrate","ThirdEye","Weave"],"picked":"SKIP","floor":18.0},{"not_picked":["ForeignInfluence","Protect"],"picked":"Adaptation","floor":19.0}],"player_experience":574710,"relics_obtained":[{"floor":7.0,"key":"Smiling Mask"},{"floor":9.0,"key":"Meat on the Bone"},{"floor":12.0,"key":"Blood Vial"},{"floor":14.0,"key":"Bronze Scales"}],"event_choices":[{"damage_healed":7.0,"max_hp_gain":0.0,"max_hp_loss":0.0,"gold_gain":0.0,"event_name":"Wheel of Change","player_choice":"Full Heal","floor":2.0,"gold_loss":0.0,"damage_taken":0.0},{"damage_healed":0.0,"max_hp_gain":0.0,"max_hp_loss":6.0,"gold_gain":0.0,"event_name":"Golden Idol","player_choice":"Lose Max HP","floor":4.0,"gold_loss":0.0,"damage_taken":0.0,"relics_obtained":["Golden Idol"]},{"damage_healed":0.0,"max_hp_gain":0.0,"max_hp_loss":0.0,"gold_gain":0.0,"event_name":"Shining Light","player_choice":"Entered Light","floor":8.0,"gold_loss":0.0,"damage_taken":19.0,"cards_upgraded":["Strike_P","Defend_P"]},{"damage_healed":0.0,"max_hp_gain":0.0,"max_hp_loss":0.0,"gold_gain":0.0,"event_name":"Forgotten Altar","player_choice":"Gave Idol","floor":21.0,"relics_lost":["Golden Idol"],"gold_loss":0.0,"damage_taken":0.0,"relics_obtained":["Bloody Idol"]},{"damage_healed":0.0,"max_hp_gain":0.0,"max_hp_loss":0.0,"gold_gain":0.0,"cards_transformed":["Defend_P","Defend_P"],"event_name":"Drug Dealer","player_choice":"Became Test Subject","floor":22.0,"gold_loss":0.0,"damage_taken":0.0,"cards_obtained":["SandsOfTime","Establishment"]}],"is_beta":false,"boss_relics":[{"not_picked":["Velvet Choker","Busted Crown"],"picked":"Philosopher\u0027s Stone"}],"items_purged_floors":[5,20],"is_endless":false,"potions_floor_spawned":[1,13,14,19],"killed_by":"Slavers","ascension_level":16}}