{"host":"8jwif9mna8ud19ho","time":1609126676,"event":{"mods":["BaseMod","Better Vampires","Lobotomy","Minty Spire (QoL Compilation)","RumiaBox-露米娅的神秘盒子","StSLib","[地精首领爬塔]The Maniac","【遗物卡牌】REMEMod","残留之物"],"gold_per_floor":[117,42,42,57,9,9,38,50,75,105,121,21,84,98,98,194,194,213,213,225,100,118,118,144,162,162,162,174,174,174],"floor_reached":29,"playtime":1531,"items_purged":["maniac:Strike","maniac:Strike","maniac:Strike"],"score":330,"play_id":"4d066312-bbb4-4097-9048-4c4afd9be8ac","local_time":"20201228113756","is_ascension_mode":false,"campfire_choices":[{"data":"maniac:Whirlscythe","floor":6.0,"key":"SMITH"},{"floor":15.0,"key":"REST"},{"data":"maniac:FanTheHammer","floor":23,"key":"SMITH"},{"data":"maniac:SpectralKnives","floor":27,"key":"SMITH"}],"circlet_count":0,"master_deck":["maniac:Defend","maniac:Defend","maniac:Defend","maniac:Defend+1","maniac:BurnBlood","maniac:AbyssShackle","maniac:Whirlscythe+1","Scorched","maniac:DashForward","Decay","maniac:Assassinate","maniac:ShelteringEdge+1","FieryBird","maniac:PerceiveDanger","maniac:Feint","maniac:Intimidate","QueenOfHatred","maniac:SeeingDetails","maniac:Confront","maniac:FanTheHammer+1","maniac:BladeShoot","maniac:DashForward","maniac:SpectralKnives+1","MHz","GreedKing","Variant"],"relics":["maniac:DamagedAnvil","maniac:BrokenHorn","REME_ComplimentaryCards","CogitoBucket","Akabeko","Potion Belt","REME_HandOfSuture","Lantern","SoulBox","maniac:MarkerPen","War Paint"],"acts_visited":["Exordium","TheCity"],"potions_floor_usage":[29],"damage_taken":[{"damage":5.0,"enemies":"2 Louse","floor":1.0,"turns":2.0},{"damage":7.0,"enemies":"Cultist","floor":4.0,"turns":3.0},{"damage":7.0,"enemies":"Gremlin Nob","floor":7.0,"turns":3.0},{"damage":0.0,"enemies":"Small Slimes","floor":8.0,"turns":1.0},{"damage":0.0,"enemies":"3 Sentries","floor":10.0,"turns":2.0},{"damage":30.0,"enemies":"Blue Slaver","floor":11.0,"turns":3.0},{"damage":28.0,"enemies":"3 Sentries","floor":13.0,"turns":3.0},{"damage":0.0,"enemies":"Looter","floor":14.0,"turns":1.0},{"damage":27.0,"enemies":"The Guardian","floor":16.0,"turns":7.0},{"damage":0.0,"enemies":"Spheric Guardian","floor":18.0,"turns":2.0},{"damage":10.0,"enemies":"Shell Parasite","floor":20.0,"turns":3.0},{"damage":5,"enemies":"3 Cultists","floor":22,"turns":3},{"damage":3,"enemies":"Book of Stabbing","floor":24,"turns":2},{"damage":3,"enemies":"Centurion and Healer","floor":25,"turns":2},{"damage":33,"enemies":"Snake Plant","floor":28,"turns":2},{"damage":47,"enemies":"Sentry and Sphere","floor":29,"turns":10}],"seed_played":"3941457608127871706","potions_obtained":[{"floor":4.0,"key":"PlaceholderMod:PlaceholderPotion"},{"floor":11.0,"key":"SpeedPotion"},{"floor":13.0,"key":"Ancient Potion"},{"floor":16.0,"key":"Block Potion"},{"floor":20.0,"key":"Ancient Potion"}],"is_trial":false,"path_per_floor":["M","$","?","M","$","R","E","M","T","E","M","$","?","M","R","B",null,"M","?","M","$","M","R","E","M","T","R","M","M"],"character_chosen":"THE_MANIAC","items_purchased":["maniac:ShelteringEdge"],"campfire_rested":1,"item_purchase_floors":[5],"current_hp_per_floor":[75,75,75,68,68,68,61,61,61,61,31,31,3,3,27,6,80,80,80,76,76,77,77,74,71,71,71,38,0,0],"gold":174,"neow_bonus":"","is_daily":false,"chose_seed":false,"campfire_upgraded":3,"win_rate":0.0,"timestamp":1609126676,"path_taken":["M","$","?","?","$","R","E","M","T","E","M","?","?","M","R","BOSS","M","?","M","$","M","R","E","M","T","R","M","M"],"items_purchased_type":["Card"],"build_version":"2020-12-22","purchased_purges":3,"victory":false,"max_hp_per_floor":[80,80,80,80,80,80,80,80,80,80,80,80,80,80,80,80,80,80,80,80,80,80,80,80,80,80,80,80,80,80],"card_choices":[{"not_picked":["Murderer","OSAHOGD"],"picked":"Scorched","floor":1.0},{"not_picked":["maniac:PanickyParry","maniac:Confront"],"picked":"maniac:DashForward","floor":1.0},{"not_picked":["maniac:SorceryHour","maniac:Feint"],"picked":"maniac:Assassinate","floor":4.0},{"not_picked":["OldLady","FairyFestival"],"picked":"FieryBird","floor":7.0},{"not_picked":["maniac:UndyingDesire","maniac:SecretBackups"],"picked":"maniac:PerceiveDanger","floor":7.0},{"not_picked":["maniac:FindAShortcut","maniac:ArmToTheTeeth"],"picked":"maniac:Feint","floor":8.0},{"not_picked":["maniac:ExpectedMoves","maniac:Infuriate"],"picked":"maniac:Intimidate","floor":10.0},{"not_picked":["CrumblingArmor","SingingMachine"],"picked":"QueenOfHatred","floor":11.0},{"not_picked":["maniac:UntravelledPath","maniac:AlleviatingSorcery"],"picked":"maniac:SeeingDetails","floor":11.0},{"not_picked":["maniac:UndyingDesire","maniac:Intimidate"],"picked":"maniac:Confront","floor":14.0},{"not_picked":["maniac:HammerDown","maniac:RallyToMe"],"picked":"maniac:FanTheHammer","floor":16.0},{"not_picked":["maniac:StormOfTime","maniac:Confront+1","maniac:Retrospect"],"picked":"SKIP","floor":18.0},{"not_picked":["maniac:BladeArtist","maniac:DashForward"],"picked":"maniac:SpectralKnives","floor":20.0},{"not_picked":["SpiderBud","HeroicMonk"],"picked":"MHz","floor":22},{"not_picked":["maniac:Recollect","maniac:Intimidate+1","maniac:WardAndDefend"],"picked":"SKIP","floor":22},{"not_picked":["FairyFestival","PlagueDoctor"],"picked":"GreedKing","floor":24},{"not_picked":["maniac:UndyingDesire","maniac:UntravelledPath","maniac:UniversalPerception"],"picked":"SKIP","floor":24},{"not_picked":["BeautyBeast","BodiesMountain"],"picked":"Variant","floor":25},{"not_picked":["maniac:ListenToNone","maniac:ShelteringEdge","maniac:PerceiveDanger+1"],"picked":"SKIP","floor":25},{"not_picked":["maniac:UndyingDesire","maniac:PerceiveDanger+1","maniac:FindAShortcut+1"],"picked":"SKIP","floor":28}],"player_experience":850236,"relics_obtained":[{"floor":7.0,"key":"Akabeko"},{"floor":9.0,"key":"Potion Belt"},{"floor":10.0,"key":"REME_HandOfSuture"},{"floor":13.0,"key":"Lantern"},{"floor":24,"key":"maniac:MarkerPen"},{"floor":26,"key":"War Paint"}],"event_choices":[{"damage_healed":0.0,"max_hp_gain":0.0,"max_hp_loss":0.0,"gold_gain":0.0,"event_name":"Wheel of Change","player_choice":"Cursed","floor":3.0,"gold_loss":0.0,"damage_taken":0.0,"cards_obtained":["Decay"]},{"damage_healed":0.0,"max_hp_gain":0.0,"max_hp_loss":0.0,"gold_gain":30.0,"event_name":"Dead Adventurer","player_choice":"Searched \u00272\u0027 times","floor":13.0,"gold_loss":0.0,"damage_taken":0.0},{"damage_healed":0.0,"max_hp_gain":0.0,"max_hp_loss":0.0,"gold_gain":0.0,"cards_transformed":["maniac:Strike","maniac:Strike"],"event_name":"Drug Dealer","player_choice":"Became Test Subject","floor":19.0,"gold_loss":0.0,"damage_taken":0.0,"cards_obtained":["maniac:BladeShoot","maniac:DashForward"]}],"is_beta":false,"boss_relics":[{"not_picked":["Calling Bell","Astrolabe"],"picked":"SoulBox"}],"items_purged_floors":[2,12,21],"is_endless":false,"potions_floor_spawned":[4,11,13,16,20,22,28],"killed_by":"Sentry and Sphere","ascension_level":0}}