{"host":"5bdt6s51dmpd4l3v","time":1609121344,"event":{"mods":["AchievementEnabler","BaseMod","Colored Map","Colored Powertips","Highlight Path","Minty Spire (QoL Compilation)","Quick Restart","Rare Cards Sparkle","StSLib"],"gold_per_floor":[117,117,117,192,192,219,219,254,280,293,293,309,309,321,321,399,399,416,433,433,51,64,89,89,89,89],"floor_reached":25,"playtime":694,"items_purged":[],"score":530,"play_id":"f52adaf9-ea15-4559-a6af-aedc54b3674c","local_time":"20201228100904","is_ascension_mode":true,"campfire_choices":[{"data":"Seeing Red","floor":7.0,"key":"SMITH"},{"data":"Flex","floor":11.0,"key":"SMITH"},{"data":"Armaments","floor":13.0,"key":"SMITH"},{"data":"Pommel Strike","floor":15.0,"key":"SMITH"},{"floor":24,"key":"REST"}],"circlet_count":0,"master_deck":["AscendersBane","Strike_R","Strike_R","Strike_R","Strike_R","Strike_R","Defend_R","Defend_R","Defend_R","Bash","Seeing Red+1","Parasite","Decay","Flex+1","Armaments+1","Pommel Strike+1","Second Wind","Double Tap","Inflame","Infernal Blade"],"relics":["Burning Blood","NeowsBlessing","Du-Vu Doll","Tiny Chest","Smiling Mask","Red Skull","Cursed Key","Mummified Hand","Turnip"],"acts_visited":["Exordium","TheCity"],"potions_floor_usage":[22,23,23,23,23,23],"damage_taken":[{"damage":0.0,"enemies":"Cultist","floor":1.0,"turns":1.0},{"damage":0.0,"enemies":"Lagavulin","floor":6.0,"turns":1.0},{"damage":0.0,"enemies":"3 Sentries","floor":8.0,"turns":2.0},{"damage":12.0,"enemies":"Small Slimes","floor":10.0,"turns":2.0},{"damage":4.0,"enemies":"2 Louse","floor":12.0,"turns":2.0},{"damage":16.0,"enemies":"Gremlin Gang","floor":14.0,"turns":4.0},{"damage":21.0,"enemies":"Slime Boss","floor":16.0,"turns":7.0},{"damage":8.0,"enemies":"2 Thieves","floor":18.0,"turns":3.0},{"damage":36.0,"enemies":"3 Byrds","floor":19.0,"turns":5.0},{"damage":20,"enemies":"Snecko","floor":22,"turns":5},{"damage":33,"enemies":"Gremlin Leader","floor":23,"turns":3},{"damage":39,"enemies":"Book of Stabbing","floor":25,"turns":3}],"seed_played":"-1595702232049443947","potions_obtained":[{"floor":6.0,"key":"PowerPotion"},{"floor":12.0,"key":"Block Potion"},{"floor":14.0,"key":"Strength Potion"},{"floor":16.0,"key":"SkillPotion"},{"floor":18.0,"key":"Strength Potion"},{"floor":22,"key":"EntropicBrew"}],"is_trial":false,"path_per_floor":["M","T","$","?","?","E","R","E","T","M","R","M","R","M","R","B",null,"M","M","?","$","M","E","R","E"],"character_chosen":"IRONCLAD","items_purchased":["Mummified Hand","HeartOfIron"],"campfire_rested":1,"item_purchase_floors":[21,21],"current_hp_per_floor":[74,74,74,63,63,69,69,75,75,69,69,71,71,61,61,46,68,66,36,36,36,22,10,32,0,0],"gold":89,"neow_bonus":"THREE_ENEMY_KILL","is_daily":false,"chose_seed":false,"campfire_upgraded":4,"win_rate":0.0,"timestamp":1609121344,"path_taken":["M","?","$","?","?","E","R","E","T","M","R","M","R","M","R","BOSS","M","?","?","$","?","E","R","E"],"items_purchased_type":["Relic","Potion"],"build_version":"2020-12-22","purchased_purges":0,"victory":false,"max_hp_per_floor":[75,75,75,75,75,75,75,75,75,75,75,75,75,75,75,75,75,75,75,75,75,75,75,75,75,75],"card_choices":[{"not_picked":["Cleave","Havoc"],"picked":"Seeing Red","floor":1.0},{"not_picked":["Rupture","Combust","Demon Form"],"picked":"SKIP","floor":6.0},{"not_picked":["Thunderclap","Rupture"],"picked":"Flex","floor":8.0},{"not_picked":["Flex","Dark Embrace"],"picked":"Armaments","floor":10.0},{"not_picked":["Flame Barrier","Bloodletting"],"picked":"Pommel Strike","floor":12.0},{"not_picked":["Flex","Hemokinesis"],"picked":"Second Wind","floor":14.0},{"not_picked":["Juggernaut","Berserk"],"picked":"Double Tap","floor":16.0},{"not_picked":["True Grit","Searing Blow","Clash"],"picked":"SKIP","floor":18.0},{"not_picked":["Cleave","Thunderclap"],"picked":"Inflame","floor":19.0},{"not_picked":["Blood for Blood","Clash+1"],"picked":"Infernal Blade","floor":22},{"not_picked":["Flex","Second Wind","Pommel Strike"],"picked":"SKIP","floor":23}],"player_experience":266490,"relics_obtained":[{"floor":2.0,"key":"Du-Vu Doll"},{"floor":6.0,"key":"Tiny Chest"},{"floor":8.0,"key":"Smiling Mask"},{"floor":9.0,"key":"Red Skull"},{"floor":23,"key":"Turnip"}],"event_choices":[{"damage_healed":0.0,"max_hp_gain":0.0,"max_hp_loss":0.0,"gold_gain":75.0,"event_name":"World of Goop","player_choice":"Gather Gold","floor":4.0,"gold_loss":0.0,"damage_taken":11.0},{"damage_healed":0.0,"max_hp_gain":0.0,"max_hp_loss":0.0,"gold_gain":0.0,"event_name":"Match and Keep!","player_choice":"2 cards matched","floor":5.0,"gold_loss":0.0,"damage_taken":0.0,"cards_obtained":["Parasite","Decay"]},{"cards_removed":["Defend_R"],"damage_healed":0.0,"max_hp_gain":0.0,"max_hp_loss":0.0,"gold_gain":0.0,"event_name":"Bonfire Elementals","player_choice":"Offered Basic","floor":20.0,"gold_loss":0.0,"damage_taken":0.0}],"is_beta":false,"boss_relics":[{"not_picked":["Mark of Pain","Pandora\u0027s Box"],"picked":"Cursed Key"}],"items_purged_floors":[],"is_endless":false,"potions_floor_spawned":[6,12,14,16,18,22],"killed_by":"Book of Stabbing","ascension_level":18}}