{"host":"hpblg3770qrn5zz2","time":1609141023,"event":{"mods":["BaseMod","Downfall","Duelist Mod","Minty Spire (QoL Compilation)","Replay The Spire","StSLib"],"gold_per_floor":[99,116,133,151,165,165,165,178,192,38,38,51,51,64,76,173,173,173,173,183,200,36,36,36,36,36,36],"floor_reached":25,"playtime":1786,"items_purged":[],"score":197,"play_id":"131f2db4-da7d-439d-97ed-ffe2a5a2edad","local_time":"20201227233703","is_ascension_mode":false,"campfire_choices":[{"data":"Slimebound:Split","floor":1,"key":"SMITH"},{"floor":6,"key":"REST"},{"floor":13,"key":"RECALL"},{"data":"Slimebound:MinionMaster","floor":18,"key":"SMITH"},{"data":"Slimebound:FirmFortitude","floor":23,"key":"SMITH"}],"circlet_count":0,"master_deck":["Slimebound:Strike_Slimebound","Slimebound:Strike_Slimebound","Slimebound:Strike_Slimebound","Slimebound:Tackle","Slimebound:Defend_Slimebound","Slimebound:Defend_Slimebound","Slimebound:Defend_Slimebound","Slimebound:Defend_Slimebound","Slimebound:Split+1","Slimebound:CorrosiveSpit","Slimebound:Grow","Slimebound:LeechEnergy","Slimebound:ItLooksTasty","Slimebound:SplitAcid","Slimebound:RollThrough","Slimebound:TongueLash","Slimebound:Schlurp","Slimebound:ForwardTackle","Slimebound:FinishingTackle","Slimebound:SlimeBarrage+1","Slimebound:SplitLeeching","Slimebound:LeechingTouch","Slimebound:MinionMaster+1","Slimebound:PressTheAttack","Slimebound:SplitMire+1","Slimebound:LeadByExample","Slimebound:LeechEnergy","Slimebound:FirmFortitude+1","Slimebound:SplitLeeching"],"relics":["Slimebound:AbsorbEndCombat","Slimebound:TarBlob","Onion Ring"],"acts_visited":["Exordium","TheCity"],"potions_floor_usage":[16],"damage_taken":[{"damage":18,"enemies":"2 Louse","floor":2,"turns":2},{"damage":17,"enemies":"Cultist","floor":3,"turns":4},{"damage":14,"enemies":"Jaw Worm","floor":4,"turns":3},{"damage":19,"enemies":"Gremlin Gang","floor":5,"turns":5},{"damage":12,"enemies":"2 Fungi Beasts","floor":8,"turns":3},{"damage":21,"enemies":"Exordium Thugs","floor":9,"turns":3},{"damage":20,"enemies":"downfall:FleeingMerchant","floor":10,"turns":4},{"damage":23,"enemies":"Gremlin Gang","floor":12,"turns":3},{"damage":18,"enemies":"Large Slime","floor":14,"turns":4},{"damage":27,"enemies":"Exordium Wildlife","floor":15,"turns":4},{"damage":58,"enemies":"downfall:Watcher","floor":16,"turns":8},{"damage":47,"enemies":"Spheric Guardian","floor":20,"turns":5},{"damage":28,"enemies":"Chosen","floor":21,"turns":3},{"damage":13,"enemies":"downfall:FleeingMerchant","floor":22,"turns":4},{"damage":76,"enemies":"3 Cultists","floor":25,"turns":4}],"seed_played":"7677602852583437320","potions_obtained":[{"floor":2,"key":"champ:CounterPotion"},{"floor":5,"key":"Explosive Potion"},{"floor":14,"key":"Slimebound:SpawnSlimePotion"},{"floor":15,"key":"Fire Potion"},{"floor":16,"key":"Strength Potion"}],"is_trial":false,"path_per_floor":["R","M","M","M","M","R","T","M","M","$","?","M","R","M","M","B",null,"R","?","M","M","$","R","T","M"],"character_chosen":"SLIMEBOUND","items_purchased":["Slimebound:ForwardTackle","Slimebound:FinishingTackle","Slimebound:GoopSpray","Slimebound:LeechEnergy","Slimebound:FirmFortitude","Slimebound:SplitLeeching"],"campfire_rested":1,"item_purchase_floors":[10,10,10,22,22,22],"current_hp_per_floor":[66,56,55,57,50,66,66,62,53,61,66,60,60,66,55,49,66,66,66,47,53,66,66,66,0,0,0],"gold":36,"neow_bonus":"TEN_PERCENT_HP_BONUS","is_daily":false,"chose_seed":false,"campfire_upgraded":3,"win_rate":0.0,"timestamp":1609141023,"path_taken":["R","M","M","M","M","R","T","M","M","$","?","M","R","?","M","BOSS","R","?","M","M","$","R","T","M"],"items_purchased_type":["Card","Card","Card","Card","Card","Card"],"build_version":"2020-12-22","purchased_purges":0,"victory":false,"max_hp_per_floor":[66,66,66,66,66,66,66,66,66,66,66,66,66,66,66,66,66,66,66,66,66,66,66,66,66,66,66],"card_choices":[{"not_picked":["Slimebound:LeechingTouch","Slimebound:SlimeSpikes"],"picked":"Slimebound:Grow","floor":2},{"not_picked":["Slimebound:GrowthPunch","Slimebound:SamplingLick"],"picked":"Slimebound:LeechEnergy","floor":3},{"not_picked":["Slimebound:BestDefense","Slimebound:ForwardTackle"],"picked":"Slimebound:ItLooksTasty","floor":4},{"not_picked":["Slimebound:LeechingTouch","Slimebound:SamplingLick"],"picked":"Slimebound:SplitAcid","floor":5},{"not_picked":["Slimebound:SamplingLick","Slimebound:SlimeBrawl"],"picked":"Slimebound:RollThrough","floor":8},{"not_picked":["Slimebound:FormOfPuddle","Slimebound:MinionMaster"],"picked":"Slimebound:TongueLash","floor":9},{"not_picked":["Slimebound:ItLooksTasty","Slimebound:GoopSpray"],"picked":"Slimebound:Schlurp","floor":10},{"not_picked":["Slimebound:Replication","Slimebound:Repurpose"],"picked":"Slimebound:SlimeBarrage","floor":12},{"not_picked":["Slimebound:LeechingTouch","Slimebound:LeechEnergy"],"picked":"Slimebound:SplitLeeching","floor":14},{"not_picked":["Slimebound:FinishingTackle","Slimebound:ComboTackle"],"picked":"Slimebound:LeechingTouch","floor":15},{"not_picked":["Slimebound:PrepareCrush","Slimebound:SelfFormingGoo"],"picked":"Slimebound:MinionMaster","floor":16},{"not_picked":["Slimebound:Grow","Slimebound:ViciousTackle+1"],"picked":"Slimebound:PressTheAttack","floor":20},{"not_picked":["Slimebound:ViciousTackle+1","Slimebound:RollThrough"],"picked":"Slimebound:SplitMire+1","floor":21},{"not_picked":["Slimebound:SamplingLick","Slimebound:Equalize+1"],"picked":"Slimebound:LeadByExample","floor":22}],"player_experience":2572,"relics_obtained":[{"floor":24,"key":"Onion Ring"}],"event_choices":[{"cards_removed":["Slimebound:GoopSpray"],"damage_healed":5,"gold_gain":0,"player_choice":"Offered Common","damage_taken":0,"max_hp_gain":0,"max_hp_loss":0,"event_name":"Bonfire Elementals","floor":11,"gold_loss":0},{"cards_removed":["Slimebound:GoopSpray"],"damage_healed":5,"gold_gain":0,"player_choice":"Offered Special","damage_taken":0,"max_hp_gain":0,"max_hp_loss":0,"event_name":"Bonfire Elementals","floor":11,"gold_loss":0},{"damage_healed":0,"gold_gain":0,"player_choice":"Forge","damage_taken":0,"max_hp_gain":0,"max_hp_loss":0,"event_name":"Accursed Blacksmith","floor":19,"gold_loss":0,"cards_upgraded":["Slimebound:SlimeBarrage"]}],"is_beta":false,"boss_relics":[{"not_picked":["ReplayTheSpireMod:DimensionalGlitch","Runic Pyramid"],"picked":"Slimebound:TarBlob"}],"items_purged_floors":[],"is_endless":false,"potions_floor_spawned":[2,5,14,15,16,20],"killed_by":"3 Cultists","ascension_level":0}}