{"host":"tfkz8stxzb1up54p","time":1609132527,"event":{"mods":["AchievementEnabler","BaseMod","Block Reminder","Colored Powertips","Disable Question Mark Monsters","Emptier Cage","Gold Saver","Gremlin Skip","Highlight Path","Minty Spire (QoL Compilation)","Permanent Neow","StSLib"],"gold_per_floor":[845,845,865,87,237,237,275,288,288,288,319,15,15,15],"floor_reached":13,"playtime":735,"items_purged":["Injury","Doubt"],"score":182,"play_id":"a764c267-27cf-4b55-951c-bb807fce79c3","local_time":"20201228051527","is_ascension_mode":true,"campfire_choices":[{"floor":6,"key":"REST"},{"floor":10,"key":"REST"}],"circlet_count":0,"master_deck":["AscendersBane","Strike_B","Strike_B","Strike_B","Strike_B","Defend_B","Defend_B+1","Defend_B","Defend_B","Zap","Dualcast","Aggregate","Tempest+1","Multi-Cast","Blind","Loop+1","BootSequence","Ball Lightning","Self Repair+1"],"relics":["Cracked Core","Golden Idol","Pear","Toolbox","Frozen Egg 2","Blue Candle","War Paint","Chemical X"],"acts_visited":["Exordium"],"potions_floor_usage":[7],"damage_taken":[{"damage":6,"enemies":"Cultist","floor":1,"turns":3},{"damage":12,"enemies":"Small Slimes","floor":3,"turns":4},{"damage":57,"enemies":"Gremlin Nob","floor":7,"turns":5},{"damage":5,"enemies":"Jaw Worm","floor":8,"turns":4},{"damage":16,"enemies":"3 Sentries","floor":11,"turns":3},{"damage":30,"enemies":"Lagavulin","floor":13,"turns":4}],"seed_played":"-8325171988857760127","potions_obtained":[{"floor":3,"key":"FearPotion"}],"is_trial":false,"path_per_floor":["M","?","M","$","?","R","E","M","T","R","E","$","E"],"character_chosen":"DEFECT","items_purchased":["Pear","Toolbox","Multi-Cast","Blind","Self Repair+1","Chemical X"],"campfire_rested":2,"item_purchase_floors":[4,4,4,4,12,12],"current_hp_per_floor":[58,58,46,56,56,80,23,18,18,42,26,26,0,0],"gold":15,"neow_bonus":"HUNDRED_GOLD","is_daily":false,"chose_seed":false,"campfire_upgraded":0,"win_rate":0.0,"timestamp":1609132527,"path_taken":["M","?","M","$","?","R","E","M","T","R","E","?","E"],"items_purchased_type":["Relic","Relic","Card","Card","Card","Relic"],"build_version":"2020-12-22","purchased_purges":2,"victory":false,"max_hp_per_floor":[71,71,71,81,81,81,81,81,81,81,81,81,81,81],"card_choices":[{"not_picked":["Streamline","Leap"],"picked":"Aggregate","floor":1},{"not_picked":["Redo","Gash"],"picked":"Tempest","floor":3},{"not_picked":["Consume","Compile Driver"],"picked":"Loop+1","floor":7},{"not_picked":["Sweeping Beam","Glacier"],"picked":"BootSequence","floor":8},{"not_picked":["Skim","Gash"],"picked":"Ball Lightning","floor":11}],"player_experience":1243989,"relics_obtained":[{"floor":7,"key":"Frozen Egg 2"},{"floor":9,"key":"Blue Candle"},{"floor":11,"key":"War Paint"}],"event_choices":[{"damage_healed":0,"gold_gain":0,"player_choice":"Take Wound","damage_taken":0,"relics_obtained":["Golden Idol"],"max_hp_gain":0,"max_hp_loss":0,"event_name":"Golden Idol","floor":2,"gold_loss":0,"cards_obtained":["Injury"]},{"damage_healed":0,"gold_gain":150,"player_choice":"AGREE","damage_taken":0,"max_hp_gain":0,"max_hp_loss":0,"event_name":"Liars Game","floor":5,"gold_loss":0,"cards_obtained":["Doubt"]}],"is_beta":false,"boss_relics":[],"items_purged_floors":[4,12],"is_endless":false,"potions_floor_spawned":[3],"killed_by":"Lagavulin","ascension_level":20}}