{"host":"zv85muor2723jdwz","time":1609127028,"event":{"mods":["Arknights The Spire","BaseMod","Better Vampires","CapriCore","Decade(王小明)","KinomotoSakuraMod(木之本樱)","KomeijiMod","Marisa（F雨　魔理沙）","Marked Mod","Minty Spire (QoL Compilation)","Reimu（博丽灵梦）","Remilia（蕾米莉亚）","StSLib","The Cursed","The Immortal","The Runesmith","The Servant 0.9.4","WarShipGirlsR/战舰少女R mod","Yakumo Yukari mod","Youmu（魂魄妖梦）","Yuri Mod","Yuyuko","【遗物卡牌】REMEMod"],"gold_per_floor":[110,110,110,73,83,83,83,115,115,115,115,130,130,161,161,263,263,279,279,297,222,20,20,33,66,93,104,104,104,118,129,129,228,228,318,318,337,337,337],"floor_reached":38,"playtime":2521,"items_purged":[],"score":525,"play_id":"271b5df1-88e2-4c19-a9f9-2136f6fbf055","local_time":"20201228114348","is_ascension_mode":true,"campfire_choices":[{"data":"The Forgotten Winter","floor":6.0,"key":"SMITH"},{"data":"Death Dancing","floor":10.0,"key":"SMITH"},{"data":"Mirror_WaveAndshot_purple","floor":13.0,"key":"SMITH"},{"floor":15.0,"key":"REST"},{"floor":23.0,"key":"RECALL"},{"floor":28.0,"key":"REST"},{"floor":32,"key":"REST"}],"circlet_count":0,"master_deck":["Fantasy Butterflies","Fantasy Butterflies","Fantasy Butterflies","Dreamy Sakura","Dreamy Sakura","Dreamy Sakura","Dreamy Sakura","Dreamy Sakura","Faramita\u0027s Temptation","The Forgotten Winter+1","Death Dancing+1","Reverse The Screen","Death Dancing","Mirror_WaveAndshot_purple+1","Ghostdom Sakura","City of Death","Home of Suicide","Dream of Spring","Final of Final","Gauzy Sakura","Lunch+1","Sweet of Phantom","Unpaved Way","Bloom","Wandering Soul","REME_WheelOfFate","Ghost Lead","Home of Suicide+1","Gauzy Sakura+1","Stifle+1","Gather the Spring+1","Chrysalis"],"relics":["Coronal","Yuyuko\u0027s fan","REME_ComplimentaryCards","NeowsBlessing","Strawberry","Kunai","REME_IWantAll","REME_LowDesire","REME_PuzzleBoxRelic","Pen Nib","Lee\u0027s Waffle","Ornamental Fan","Blood Vial","Astrolabe"],"acts_visited":["Exordium","TheCity","TheBeyond"],"potions_floor_usage":[33,33],"damage_taken":[{"damage":1.0,"enemies":"2 Louse","floor":1.0,"turns":1.0},{"damage":1.0,"enemies":"Jaw Worm","floor":5.0,"turns":1.0},{"damage":1.0,"enemies":"Lagavulin","floor":8.0,"turns":1.0},{"damage":21.0,"enemies":"Small Slimes","floor":12.0,"turns":5.0},{"damage":52.0,"enemies":"3 Sentries","floor":14.0,"turns":7.0},{"damage":81.0,"enemies":"Slime Boss","floor":16.0,"turns":13.0},{"damage":35.0,"enemies":"3 Byrds","floor":18.0,"turns":5.0},{"damage":24.0,"enemies":"Spheric Guardian","floor":20.0,"turns":3.0},{"damage":49.0,"enemies":"Snake Plant","floor":24.0,"turns":5.0},{"damage":97.0,"enemies":"Book of Stabbing","floor":25.0,"turns":9.0},{"damage":35.0,"enemies":"Shelled Parasite and Fungi","floor":27.0,"turns":5.0},{"damage":17,"enemies":"Centurion and Healer","floor":30,"turns":4},{"damage":24,"enemies":"Snake Plant","floor":31,"turns":4},{"damage":142,"enemies":"Collector","floor":33,"turns":10},{"damage":110,"enemies":"3 Shapes","floor":35,"turns":6},{"damage":6,"enemies":"3 Darklings","floor":37,"turns":3},{"damage":0,"enemies":"Sphere and 2 Shapes","floor":38,"turns":1}],"seed_played":"-8125147725492793608","potions_obtained":[{"floor":5.0,"key":"Explosive Potion"},{"floor":8.0,"key":"EssenceOfSteel"},{"floor":12.0,"key":"Turbid Wine"},{"floor":14.0,"key":"Turbid Wine"},{"floor":18.0,"key":"Fruit Juice"},{"floor":25.0,"key":"Fire Potion"},{"floor":27.0,"key":"Turbid Wine"},{"floor":31,"key":"DuplicationPotion"},{"floor":37,"key":"CalmPotion"}],"is_trial":false,"path_per_floor":["M","?","?","$","M","R","?","E","T","R","?","M","R","E","R","B",null,"M","?","M","?","$","R","M","E","T","M","R","?","M","M","R","B",null,"M","?","M","M"],"character_chosen":"YUYOKO","items_purchased":["Death Dancing","Unborn Light","Lee\u0027s Waffle"],"campfire_rested":3,"item_purchase_floors":[4,22,22],"current_hp_per_floor":[39,39,32,32,31,31,40,46,46,46,46,33,33,27,42,40,53,36,63,46,46,70,70,65,30,30,70,75,75,70,59,79,37,79,15,15,34,36,36],"gold":337,"neow_bonus":"THREE_ENEMY_KILL","is_daily":false,"chose_seed":false,"campfire_upgraded":3,"win_rate":0.0,"timestamp":1609127028,"path_taken":["M","?","?","$","M","R","?","E","T","R","?","?","R","E","R","BOSS","M","?","?","?","$","R","M","E","T","M","R","?","M","M","R","BOSS","M","?","M","?"],"items_purchased_type":["Card","Card","Relic"],"build_version":"2020-12-22","purchased_purges":0,"victory":false,"max_hp_per_floor":[40,40,40,40,40,40,40,47,47,47,47,47,47,50,50,53,53,53,63,63,63,70,70,70,75,75,75,75,75,75,79,79,79,79,79,79,79,79,79],"card_choices":[{"not_picked":["Become Phantom","All Wander"],"picked":"The Forgotten Winter","floor":1.0},{"not_picked":["Redemption of Death","Fondling of Papilio"],"picked":"Final of Final","floor":5.0},{"not_picked":["End of Faramita","Phantom Butterflies"],"picked":"Reverse The Screen","floor":8.0},{"not_picked":["Trap Lamp","Fondling of Papilio"],"picked":"Death Dancing","floor":12.0},{"not_picked":["Spear of Papilio","Ghostdom Sakura","City of Death"],"picked":"Singing Bowl","floor":14.0},{"not_picked":["Home of Suicide","Float on Moon","Dream of Spring"],"picked":"Singing Bowl","floor":16.0},{"not_picked":["Reverse The Screen","Dark Wind+1","Secret Weapon"],"picked":"Final of Final","floor":18.0},{"not_picked":["Dying Butterflies","Phantom Gift","REME_TwoStrings"],"picked":"Gauzy Sakura","floor":20.0},{"not_picked":["Death Dancing","Butterflies in Dream+1","Dark Wind+1","REME_ProfessionalPlagiarism"],"picked":"SKIP","floor":24.0},{"not_picked":["Gauzy Sakura","Fondling of Papilio","Deep Breath+1"],"picked":"Lunch+1","floor":25.0},{"not_picked":["Serene Spring","Dark Wind","Mind Blast"],"picked":"Sweet of Phantom","floor":27.0},{"not_picked":["Wandering Soul","Final of Final","Panacea"],"picked":"Dying Butterflies","floor":30},{"not_picked":["Unpaved Way","Bloom","Wandering Soul","REME_WheelOfFate"],"picked":"Singing Bowl","floor":31},{"not_picked":["Scenery of Papilio","Float on Moon","REME_HeartOfCthun"],"picked":"Ghost Lead","floor":33},{"not_picked":["Wandering Soul","Postpone Bloom","HandOfGreed"],"picked":"Gather the Spring+1","floor":35},{"not_picked":["The Forgotten Winter","End of Faramita","Unstable Ward"],"picked":"Chrysalis","floor":37}],"player_experience":51727,"relics_obtained":[{"floor":8.0,"key":"Strawberry"},{"floor":14.0,"key":"REME_IWantAll"},{"floor":17.0,"key":"REME_PuzzleBoxRelic"},{"floor":17.0,"key":"Pen Nib"},{"floor":25.0,"key":"Ornamental Fan"},{"floor":26.0,"key":"Blood Vial"}],"event_choices":[{"cards_removed":["Deathly Ground"],"damage_healed":0.0,"max_hp_gain":0.0,"max_hp_loss":0.0,"gold_gain":0.0,"event_name":"Golden Wing","player_choice":"Card Removal","floor":3.0,"gold_loss":0.0,"damage_taken":7.0},{"damage_healed":0.0,"max_hp_gain":0.0,"max_hp_loss":0.0,"gold_gain":0.0,"event_name":"WeMeetAgain","player_choice":"Gave Potion","floor":11.0,"gold_loss":0.0,"damage_taken":0.0,"relics_obtained":["Kunai"]},{"cards_removed":["Float on Moon"],"damage_healed":17.0,"max_hp_gain":10.0,"max_hp_loss":0.0,"gold_gain":0.0,"event_name":"Bonfire Elementals","player_choice":"Offered Rare","floor":19.0,"gold_loss":0.0,"damage_taken":0.0},{"cards_removed":["Spear of Papilio"],"damage_healed":0.0,"max_hp_gain":0.0,"max_hp_loss":0.0,"gold_gain":0.0,"event_name":"Beggar","player_choice":"Gave Gold","floor":21.0,"gold_loss":75.0,"damage_taken":0.0},{"cards_removed":["Fantasy Butterflies"],"damage_healed":0,"gold_gain":0,"player_choice":"Elegance","damage_taken":0,"max_hp_gain":0,"max_hp_loss":0,"event_name":"Back to Basics","floor":29,"gold_loss":0},{"cards_removed":["Dying Butterflies"],"damage_healed":0,"gold_gain":0,"player_choice":"Purged","damage_taken":0,"max_hp_gain":0,"max_hp_loss":0,"event_name":"Purifier","floor":36,"gold_loss":0}],"is_beta":false,"boss_relics":[{"not_picked":["Sozu","Busted Crown"],"picked":"REME_LowDesire"},{"not_picked":["Calling Bell","Blue Kimono"],"picked":"Astrolabe"}],"items_purged_floors":[],"is_endless":false,"potions_floor_spawned":[5,8,12,18,20,25,31,37],"killed_by":"Sphere and 2 Shapes","ascension_level":1}}