{"host":"bf9sa99gaumonoeu","time":1609196775,"event":{"mods":["AchievementEnabler","BaseMod","Colored Map","Downfall","Friendly Minions","Infinite Spire","Marisa????????","Minty Spire (QoL Compilation)","Replay The Spire","StSLib","The Cursed","The Disciple","The Servant 0.9.4","everything is the same but u backflip on backflip","slay the spire mod where everything is the same but ironclad has a cowboy hat"],"gold_per_floor":[113,128,128,53,53,53,69,81,81,108,108,108,124,199,199,270,270,285,285,297,297,212,212,212,237,237,237,237,254,273,286,286,363,363,383,383,393,1,26,26,39,39,39],"floor_reached":42,"playtime":4105,"items_purged":["Dagger Throw","Slimebound:Tackle+1"],"score":815,"play_id":"e88c825f-cdd8-47af-8887-a44d36430b0a","local_time":"20201228210615","is_ascension_mode":true,"campfire_choices":[{"floor":6.0,"key":"REST"},{"floor":12.0,"key":"REST"},{"floor":15.0,"key":"REST"},{"data":"Venomology","floor":23,"key":"SMITH"},{"data":"Catalyst","floor":28,"key":"SMITH"},{"data":"Neutralize","floor":28,"key":"SMITH"},{"floor":32,"key":"REST"},{"data":"Storm of Steel","floor":40,"key":"SMITH"},{"data":"Finisher","floor":40,"key":"SMITH"}],"circlet_count":0,"master_deck":["AscendersBane","Defend_G","Defend_G","Defend_G","Survivor","Neutralize+1","Backflip+1","Deadly Poison","Blade Dance","Cloak And Dagger","ReplayTheSpireMod:??????????????????????","Catalyst+1","Venomology+1","PiercingWail","Slimebound:Tackle+1","Slimebound:Tackle+1","ReplayTheSpireMod:Speed Training","CurseOfTheBell","Finisher+1","ReplayTheSpireMod:Scrap Shanks","Flechettes+1","Bullet Time","Blade Dance+1","Storm of Steel+1","Parasite","PiercingWail+1","Underhanded Strike"],"relics":["Ring of the Snake","infinitespire:BottledMercury","Replay:Bottled Flurry","Runic Pyramid","Regal Pillow","Happy Flower","Ornamental Fan","Calling Bell","Shuriken","Replay:Arrowhead","Tiny Chest","Replay:Bronze Core","Lee\u0027s Waffle"],"acts_visited":["Exordium","TheCity","TheBeyond"],"potions_floor_usage":[20,20,25,25,29,30,31,31,33,33,35,39,41,41],"damage_taken":[{"damage":0.0,"enemies":"2 Louse","floor":1.0,"turns":4.0},{"damage":2.0,"enemies":"Jaw Worm","floor":2.0,"turns":4.0},{"damage":1.0,"enemies":"Small Slimes","floor":7.0,"turns":4.0},{"damage":3.0,"enemies":"3 Louse","floor":8.0,"turns":5.0},{"damage":11.0,"enemies":"Replay:BlueRogue","floor":10.0,"turns":7.0},{"damage":0.0,"enemies":"Looter","floor":13.0,"turns":4.0},{"damage":16.0,"enemies":"Slime Boss","floor":16.0,"turns":12.0},{"damage":4.0,"enemies":"Shell Parasite","floor":18.0,"turns":6.0},{"damage":3,"enemies":"2 Thieves","floor":20,"turns":4},{"damage":1,"enemies":"Replay:Snechameleon","floor":25,"turns":7},{"damage":9,"enemies":"Sentry and Sphere","floor":29,"turns":10},{"damage":0,"enemies":"Centurion and Healer","floor":30,"turns":6},{"damage":6,"enemies":"Snake Plant","floor":31,"turns":4},{"damage":50,"enemies":"Collector","floor":33,"turns":7},{"damage":13,"enemies":"Orb Walker","floor":35,"turns":3},{"damage":0,"enemies":"3 Shapes","floor":37,"turns":5},{"damage":12,"enemies":"Writhing Mass","floor":39,"turns":7},{"damage":40,"enemies":"Sphere and 2 Shapes","floor":41,"turns":6},{"damage":64,"enemies":"Spire Growth","floor":42,"turns":5}],"seed_played":"8726715364766178554","potions_obtained":[{"floor":1.0,"key":"Reflective Coating"},{"floor":7.0,"key":"sneckomod:MuddlingPotion"},{"floor":8.0,"key":"Guardian:BlockOnCardUsePotion"},{"floor":20,"key":"Flashbang"},{"floor":29,"key":"Swift Potion"},{"floor":30,"key":"sneckomod:MuddlingPotion"},{"floor":31,"key":"Milkshake"},{"floor":35,"key":"DuplicationPotion"},{"floor":39,"key":"AttackPotion"}],"is_trial":false,"path_per_floor":["M","M","?","?","?","R","M","M","T","E","?","R","M","?","R","B",null,"M","?","M","?","?","R","?","E","T","AVR","R","M","M","M","R","B",null,"M","?","M","$","M","R","M","M"],"character_chosen":"THE_SILENT","items_purchased":["Storm of Steel","Lee\u0027s Waffle"],"campfire_rested":4,"item_purchase_floors":[38,38],"current_hp_per_floor":[44,42,22,22,22,41,40,37,37,26,10,29,29,18,37,21,55,51,51,48,48,48,48,48,47,47,47,47,38,38,32,66,16,54,41,41,41,73,61,61,21,0,0],"gold":39,"neow_bonus":"REMOVE_TWO","is_daily":false,"chose_seed":false,"campfire_upgraded":5,"win_rate":0.0,"timestamp":1609196775,"path_taken":["M","M","?","?","?","R","M","M","T","E","?","R","M","?","R","BOSS","M","?","?","?","?","R","?","E","T","AVR","R","M","M","M","R","BOSS","M","?","M","$","M","R","M","M"],"items_purchased_type":["Card","Relic"],"build_version":"2020-12-22","purchased_purges":2,"victory":false,"max_hp_per_floor":[66,66,66,66,66,66,66,66,66,66,66,66,66,66,66,66,66,66,66,66,66,66,66,66,66,66,66,66,66,66,66,66,66,66,66,66,66,73,73,73,73,73,73],"card_choices":[{"not_picked":["Deflect","ReplayTheSpireMod:Tripwire"],"picked":"Backflip","floor":1.0},{"not_picked":["ReplayTheSpireMod:The Works","Underhanded Strike"],"picked":"Deadly Poison","floor":2.0},{"not_picked":["ReplayTheSpireMod:The Works","ReplayTheSpireMod:Exploit Weakness","Concentrate"],"picked":"SKIP","floor":7.0},{"not_picked":["Poisoned Stab","Flying Knee"],"picked":"Blade Dance","floor":8.0},{"not_picked":["Slice","Dodge and Roll"],"picked":"Cloak And Dagger","floor":10.0},{"not_picked":["infinitespire:FutureSight","infinitespire:Execution"],"picked":"ReplayTheSpireMod:??????????????????????","floor":11.0},{"not_picked":["Tactician","Deflect"],"picked":"Dagger Throw","floor":13.0},{"not_picked":["Dodge and Roll","Replay:Poison Smokescreen+1"],"picked":"Catalyst","floor":18.0},{"not_picked":["ReplayTheSpireMod:The Works","Acrobatics"],"picked":"PiercingWail","floor":20},{"not_picked":["ReplayTheSpireMod:Tripwire","Deflect"],"picked":"ReplayTheSpireMod:Speed Training","floor":25},{"not_picked":["Infinite Blades","Flying Knee"],"picked":"Finisher","floor":29},{"not_picked":["Slice","Wraith Form v2"],"picked":"ReplayTheSpireMod:Scrap Shanks","floor":30},{"not_picked":["Terror","Deflect"],"picked":"Flechettes+1","floor":31},{"not_picked":["Grand Finale","infinitespire:Neurotoxin"],"picked":"Bullet Time","floor":33},{"not_picked":["Quick Slash","PiercingWail+1"],"picked":"Blade Dance+1","floor":35},{"not_picked":["Flying Knee+1","Acrobatics","Choke"],"picked":"SKIP","floor":37},{"not_picked":["Dagger Throw","Crippling Poison"],"picked":"PiercingWail+1","floor":39},{"not_picked":["Caltrops","ReplayTheSpireMod:Tripwire+1"],"picked":"Underhanded Strike","floor":41}],"player_experience":526594,"relics_obtained":[{"floor":9.0,"key":"infinitespire:BottledMercury"},{"floor":10.0,"key":"Replay:Bottled Flurry"},{"floor":25,"key":"Happy Flower"},{"floor":26,"key":"Ornamental Fan"},{"floor":27,"key":"Shuriken"},{"floor":27,"key":"Replay:Arrowhead"},{"floor":27,"key":"Tiny Chest"}],"event_choices":[{"damage_healed":0.0,"max_hp_gain":0.0,"max_hp_loss":0.0,"gold_gain":0.0,"event_name":"Shining Light","player_choice":"Entered Light","floor":3.0,"gold_loss":0.0,"damage_taken":20.0,"cards_upgraded":["Strike_G","Strike_G"]},{"cards_removed":["Defend_G"],"damage_healed":0.0,"max_hp_gain":0.0,"max_hp_loss":0.0,"gold_gain":0.0,"event_name":"The Cleric","player_choice":"Card Removal","floor":4.0,"gold_loss":75.0,"damage_taken":0.0},{"damage_healed":0.0,"max_hp_gain":0.0,"max_hp_loss":0.0,"gold_gain":0.0,"event_name":"Golden Idol","player_choice":"Ignored","floor":5.0,"gold_loss":0.0,"damage_taken":0.0},{"damage_healed":0.0,"max_hp_gain":0.0,"max_hp_loss":0.0,"gold_gain":75.0,"event_name":"World of Goop","player_choice":"Gather Gold","floor":14.0,"gold_loss":0.0,"damage_taken":11.0},{"damage_healed":0.0,"max_hp_gain":0.0,"max_hp_loss":0.0,"gold_gain":0.0,"event_name":"Match and Keep!","player_choice":"1 cards matched","floor":19.0,"gold_loss":0.0,"damage_taken":0.0,"cards_obtained":["Venomology"]},{"damage_healed":0,"gold_gain":0,"player_choice":"Obtained Relic","damage_taken":0,"relics_obtained":["Regal Pillow"],"max_hp_gain":0,"max_hp_loss":0,"event_name":"Addict","floor":22,"gold_loss":85},{"damage_healed":0,"gold_gain":0,"player_choice":"Upgraded","damage_taken":0,"max_hp_gain":0,"max_hp_loss":0,"event_name":"Upgrade Shrine","floor":24,"gold_loss":0,"cards_upgraded":["Backflip"]},{"damage_healed":0,"gold_gain":0,"player_choice":"Ignored","damage_taken":0,"max_hp_gain":0,"max_hp_loss":0,"event_name":"SecretPortal","floor":36,"gold_loss":0}],"is_beta":false,"boss_relics":[{"not_picked":["Honey Jar","Ring of the Serpent"],"picked":"Runic Pyramid"},{"not_picked":["Replay:Ancient Bell","Empty Cage"],"picked":"Replay:Bronze Core"}],"items_purged_floors":[27,38],"is_endless":false,"potions_floor_spawned":[1,7,8,20,29,30,31,35,39],"killed_by":"Spire Growth","ascension_level":19}}