{"host":"wd1018vie3g8p4dm","time":1609147595,"event":{"mods":["AchievementEnabler","BaseMod","Gold Saver","Grow up Mod","Minty Spire (QoL Compilation)","Remove Card Discount Mod","StSLib","vexMod"],"gold_per_floor":[777,789,207,207,222,251,266,284,339,19,19,43,43,63,63,164,164,181,195,211,205,205,205,233,233,260,278,293,219,239,274,274,371,371,386,259,259,259],"floor_reached":39,"playtime":1980,"items_purged":["Pride","Pride","Pride","Strike_G","Strike_G","Strike_G","Defend_G","Defend_G","Defend_G","Strike_G","Defend_G","Defend_G"],"score":746,"play_id":"93766fce-6251-484e-9ca2-d730ba111c18","local_time":"20201228172635","is_ascension_mode":false,"campfire_choices":[{"data":"Catalyst","floor":11,"key":"SMITH"},{"data":"vexMod:StairwayStrike","floor":13,"key":"SMITH"},{"data":"Catalyst","floor":15,"key":"SMITH"},{"data":"Catalyst","floor":23,"key":"SMITH"},{"data":"Deadly Poison","floor":25,"key":"SMITH"},{"data":"Distraction","floor":32,"key":"SMITH"}],"circlet_count":0,"master_deck":["Strike_G","Survivor+1","Neutralize","Deadly Poison","Distraction","Catalyst+1","Thinking Ahead","Dodge and Roll","Catalyst+1","Deflect","Catalyst+1","vexMod:StairwayStrike+1","Deep Breath+1","Deadly Poison+1","Noxious Fumes","Distraction+1","Outmaneuver","Deadly Poison+1","Noxious Fumes","Adrenaline","Outmaneuver","Deadly Poison","Noxious Fumes"],"relics":["vexMod:RockOfEvil","Membership Card","Vajra","WingedGreaves","HornCleat","vexMod:MemoryStick","vexMod:RedPlottingStone","Potion Belt","SlaversCollar","Sundial","PreservedInsect","War Paint","Strange Spoon","vexMod:RetaliationKit","Coffee Dripper","Happy Flower"],"acts_visited":["Exordium","TheCity","TheBeyond"],"potions_floor_usage":[],"damage_taken":[{"damage":11,"enemies":"2 Louse","floor":1,"turns":5},{"damage":12,"enemies":"Jaw Worm","floor":2,"turns":5},{"damage":8,"enemies":"Small Slimes","floor":5,"turns":6},{"damage":45,"enemies":"3 Sentries","floor":6,"turns":16},{"damage":0,"enemies":"Exordium Wildlife","floor":7,"turns":5},{"damage":2,"enemies":"Exordium Thugs","floor":8,"turns":4},{"damage":8,"enemies":"Looter","floor":14,"turns":4},{"damage":55,"enemies":"Hexaghost","floor":16,"turns":4},{"damage":2,"enemies":"Chosen","floor":18,"turns":3},{"damage":14,"enemies":"Shell Parasite","floor":19,"turns":3},{"damage":41,"enemies":"Cultist and Chosen","floor":20,"turns":7},{"damage":4,"enemies":"Gremlin Leader","floor":24,"turns":3},{"damage":0,"enemies":"Snecko","floor":27,"turns":3},{"damage":13,"enemies":"Snake Plant","floor":28,"turns":2},{"damage":0,"enemies":"Chosen and Byrds","floor":30,"turns":4},{"damage":15,"enemies":"Book of Stabbing","floor":31,"turns":4},{"damage":8,"enemies":"Champ","floor":33,"turns":4},{"damage":19,"enemies":"3 Darklings","floor":35,"turns":3},{"damage":106,"enemies":"Donu and Deca","floor":38,"turns":7}],"seed_played":"-6343380558720053601","potions_obtained":[{"floor":5,"key":"SmokeBomb"},{"floor":6,"key":"FearPotion"},{"floor":8,"key":"Swift Potion"},{"floor":27,"key":"EssenceOfSteel"},{"floor":28,"key":"Fruit Juice"}],"is_trial":false,"path_per_floor":["M","M","$","?","M","E","M","M","T","$","R","T","R","M","R","B",null,"M","M","M","$","?","R","E","R","T","M","M","$","M","E","R","B",null,"M","$","?","B",null],"character_chosen":"THE_SILENT","items_purchased":["Catalyst","Membership Card","Vajra","Thinking Ahead","Dodge and Roll","WingedGreaves","Catalyst","vexMod:StairwayStrike","vexMod:RedPlottingStone","Deep Breath","Strange Spoon","Deadly Poison","Noxious Fumes","Happy Flower"],"campfire_rested":0,"item_purchase_floors":[3,3,3,3,3,3,10,10,10,10,29,36,36,36],"current_hp_per_floor":[79,77,87,97,99,64,74,82,92,102,112,122,132,134,144,99,250,258,254,223,233,243,253,259,269,279,289,286,296,306,301,311,313,420,411,421,431,335],"gold":259,"neow_bonus":"BOSS_RELIC","is_daily":false,"chose_seed":false,"campfire_upgraded":6,"win_rate":0.0,"timestamp":1609147595,"path_taken":["M","M","$","?","M","E","M","M","T","$","R","?","R","M","R","BOSS","M","M","M","$","?","R","E","R","T","M","M","$","M","E","R","BOSS","M","$","?","BOSS"],"items_purchased_type":["Card","Relic","Relic","Card","Card","Relic","Card","Card","Relic","Card","Relic","Card","Card","Relic"],"build_version":"2020-12-22","purchased_purges":12,"victory":true,"max_hp_per_floor":[90,100,110,120,130,140,150,160,170,180,190,200,210,220,230,240,250,260,270,280,290,300,310,320,330,340,350,360,370,380,390,400,410,420,430,440,450,460],"card_choices":[{"not_picked":["Prepared","Underhanded Strike"],"picked":"Deadly Poison","floor":1},{"not_picked":["Poisoned Stab","Night Terror"],"picked":"Distraction","floor":2},{"not_picked":["Expertise","Dagger Spray","PiercingWail"],"picked":"SKIP","floor":5},{"not_picked":["Flechettes","Deadly Poison"],"picked":"Catalyst","floor":6},{"not_picked":["Acrobatics","Underhanded Strike","Dagger Spray"],"picked":"SKIP","floor":7},{"not_picked":["Phantasmal Killer","Acrobatics"],"picked":"Deflect","floor":8},{"not_picked":["Dodge and Roll","Quick Slash"],"picked":"Deadly Poison","floor":14},{"not_picked":["Outmaneuver","Endless Agony"],"picked":"Noxious Fumes","floor":18},{"not_picked":["Eviscerate","Dodge and Roll"],"picked":"Distraction","floor":19},{"not_picked":["Blade Dance","Bane","Dodge and Roll+1"],"picked":"SKIP","floor":20},{"not_picked":["Bane","Flechettes","PiercingWail"],"picked":"SKIP","floor":24},{"not_picked":["Footwork","Masterful Stab+1"],"picked":"Outmaneuver","floor":27},{"not_picked":["Outmaneuver","Slice"],"picked":"Deadly Poison+1","floor":28},{"not_picked":["Dagger Spray","After Image","Expertise"],"picked":"SKIP","floor":30},{"not_picked":["After Image","Acrobatics"],"picked":"Noxious Fumes","floor":31},{"not_picked":["Die Die Die","Tools of the Trade"],"picked":"Adrenaline","floor":33},{"not_picked":["Slice+1","Prepared+1"],"picked":"Outmaneuver","floor":35}],"player_experience":12039,"relics_obtained":[{"floor":6,"key":"HornCleat"},{"floor":9,"key":"vexMod:MemoryStick"},{"floor":12,"key":"Potion Belt"},{"floor":24,"key":"PreservedInsect"},{"floor":26,"key":"War Paint"},{"floor":31,"key":"vexMod:RetaliationKit"}],"event_choices":[{"damage_healed":0,"gold_gain":0,"player_choice":"Opened","damage_taken":0,"relics_obtained":["Sundial"],"max_hp_gain":0,"max_hp_loss":0,"event_name":"The Mausoleum","floor":22,"gold_loss":0},{"damage_healed":0,"gold_gain":0,"player_choice":"Took Portal","damage_taken":0,"max_hp_gain":0,"max_hp_loss":0,"event_name":"SecretPortal","floor":37,"gold_loss":0}],"is_beta":false,"boss_relics":[{"not_picked":["Busted Crown","Empty Cage"],"picked":"SlaversCollar"},{"not_picked":["Astrolabe","Snecko Eye"],"picked":"Coffee Dripper"}],"items_purged_floors":[3,3,3,3,3,3,10,21,21,21,36,36],"is_endless":false,"potions_floor_spawned":[5,6,8,27,28,30,35],"ascension_level":0}}