{"host":"2461dio7vetlq1z3","time":1609169958,"event":{"mods":["2.2 Compatiblity","AchievementEnabler","Aspiration","BaseMod","Better Third Choice","Friendly Minions","Hermit","Marisa????????","Minty Spire (QoL Compilation)","Relic Stats","Spicy Shops","StSLib","Waifu the Spire"],"gold_per_floor":[116,116,128,128,144,144,178,190,228,270,293,320,332,372,384,470,482,467,479,86,100,110,145,156,156,156,206,218,244,344,369,369,447,447,461,516,516,76,101,131,131,161,161,161,209,235,9,24,24,24,24,24,24,24,53,53],"floor_reached":57,"playtime":2967,"items_purged":["Defend_B","Bite","Defend_B"],"score":3078,"play_id":"46abc209-739d-419f-91bf-6170f7bcec5b","local_time":"20201228163918","is_ascension_mode":true,"campfire_choices":[{"data":"Go for the Eyes","floor":6.0,"key":"SMITH"},{"data":"Fission","floor":8.0,"key":"SMITH"},{"floor":13.0,"key":"REST"},{"floor":15.0,"key":"REST"},{"data":"Capacitor","floor":25.0,"key":"SMITH"},{"data":"Ball Lightning","floor":32.0,"key":"SMITH"},{"data":"Bite","floor":41,"key":"SMITH"},{"floor":44,"key":"RECALL"},{"data":"Bite","floor":49,"key":"SMITH"},{"data":"Bite","floor":53,"key":"SMITH"}],"circlet_count":0,"master_deck":["AscendersBane","Defend_B","Defend_B","Zap+1","Dualcast","Steam","Ball Lightning+1","Go for the Eyes+1","Fission+1","Capacitor+1","Hologram+1","Rip and Tear","Consume+1","Fission+1","Steam+1","Bite+1","Bite","Bite+1","Bite+1","Storm+1","Steam Power+1","Coolheaded+1","Compile Driver+1","Ball Lightning+1","Rainbow+1","Storm+1","Leap+1","Fission+1","Rainbow+1","Cold Snap+1","The Bomb+1","Dark Shackles+1","Static Discharge+1","Defragment+1","Reinforced Body+1","Glacier+1","Rainbow+1","Leap+1"],"relics":["Cracked Core","Incense Burner","MawBank","Toy Ornithopter","Toxic Egg 2","Frozen Egg 2","Coffee Dripper","Meat on the Bone","Molten Egg 2","aspiration:DSix","CaptainsWheel","Bag of Preparation","Thread and Needle","Mercury Hourglass","Inserter","CatCart","Membership Card","aspiration:HummingbirdHeart","Gambling Chip","Mango","Art of War","Unceasing Top","aspiration:HatOfInfinitePower","Centennial Puzzle","aspiration:KaomsHeart"],"acts_visited":["Exordium","TheCity","TheBeyond","TheEnding"],"potions_floor_usage":[56,56],"damage_taken":[{"damage":2.0,"enemies":"Jaw Worm","floor":1.0,"turns":3.0},{"damage":0.0,"enemies":"2 Louse","floor":3.0,"turns":3.0},{"damage":0.0,"enemies":"Cultist","floor":5.0,"turns":3.0},{"damage":35.0,"enemies":"3 Sentries","floor":7.0,"turns":9.0},{"damage":8.0,"enemies":"Gremlin Nob","floor":10.0,"turns":3.0},{"damage":17.0,"enemies":"3 Louse","floor":11.0,"turns":3.0},{"damage":3.0,"enemies":"Large Slime","floor":12.0,"turns":4.0},{"damage":22.0,"enemies":"3 Sentries","floor":14.0,"turns":7.0},{"damage":32.0,"enemies":"The Guardian","floor":16.0,"turns":10.0},{"damage":21.0,"enemies":"2 Thieves","floor":18.0,"turns":4.0},{"damage":0.0,"enemies":"Spheric Guardian","floor":21.0,"turns":3.0},{"damage":23.0,"enemies":"Snake Plant","floor":22.0,"turns":5.0},{"damage":44.0,"enemies":"Gremlin Leader","floor":23.0,"turns":7.0},{"damage":14.0,"enemies":"Snecko","floor":24.0,"turns":6.0},{"damage":24.0,"enemies":"Shelled Parasite and Fungi","floor":28.0,"turns":4.0},{"damage":19.0,"enemies":"Book of Stabbing","floor":29.0,"turns":5.0},{"damage":22.0,"enemies":"Colosseum Slavers","floor":30.0,"turns":2.0},{"damage":7.0,"enemies":"Colosseum Nobs","floor":30.0,"turns":4.0},{"damage":19.0,"enemies":"Slavers","floor":31.0,"turns":4.0},{"damage":28.0,"enemies":"Collector","floor":33.0,"turns":12.0},{"damage":0.0,"enemies":"3 Darklings","floor":35.0,"turns":3.0},{"damage":13.0,"enemies":"Orin","floor":36.0,"turns":7.0},{"damage":0.0,"enemies":"Mind Bloom Boss Battle","floor":39.0,"turns":5.0},{"damage":0.0,"enemies":"Nemesis","floor":40.0,"turns":3.0},{"damage":0,"enemies":"Reptomancer","floor":42,"turns":4},{"damage":0,"enemies":"2 Orb Walkers","floor":45,"turns":3},{"damage":0,"enemies":"Nemesis","floor":46,"turns":5},{"damage":0,"enemies":"Orb Walker","floor":48,"turns":1},{"damage":7,"enemies":"Donu and Deca","floor":50,"turns":9},{"damage":9,"enemies":"Awakened One","floor":51,"turns":8},{"damage":16,"enemies":"Shield and Spear","floor":55,"turns":5},{"damage":34,"enemies":"The Heart","floor":56,"turns":6}],"seed_played":"-5118480622027843194","potions_obtained":[{"floor":3.0,"key":"Energy Potion"},{"floor":7.0,"key":"DistilledChaos"},{"floor":14.0,"key":"Energy Potion"},{"floor":18.0,"key":"GamblersBrew"},{"floor":21.0,"key":"LiquidMemories"},{"floor":24.0,"key":"PotionOfCapacity"},{"floor":33.0,"key":"DistilledChaos"},{"floor":36.0,"key":"SteroidPotion"},{"floor":39.0,"key":"Energy Potion"},{"floor":42,"key":"PowerPotion"},{"floor":48,"key":"PowerPotion"}],"is_trial":false,"path_per_floor":["M","?","M","?","M","R","E","R","T","E","M","M","R","E","R","B",null,"M","?","$","M","M","E","M","R","T","?","M","E","?","E","R","B",null,"M","?","?","$","?","E","R","E","T","R","?","E","$","M","R","B","B",null,"R","$","E","B",null],"character_chosen":"DEFECT","items_purchased":["Meat on the Bone","Storm+1","Membership Card","Static Discharge+1","aspiration:HummingbirdHeart","Centennial Puzzle","aspiration:KaomsHeart"],"campfire_rested":2,"item_purchase_floors":[20,20,38,38,38,47,47],"current_hp_per_floor":[69,69,69,69,69,69,34,34,34,31,14,11,34,12,35,3,59,38,38,38,42,31,22,37,37,37,37,33,30,30,29,29,39,50,54,41,31,31,41,65,65,68,68,68,68,68,168,168,168,168,159,166,166,166,163,148],"gold":53,"neow_bonus":"TEN_PERCENT_HP_BONUS","is_daily":false,"chose_seed":false,"campfire_upgraded":7,"win_rate":0.0,"timestamp":1609169958,"path_taken":["M","?","M","?","M","R","E","R","T","E","M","?","R","E","R","BOSS","M","?","$","M","M","E","M","R","T","?","?","E","?","E","R","BOSS","M","?","?","$","?","E","R","E","T","R","?","E","$","M","R","BOSS","BOSS","R","$","E","BOSS"],"items_purchased_type":["Relic","Card","Relic","Card","Relic","Relic","Relic"],"build_version":"2020-12-22","purchased_purges":3,"victory":true,"max_hp_per_floor":[78,78,78,78,78,78,78,78,78,78,78,78,78,78,78,78,78,78,54,54,54,54,54,54,54,54,54,54,54,54,54,54,54,54,54,54,54,54,54,68,68,68,68,68,68,68,168,168,168,168,168,168,168,168,168,168],"relic_stats":{"Centennial Puzzle":[11],"Inserter":[29],"counters":[32,160],"Gambling Chip":[14],"Bag of Preparation":[28],"Art of War":[6],"MawBank":156,"obtain_stats":[{"Mango":40,"Incense Burner":4,"Bag of Preparation":30,"Centennial Puzzle":47,"Gambling Chip":39,"Toxic Egg 2":10,"Cracked Core":0,"aspiration:DSix":26,"Inserter":34,"Thread and Needle":30,"aspiration:HummingbirdHeart":38,"Frozen Egg 2":14,"MawBank":7,"Mercury Hourglass":31,"CaptainsWheel":29,"Molten Egg 2":23,"aspiration:KaomsHeart":47,"Coffee Dripper":17,"Art of War":42,"Membership Card":38,"CatCart":36,"aspiration:HatOfInfinitePower":46,"Toy Ornithopter":9,"Unceasing Top":45,"Meat on the Bone":20},{"Mango":24,"Incense Burner":2,"Bag of Preparation":18,"Centennial Puzzle":27,"Gambling Chip":23,"Toxic Egg 2":5,"Cracked Core":0,"aspiration:DSix":14,"Inserter":20,"Thread and Needle":18,"aspiration:HummingbirdHeart":22,"Frozen Egg 2":8,"MawBank":4,"Mercury Hourglass":19,"CaptainsWheel":16,"Molten Egg 2":13,"aspiration:KaomsHeart":27,"Coffee Dripper":9,"Art of War":25,"Membership Card":22,"CatCart":22,"aspiration:HatOfInfinitePower":27,"Toy Ornithopter":4,"Unceasing Top":26,"Meat on the Bone":10},{"Mango":119,"Incense Burner":6,"Bag of Preparation":85,"Centennial Puzzle":131,"Gambling Chip":116,"Toxic Egg 2":21,"Cracked Core":0,"aspiration:DSix":70,"Inserter":101,"Thread and Needle":85,"aspiration:HummingbirdHeart":111,"Frozen Egg 2":35,"MawBank":18,"Mercury Hourglass":89,"CaptainsWheel":79,"Molten Egg 2":64,"aspiration:KaomsHeart":131,"Coffee Dripper":45,"Art of War":123,"Membership Card":111,"CatCart":111,"aspiration:HatOfInfinitePower":131,"Toy Ornithopter":18,"Unceasing Top":126,"Meat on the Bone":49}],"Toy Ornithopter":25,"Unceasing Top":[1],"Meat on the Bone":84,"Mercury Hourglass":[295]},"card_choices":[{"not_picked":["Turbo","Auto Shields"],"picked":"Steam","floor":1.0},{"not_picked":["Rebound","Streamline"],"picked":"Ball Lightning","floor":3.0},{"not_picked":["Redo","Hologram"],"picked":"Go for the Eyes","floor":5.0},{"not_picked":["Hologram","Skim"],"picked":"Fission","floor":7.0},{"not_picked":["Undo+1","Streamline"],"picked":"Capacitor","floor":10.0},{"not_picked":["Leap+1","Self Repair"],"picked":"Hologram+1","floor":11.0},{"not_picked":["Leap+1","Hello World"],"picked":"Rip and Tear","floor":12.0},{"not_picked":["Double Energy+1","Compile Driver"],"picked":"Consume+1","floor":14.0},{"not_picked":["Hyperbeam","Meteor Strike"],"picked":"Fission+1","floor":16.0},{"not_picked":["Stack+1","Go for the Eyes"],"picked":"Steam+1","floor":18.0},{"not_picked":["Auto Shields+1","Turbo+1"],"picked":"Steam Power+1","floor":21.0},{"not_picked":["Cold Snap","FTL"],"picked":"Coolheaded+1","floor":22.0},{"not_picked":["Redo+1","Barrage+1"],"picked":"Compile Driver+1","floor":23.0},{"not_picked":["Rebound+1","Redo+1"],"picked":"Ball Lightning+1","floor":24.0},{"not_picked":["Redo+1","Tempest+1"],"picked":"Rainbow+1","floor":28.0},{"not_picked":["Leap+1","Turbo+1"],"picked":"Storm+1","floor":29.0},{"not_picked":["Rebound+1","Ball Lightning+1"],"picked":"Leap+1","floor":30.0},{"not_picked":["Hologram+1","Go for the Eyes+1"],"picked":"Fission+1","floor":31.0},{"not_picked":["Core Surge+1","Buffer+1"],"picked":"Rainbow+1","floor":33.0},{"not_picked":["Cold Snap+1","Stack+1","Streamline+1"],"picked":"SKIP","floor":35.0},{"not_picked":["Barrage+1","Steam+1"],"picked":"Cold Snap+1","floor":36.0},{"not_picked":["Secret Technique+1","Bandage Up+1"],"picked":"The Bomb+1","floor":37.0},{"not_picked":["Good Instincts+1","Bandage Up+1"],"picked":"Dark Shackles+1","floor":37.0},{"not_picked":["Coolheaded+1","Ball Lightning+1"],"picked":"Defragment+1","floor":39.0},{"not_picked":["Sweeping Beam+1","Melter+1"],"picked":"Reinforced Body+1","floor":40},{"not_picked":["Stack+1","Barrage+1","Sweeping Beam+1"],"picked":"SKIP","floor":42},{"not_picked":["Stack+1","Go for the Eyes+1"],"picked":"Glacier+1","floor":45},{"not_picked":["Capacitor+1","Cold Snap+1"],"picked":"Rainbow+1","floor":46},{"not_picked":["Force Field+1","Melter+1","Streamline+1"],"picked":"SKIP","floor":48},{"not_picked":["Gash+1","Melter+1"],"picked":"Leap+1","floor":55}],"player_experience":1075501,"relics_obtained":[{"floor":7.0,"key":"MawBank"},{"floor":9.0,"key":"Toy Ornithopter"},{"floor":10.0,"key":"Toxic Egg 2"},{"floor":14.0,"key":"Frozen Egg 2"},{"floor":23.0,"key":"Molten Egg 2"},{"floor":26.0,"key":"aspiration:DSix"},{"floor":29.0,"key":"CaptainsWheel"},{"floor":30.0,"key":"Bag of Preparation"},{"floor":30.0,"key":"Thread and Needle"},{"floor":31.0,"key":"Mercury Hourglass"},{"floor":36.0,"key":"CatCart"},{"floor":39.0,"key":"Gambling Chip"},{"floor":40,"key":"Mango"},{"floor":42,"key":"Art of War"},{"floor":45,"key":"Unceasing Top"},{"floor":46,"key":"aspiration:HatOfInfinitePower"},{"floor":55,"key":"aspiration:KMNothing"}],"event_choices":[{"damage_healed":0.0,"max_hp_gain":0.0,"max_hp_loss":0.0,"gold_gain":0.0,"event_name":"Living Wall","player_choice":"Grow","floor":2.0,"gold_loss":0.0,"damage_taken":0.0,"cards_upgraded":["Zap"]},{"damage_healed":0.0,"max_hp_gain":0.0,"max_hp_loss":0.0,"gold_gain":0.0,"event_name":"WeMeetAgain","player_choice":"Gave Potion","floor":4.0,"gold_loss":0.0,"damage_taken":0.0,"relics_obtained":["Incense Burner"]},{"damage_healed":0.0,"max_hp_gain":0.0,"max_hp_loss":24.0,"gold_gain":0.0,"event_name":"Vampires","player_choice":"Became a vampire","floor":19.0,"gold_loss":0.0,"damage_taken":0.0,"cards_obtained":["Bite","Bite","Bite","Bite","Bite"]},{"damage_healed":0.0,"max_hp_gain":0.0,"max_hp_loss":0.0,"gold_gain":100.0,"event_name":"The Joust","player_choice":"Bet on Murderer","floor":27.0,"gold_loss":50.0,"damage_taken":0.0},{"damage_healed":0.0,"max_hp_gain":0.0,"max_hp_loss":0.0,"gold_gain":0.0,"event_name":"Colosseum","player_choice":"Fight","floor":30.0,"gold_loss":0.0,"damage_taken":0.0},{"damage_healed":0.0,"max_hp_gain":0.0,"max_hp_loss":0.0,"gold_gain":0.0,"event_name":"Colosseum","player_choice":"Fought Nobs","floor":30.0,"gold_loss":0.0,"damage_taken":0.0},{"damage_healed":0.0,"max_hp_gain":0.0,"max_hp_loss":0.0,"gold_gain":0.0,"event_name":"OrinTheCat","player_choice":"Fight","floor":36.0,"gold_loss":0.0,"damage_taken":0.0},{"damage_healed":0.0,"max_hp_gain":0.0,"max_hp_loss":0.0,"gold_gain":0.0,"event_name":"SensoryStone","player_choice":"Memory 3","floor":37.0,"gold_loss":0.0,"damage_taken":10.0},{"damage_healed":0.0,"max_hp_gain":0.0,"max_hp_loss":0.0,"gold_gain":0.0,"event_name":"MindBloom","player_choice":"Fight","floor":39.0,"gold_loss":0.0,"damage_taken":0.0},{"damage_healed":0,"gold_gain":0,"player_choice":"Fight","damage_taken":0,"max_hp_gain":0,"max_hp_loss":0,"event_name":"Mysterious Sphere","floor":45,"gold_loss":0}],"is_beta":false,"boss_relics":[{"not_picked":["aspiration:RunicSpoon","aspiration:PoetsPen_weak"],"picked":"Coffee Dripper"},{"not_picked":["Runic Dome","aspiration:RandomNobGenerator"],"picked":"Inserter"}],"items_purged_floors":[20,38,38],"is_endless":false,"potions_floor_spawned":[3,7,14,18,21,22,24,30,33,36,39,42,48,55],"ascension_level":20}}