{"host":"girf3bnli6r7x4ah","time":1609197897,"event":{"mods":["2.2 Compatiblity","AchievementEnabler","BaseMod","Colored Map","DeckTracker","Highlight Path","Minty Spire (QoL Compilation)","Random Character Button","Rare Cards Sparkle"],"gold_per_floor":[116,116,44,54,54,86,97,97,172,206,206,234,247,264,264,365,365,377,377,377,389,407,407,273,289,312,326,326,5,40,40,40],"floor_reached":31,"playtime":1538,"items_purged":[],"score":340,"play_id":"a3b625c0-1ca5-4871-b626-5002653148cf","local_time":"20201229002457","is_ascension_mode":true,"campfire_choices":[{"data":"Rainbow","floor":11,"key":"SMITH"},{"floor":15,"key":"REST"},{"floor":23,"key":"REST"},{"floor":28,"key":"REST"}],"circlet_count":0,"master_deck":["Defend_B","Defend_B","Defend_B+1","Defend_B","Zap","Dualcast","Darkness","Doom and Gloom+1","Coolheaded","Streamline","Rainbow+1","Ball Lightning","Turbo","Electrodynamics","Storm+1","Bite","Bite","Bite+1","Bite","Bite","Go for the Eyes","Redo+1","Defragment"],"relics":["Cracked Core","NeowsBlessing","Oddly Smooth Stone","Strawberry","Omamori","SlaversCollar","Ornamental Fan","Whetstone","Question Card","Bag of Preparation"],"acts_visited":["Exordium","TheCity"],"potions_floor_usage":[10,10,12,16,27,30,31],"damage_taken":[{"damage":0,"enemies":"Jaw Worm","floor":1,"turns":1},{"damage":0,"enemies":"Small Slimes","floor":4,"turns":1},{"damage":0,"enemies":"Gremlin Nob","floor":6,"turns":1},{"damage":0,"enemies":"2 Louse","floor":7,"turns":2},{"damage":11,"enemies":"Lagavulin","floor":10,"turns":5},{"damage":21,"enemies":"Gremlin Nob","floor":12,"turns":4},{"damage":0,"enemies":"2 Fungi Beasts","floor":13,"turns":2},{"damage":7,"enemies":"Blue Slaver","floor":14,"turns":2},{"damage":20,"enemies":"Slime Boss","floor":16,"turns":6},{"damage":20,"enemies":"2 Thieves","floor":18,"turns":3},{"damage":15,"enemies":"Spheric Guardian","floor":21,"turns":4},{"damage":35,"enemies":"Shelled Parasite and Fungi","floor":22,"turns":7},{"damage":13,"enemies":"Snecko","floor":25,"turns":4},{"damage":26,"enemies":"Snake Plant","floor":27,"turns":4},{"damage":24,"enemies":"Slavers","floor":30,"turns":3},{"damage":12,"enemies":"3 Cultists","floor":31,"turns":2}],"seed_played":"-4418626355157230084","potions_obtained":[{"floor":1,"key":"SteroidPotion"},{"floor":4,"key":"PowerPotion"},{"floor":7,"key":"FocusPotion"},{"floor":12,"key":"Explosive Potion"},{"floor":25,"key":"SteroidPotion"},{"floor":27,"key":"Strength Potion"},{"floor":30,"key":"PowerPotion"}],"is_trial":false,"path_per_floor":["M","?","$","M","?","E","M","$","T","E","R","E","M","M","R","B",null,"M","?","?","M","M","R","?","M","T","M","R","$","E","M"],"character_chosen":"DEFECT","items_purchased":["Doom and Gloom","Question Card","Defragment"],"campfire_rested":3,"item_purchase_floors":[3,29,29],"current_hp_per_floor":[75,60,60,60,60,60,60,60,60,56,56,35,35,28,52,32,82,62,57,48,39,14,32,32,25,25,8,26,26,2,0,0],"gold":40,"neow_bonus":"THREE_ENEMY_KILL","is_daily":false,"chose_seed":false,"campfire_upgraded":1,"win_rate":0.0,"timestamp":1609197897,"path_taken":["M","?","$","M","?","E","M","$","T","E","R","E","M","M","R","BOSS","M","?","?","M","M","R","?","M","T","?","R","$","E","M"],"items_purchased_type":["Card","Relic","Card"],"build_version":"2020-12-22","purchased_purges":0,"victory":false,"max_hp_per_floor":[75,75,75,75,75,75,75,75,75,82,82,82,82,82,82,82,82,82,57,62,62,62,62,62,62,62,62,62,62,62,62,62],"card_choices":[{"not_picked":["Sweeping Beam","Rebound"],"picked":"Darkness","floor":1},{"not_picked":["FTL","Barrage"],"picked":"Coolheaded","floor":4},{"not_picked":["Steam","Reinforced Body"],"picked":"Streamline","floor":6},{"not_picked":["Leap","Barrage","Ball Lightning"],"picked":"SKIP","floor":7},{"not_picked":["Doom and Gloom","Self Repair"],"picked":"Rainbow","floor":10},{"not_picked":["Barrage","Fusion"],"picked":"Ball Lightning","floor":12},{"not_picked":["Defragment","Ball Lightning"],"picked":"Turbo","floor":13},{"not_picked":["Sweeping Beam","Go for the Eyes","Conserve Battery"],"picked":"SKIP","floor":14},{"not_picked":["Machine Learning","Reboot"],"picked":"Electrodynamics","floor":16},{"not_picked":["Steam","Gash"],"picked":"Storm+1","floor":18},{"not_picked":["Fusion+1","Sweeping Beam","Go for the Eyes"],"picked":"SKIP","floor":21},{"not_picked":["Gash","Scrape"],"picked":"Go for the Eyes","floor":22},{"not_picked":["Sweeping Beam+1","Force Field"],"picked":"Redo+1","floor":25},{"not_picked":["Rebound","Hologram","Cold Snap"],"picked":"SKIP","floor":27},{"not_picked":["Skim","Tempest","Reinforced Body","Chaos"],"picked":"SKIP","floor":30}],"player_experience":123367,"relics_obtained":[{"floor":6,"key":"Oddly Smooth Stone"},{"floor":10,"key":"Strawberry"},{"floor":12,"key":"Omamori"},{"floor":26,"key":"Whetstone"},{"floor":30,"key":"Bag of Preparation"}],"event_choices":[{"damage_healed":0,"gold_gain":0,"player_choice":"Entered Light","damage_taken":15,"max_hp_gain":0,"max_hp_loss":0,"event_name":"Shining Light","floor":2,"gold_loss":0,"cards_upgraded":["Defend_B","Strike_B"]},{"damage_healed":0,"gold_gain":0,"player_choice":"Leave","damage_taken":0,"max_hp_gain":0,"max_hp_loss":0,"event_name":"The Cleric","floor":5,"gold_loss":0},{"damage_healed":0,"gold_gain":0,"player_choice":"Became a vampire","damage_taken":0,"max_hp_gain":0,"max_hp_loss":25,"event_name":"Vampires","floor":19,"gold_loss":0,"cards_obtained":["Bite","Bite","Bite","Bite","Bite"]},{"damage_healed":0,"gold_gain":0,"player_choice":"Shed Blood","damage_taken":14,"max_hp_gain":5,"max_hp_loss":0,"event_name":"Forgotten Altar","floor":20,"gold_loss":0},{"damage_healed":0,"gold_gain":0,"player_choice":"Paid Gold","damage_taken":0,"relics_obtained":["Ornamental Fan"],"max_hp_gain":0,"max_hp_loss":0,"event_name":"WeMeetAgain","floor":24,"gold_loss":134}],"is_beta":false,"boss_relics":[{"not_picked":["Philosopher\u0027s Stone","Coffee Dripper"],"picked":"SlaversCollar"}],"items_purged_floors":[],"is_endless":false,"potions_floor_spawned":[1,4,7,12,25,27,30],"killed_by":"3 Cultists","ascension_level":1}}