{"host":"xcuflocadasoaqda","time":1609118397,"event":{"mods":["BaseMod","Bestiary","Filter the Spire","Minty Spire (QoL Compilation)","Relic Stats"],"gold_per_floor":[109,109,128,147,222,252,252,252,252],"floor_reached":8,"playtime":266,"items_purged":[],"score":112,"play_id":"178a73da-44e3-42ba-8aa9-bd923d096582","local_time":"20201227191957","is_ascension_mode":true,"campfire_choices":[{"floor":7,"key":"REST"}],"circlet_count":0,"master_deck":["AscendersBane","Strike_G","Strike_G","Strike_G","Strike_G","Defend_G","Defend_G","Defend_G","Defend_G","Defend_G","Survivor","Neutralize","Endless Agony","Accuracy","Flying Knee","Slice"],"relics":["WristBlade","Sundial"],"acts_visited":["Exordium"],"potions_floor_usage":[6,6],"damage_taken":[{"damage":2,"enemies":"Jaw Worm","floor":1,"turns":5},{"damage":0,"enemies":"2 Louse","floor":3,"turns":3},{"damage":1,"enemies":"Small Slimes","floor":4,"turns":4},{"damage":31,"enemies":"Lagavulin","floor":6,"turns":10},{"damage":49,"enemies":"Gremlin Nob","floor":8,"turns":4}],"seed_played":"-5039838985701492160","potions_obtained":[{"floor":1,"key":"Swift Potion"},{"floor":4,"key":"SpeedPotion"}],"is_trial":false,"path_per_floor":["M","?","M","M","?","E","R","E"],"character_chosen":"THE_SILENT","items_purchased":[],"campfire_rested":1,"item_purchase_floors":[],"current_hp_per_floor":[57,50,50,49,38,7,26,0,0],"gold":252,"neow_bonus":"BOSS_RELIC","is_daily":false,"chose_seed":false,"campfire_upgraded":0,"win_rate":0.0,"timestamp":1609118397,"path_taken":["M","?","M","M","?","E","R","E"],"items_purchased_type":[],"build_version":"2020-12-22","purchased_purges":0,"victory":false,"max_hp_per_floor":[66,66,66,66,66,66,66,66,66],"relic_stats":{"counters":[5,26],"Sundial":[0],"obtain_stats":[{"WristBlade":0,"Sundial":6,"Ring of the Snake":0},{"WristBlade":0,"Sundial":4,"Ring of the Snake":0},{"WristBlade":0,"Sundial":22,"Ring of the Snake":0}]},"card_choices":[{"not_picked":["Underhanded Strike","Masterful Stab"],"picked":"Endless Agony","floor":1},{"not_picked":["PiercingWail","Dagger Spray"],"picked":"Accuracy","floor":3},{"not_picked":["PiercingWail","Quick Slash"],"picked":"Flying Knee","floor":4},{"not_picked":["Underhanded Strike","Night Terror"],"picked":"Slice","floor":6}],"player_experience":1798541,"relics_obtained":[{"floor":6,"key":"Sundial"}],"event_choices":[{"cards_removed":["Strike_G"],"damage_healed":0,"gold_gain":0,"player_choice":"Card Removal","damage_taken":7,"max_hp_gain":0,"max_hp_loss":0,"event_name":"Golden Wing","floor":2,"gold_loss":0},{"damage_healed":0,"gold_gain":75,"player_choice":"Gather Gold","damage_taken":11,"max_hp_gain":0,"max_hp_loss":0,"event_name":"World of Goop","floor":5,"gold_loss":0}],"is_beta":false,"boss_relics":[],"items_purged_floors":[],"is_endless":false,"potions_floor_spawned":[1,4],"killed_by":"Gremlin Nob","ascension_level":20}}