{"host":"2461dio7vetlq1z3","time":1609156995,"event":{"mods":["2.2 Compatiblity","AchievementEnabler","Aspiration","BaseMod","Better Third Choice","Friendly Minions","Hermit","Marisa????????","Minty Spire (QoL Compilation)","Relic Stats","Spicy Shops","StSLib","Waifu the Spire"],"gold_per_floor":[110,129,139,139,64,64,92,112,138,210,222,234,257,304,316,328,328],"floor_reached":16,"playtime":660,"items_purged":[],"score":220,"play_id":"b2fb682d-9f0b-4b7b-be8c-25f61ea43225","local_time":"20201228130315","is_ascension_mode":true,"campfire_choices":[{"data":"Quick Slash","floor":6,"key":"SMITH"},{"floor":11,"key":"REST"},{"floor":15,"key":"REST"}],"circlet_count":0,"master_deck":["AscendersBane","Strike_G","Strike_G","Strike_G","Strike_G","Defend_G","Defend_G","Defend_G","Defend_G","Defend_G","Survivor","Neutralize","Dodge and Roll","Quick Slash+1","Quick Slash","Flying Knee","Crippling Poison","Slice","Deadly Poison","Crippling Poison"],"relics":["Ring of the Snake","aspiration:Nostalgia","Cracked Core","Nunchaku","Regal Pillow","MawBank","Art of War","Happy Flower"],"acts_visited":["Exordium"],"potions_floor_usage":[7,7,16],"damage_taken":[{"damage":4,"enemies":"Small Slimes","floor":1,"turns":4},{"damage":0,"enemies":"2 Louse","floor":2,"turns":4},{"damage":2,"enemies":"Jaw Worm","floor":3,"turns":5},{"damage":9,"enemies":"Lagavulin","floor":7,"turns":7},{"damage":2,"enemies":"Looter","floor":8,"turns":4},{"damage":29,"enemies":"Gremlin Nob","floor":10,"turns":4},{"damage":6,"enemies":"3 Louse","floor":13,"turns":4},{"damage":33,"enemies":"3 Sentries","floor":14,"turns":8},{"damage":40,"enemies":"The Guardian","floor":16,"turns":11}],"seed_played":"-2258504511988714228","potions_obtained":[{"floor":1,"key":"DistilledChaos"},{"floor":3,"key":"SpeedPotion"},{"floor":7,"key":"SmokeBomb"},{"floor":10,"key":"GamblersBrew"}],"is_trial":false,"path_per_floor":["M","M","M","?","?","R","E","M","T","?","R","$","M","E","R","B"],"character_chosen":"THE_SILENT","items_purchased":[],"campfire_rested":2,"item_purchase_floors":[],"current_hp_per_floor":[55,55,53,48,48,48,39,37,37,8,42,42,36,3,37,0,0],"gold":328,"neow_bonus":"NOSTALGIA","is_daily":false,"chose_seed":false,"campfire_upgraded":1,"win_rate":0.0,"timestamp":1609156995,"path_taken":["M","M","M","?","?","R","E","M","T","?","R","$","M","E","R","BOSS"],"items_purchased_type":[],"build_version":"2020-12-22","purchased_purges":0,"victory":false,"max_hp_per_floor":[66,66,66,66,66,66,66,66,66,66,66,66,66,66,66,66,66],"relic_stats":{"Nunchaku":[7],"Regal Pillow":30,"Happy Flower":[3],"counters":[9,51],"Art of War":[1],"MawBank":84,"obtain_stats":[{"Nunchaku":4,"Regal Pillow":7,"Happy Flower":14,"aspiration:Nostalgia":0,"Art of War":10,"Cracked Core":0,"MawBank":9,"Ring of the Snake":0},{"Nunchaku":3,"Regal Pillow":4,"Happy Flower":8,"aspiration:Nostalgia":0,"Art of War":6,"Cracked Core":0,"MawBank":5,"Ring of the Snake":0},{"Nunchaku":13,"Regal Pillow":20,"Happy Flower":40,"aspiration:Nostalgia":0,"Art of War":28,"Cracked Core":0,"MawBank":24,"Ring of the Snake":0}],"Ring of the Snake":[18]},"card_choices":[{"not_picked":["Setup","Backflip"],"picked":"Dodge and Roll","floor":1},{"not_picked":["Dodge and Roll","PiercingWail"],"picked":"Quick Slash","floor":2},{"not_picked":["Slice","Outmaneuver"],"picked":"Quick Slash","floor":3},{"not_picked":["Dodge and Roll","Backflip"],"picked":"Flying Knee","floor":7},{"not_picked":["Sucker Punch","Bane"],"picked":"Crippling Poison","floor":8},{"not_picked":["Concentrate","Sucker Punch"],"picked":"Slice","floor":10},{"not_picked":["Outmaneuver","Dagger Throw"],"picked":"Deadly Poison","floor":13},{"not_picked":["Concentrate","Quick Slash"],"picked":"Crippling Poison","floor":14}],"player_experience":1065514,"relics_obtained":[{"floor":7,"key":"Regal Pillow"},{"floor":9,"key":"MawBank"},{"floor":10,"key":"Art of War"},{"floor":14,"key":"Happy Flower"}],"event_choices":[{"damage_healed":0,"gold_gain":0,"player_choice":"Relic ","damage_taken":5,"max_hp_gain":0,"max_hp_loss":0,"event_name":"betterThird:BetterScrap","floor":4,"gold_loss":0,"cards_obtained":["Rupture"]},{"cards_removed":["Strike_G"],"damage_healed":0,"gold_gain":0,"player_choice":"Card Removal","damage_taken":0,"max_hp_gain":0,"max_hp_loss":0,"event_name":"The Cleric","floor":5,"gold_loss":75},{"damage_healed":0,"gold_gain":0,"player_choice":"Searched \u00271\u0027 times","damage_taken":0,"max_hp_gain":0,"max_hp_loss":0,"event_name":"Dead Adventurer","floor":10,"gold_loss":0}],"is_beta":false,"boss_relics":[],"items_purged_floors":[],"is_endless":false,"potions_floor_spawned":[1,3,7,10],"killed_by":"The Guardian","ascension_level":20}}