{"host":"i2dzm7mf0pic4rds","time":1609173036,"event":{"mods":["BaseMod","Minty Spire (QoL Compilation)","Permanent Neow","Quick Restart","StSLib"],"gold_per_floor":[118,134,81,97,107,107,122,157,157,232,232,407,261,278,278,382,382,402,402,413,427,427,427],"floor_reached":22,"playtime":1511,"items_purged":["Doubt"],"score":188,"play_id":"2c49f62e-eb41-440d-b99e-ac21e641167c","local_time":"20201228173036","daily_mods":["Heirloom"],"is_ascension_mode":false,"campfire_choices":[{"data":"Leg Sweep","floor":6,"key":"SMITH"},{"data":"Dagger Spray","floor":11,"key":"SMITH"},{"data":"Deadly Poison","floor":15,"key":"SMITH"}],"circlet_count":0,"master_deck":["Strike_G","Strike_G","Strike_G","Strike_G","Strike_G","Defend_G","Defend_G","Defend_G","Defend_G","Defend_G","Survivor","Neutralize","Cloak And Dagger","Leg Sweep+1","Backstab","Deadly Poison+1","Deadly Poison","Deflect","PiercingWail","Dagger Spray+1","Well Laid Plans","Deadly Poison","Venomology","Backflip","Noxious Fumes","Deflect","Burst"],"relics":["Ring of the Snake","Prayer Wheel","Bag of Marbles","Calipers","Coffee Dripper","Darkstone Periapt"],"acts_visited":["Exordium","TheCity"],"potions_floor_usage":[8,20,21,22],"damage_taken":[{"damage":5,"enemies":"Cultist","floor":1,"turns":4},{"damage":0,"enemies":"Small Slimes","floor":2,"turns":3},{"damage":0,"enemies":"2 Louse","floor":4,"turns":2},{"damage":0,"enemies":"Gremlin Gang","floor":5,"turns":7},{"damage":8,"enemies":"Exordium Thugs","floor":7,"turns":7},{"damage":6,"enemies":"3 Sentries","floor":8,"turns":10},{"damage":0,"enemies":"Large Slime","floor":14,"turns":6},{"damage":15,"enemies":"Hexaghost","floor":16,"turns":10},{"damage":1,"enemies":"3 Byrds","floor":18,"turns":5},{"damage":7,"enemies":"Shell Parasite","floor":20,"turns":5},{"damage":15,"enemies":"Cultist and Chosen","floor":21,"turns":7},{"damage":5,"enemies":"Shelled Parasite and Fungi","floor":22,"turns":3}],"seed_played":"-6105572476344988815","potions_obtained":[{"floor":2,"key":"FearPotion"},{"floor":7,"key":"Explosive Potion"},{"floor":16,"key":"GamblersBrew"},{"floor":18,"key":"LiquidMemories"},{"floor":21,"key":"Strength Potion"}],"is_trial":true,"path_per_floor":["M","M","$","M","M","R","M","E","T","?","R","?","$","M","R","B",null,"M","?","M","M","M"],"character_chosen":"THE_SILENT","items_purchased":["Deadly Poison","Well Laid Plans"],"campfire_rested":0,"item_purchase_floors":[3,13],"current_hp_per_floor":[65,65,65,65,65,65,57,51,51,40,40,40,40,40,40,25,70,69,69,62,47,42,42],"gold":427,"neow_bonus":"","is_daily":false,"chose_seed":false,"campfire_upgraded":3,"win_rate":0.0,"timestamp":1609173036,"path_taken":["M","M","$","?","?","R","M","E","T","?","R","?","$","M","R","BOSS","M","?","?","?","M"],"items_purchased_type":["Card","Card"],"build_version":"2020-12-22","purchased_purges":1,"victory":false,"max_hp_per_floor":[70,70,70,70,70,70,70,70,70,70,70,70,70,70,70,70,70,70,70,70,70,70,70],"card_choices":[{"not_picked":["Skewer","Dagger Spray"],"picked":"Cloak And Dagger","floor":1},{"not_picked":["Outmaneuver","Blade Dance"],"picked":"Leg Sweep","floor":1},{"not_picked":["Bane","Masterful Stab"],"picked":"Backstab","floor":2},{"not_picked":["Acrobatics","Dagger Throw","Slice"],"picked":"SKIP","floor":2},{"not_picked":["Endless Agony","Choke"],"picked":"Deadly Poison","floor":4},{"not_picked":["Skewer","Dodge and Roll","Underhanded Strike"],"picked":"SKIP","floor":4},{"not_picked":["Masterful Stab","Terror"],"picked":"Deflect","floor":5},{"not_picked":["Dagger Throw","Setup","Grand Finale"],"picked":"SKIP","floor":5},{"not_picked":["Underhanded Strike","Masterful Stab"],"picked":"PiercingWail","floor":7},{"not_picked":["Escape Plan","Underhanded Strike","Dash"],"picked":"SKIP","floor":7},{"not_picked":["Bane","Dagger Throw"],"picked":"Dagger Spray","floor":8},{"not_picked":["Sucker Punch","Dash"],"picked":"Deadly Poison","floor":14},{"not_picked":["Slice","Dagger Throw","Outmaneuver"],"picked":"SKIP","floor":14},{"not_picked":["Glass Knife","Doppelganger"],"picked":"Venomology","floor":16},{"not_picked":["Dagger Throw","Flying Knee"],"picked":"Backflip","floor":18},{"not_picked":["Concentrate","Reflex","Slice"],"picked":"SKIP","floor":18},{"not_picked":["Blade Dance","Underhanded Strike+1"],"picked":"Noxious Fumes","floor":20},{"not_picked":["Calculated Gamble","Bane"],"picked":"Deflect","floor":20},{"not_picked":["Flying Knee","Cloak And Dagger"],"picked":"Burst","floor":21},{"not_picked":["Deadly Poison","Masterful Stab+1","Riddle With Holes+1"],"picked":"SKIP","floor":21}],"player_experience":129521,"relics_obtained":[{"floor":8,"key":"Bag of Marbles"},{"floor":9,"key":"Calipers"}],"event_choices":[{"damage_healed":0,"gold_gain":75,"player_choice":"Gather Gold","damage_taken":11,"max_hp_gain":0,"max_hp_loss":0,"event_name":"World of Goop","floor":10,"gold_loss":0},{"damage_healed":0,"gold_gain":175,"player_choice":"AGREE","damage_taken":0,"max_hp_gain":0,"max_hp_loss":0,"event_name":"Liars Game","floor":12,"gold_loss":0,"cards_obtained":["Doubt"]},{"damage_healed":0,"gold_gain":0,"player_choice":"Gave Potion","damage_taken":0,"relics_obtained":["Darkstone Periapt"],"max_hp_gain":0,"max_hp_loss":0,"event_name":"WeMeetAgain","floor":19,"gold_loss":0}],"is_beta":false,"boss_relics":[{"not_picked":["Astrolabe","Pandora\u0027s Box"],"picked":"Coffee Dripper"}],"items_purged_floors":[13],"is_endless":false,"potions_floor_spawned":[2,7,16,18,21],"killed_by":"Shelled Parasite and Fungi","ascension_level":0}}