{"host":"aeidq2c3auzxo1yh","time":1609152824,"event":{"mods":["AchievementEnabler","BaseMod","Colored Map","Colored Powertips","Minty Spire (QoL Compilation)","Relic Stats","StSLib"],"gold_per_floor":[112,122,139,139,14,39,39,72,72,16,16,29,64,64,64,64,64],"floor_reached":16,"playtime":1436,"items_purged":["Strike_G"],"score":236,"play_id":"be9ce742-fbb4-46b2-a8c4-058803ad72e8","local_time":"20201228155344","is_ascension_mode":true,"campfire_choices":[{"data":"Skewer","floor":7,"key":"SMITH"},{"floor":11,"key":"REST"},{"data":"All Out Attack","floor":15,"key":"SMITH"}],"circlet_count":0,"master_deck":["AscendersBane","Strike_G","Strike_G","Strike_G","Strike_G","Defend_G","Defend_G","Defend_G","Defend_G","Defend_G","Survivor","Neutralize+1","Flying Knee","Skewer+1","All Out Attack+1","Sucker Punch","Caltrops","Backstab"],"relics":["Ring of the Snake","Bronze Scales","Toy Ornithopter","White Beast Statue","Orichalcum","Omamori"],"acts_visited":["Exordium"],"potions_floor_usage":[8,16,16],"damage_taken":[{"damage":0,"enemies":"Cultist","floor":1,"turns":4},{"damage":2,"enemies":"2 Louse","floor":2,"turns":3},{"damage":4,"enemies":"Small Slimes","floor":3,"turns":3},{"damage":26,"enemies":"Gremlin Nob","floor":6,"turns":4},{"damage":17,"enemies":"Lagavulin","floor":8,"turns":5},{"damage":2,"enemies":"Looter","floor":12,"turns":3},{"damage":14,"enemies":"Gremlin Nob","floor":13,"turns":4},{"damage":43,"enemies":"Slime Boss","floor":16,"turns":11}],"seed_played":"4693614495581374058","potions_obtained":[{"floor":6,"key":"Fire Potion"},{"floor":12,"key":"SkillPotion"}],"is_trial":false,"path_per_floor":["M","M","M","?","$","E","R","E","T","$","R","M","E","?","R","B"],"character_chosen":"THE_SILENT","items_purchased":["Sucker Punch","PowerPotion"],"campfire_rested":1,"item_purchase_floors":[5,10],"current_hp_per_floor":[59,57,53,66,66,40,40,28,28,28,47,45,31,31,31,0,0],"gold":64,"neow_bonus":"RANDOM_COMMON_RELIC","is_daily":false,"chose_seed":false,"campfire_upgraded":2,"win_rate":0.0,"timestamp":1609152824,"path_taken":["M","M","?","?","?","E","R","E","T","$","R","?","E","?","R","BOSS"],"items_purchased_type":["Card","Potion"],"build_version":"2020-12-22","purchased_purges":1,"victory":false,"max_hp_per_floor":[66,66,66,66,66,66,66,66,66,66,66,66,66,66,66,66,66],"relic_stats":{"counters":[8,37],"Bronze Scales":[66],"Orichalcum":[24],"obtain_stats":[{"Bronze Scales":0,"Omamori":13,"Orichalcum":9,"Toy Ornithopter":6,"White Beast Statue":8,"Ring of the Snake":0},{"Bronze Scales":0,"Omamori":7,"Orichalcum":5,"Toy Ornithopter":4,"White Beast Statue":5,"Ring of the Snake":0},{"Bronze Scales":0,"Omamori":26,"Orichalcum":19,"Toy Ornithopter":14,"White Beast Statue":19,"Ring of the Snake":0}],"Toy Ornithopter":15,"Ring of the Snake":[16]},"card_choices":[{"not_picked":["Dodge and Roll","Deflect"],"picked":"Flying Knee","floor":1},{"not_picked":["Bane","Slice"],"picked":"Skewer","floor":2},{"not_picked":["Dagger Throw","Backflip"],"picked":"All Out Attack","floor":3},{"not_picked":["Flechettes","Slice","Masterful Stab"],"picked":"SKIP","floor":6},{"not_picked":["Phantasmal Killer","Accuracy"],"picked":"Caltrops","floor":8},{"not_picked":["Quick Slash","Poisoned Stab"],"picked":"Backstab","floor":12},{"not_picked":["Finisher","All Out Attack","Sucker Punch"],"picked":"SKIP","floor":13}],"player_experience":875820,"relics_obtained":[{"floor":6,"key":"Toy Ornithopter"},{"floor":8,"key":"White Beast Statue"},{"floor":9,"key":"Orichalcum"},{"floor":13,"key":"Omamori"}],"event_choices":[{"damage_healed":13,"gold_gain":0,"player_choice":"Full Heal","damage_taken":0,"max_hp_gain":0,"max_hp_loss":0,"event_name":"Wheel of Change","floor":4,"gold_loss":0},{"damage_healed":0,"gold_gain":0,"player_choice":"Grow","damage_taken":0,"max_hp_gain":0,"max_hp_loss":0,"event_name":"Living Wall","floor":14,"gold_loss":0,"cards_upgraded":["Neutralize"]}],"is_beta":false,"boss_relics":[],"items_purged_floors":[5],"is_endless":false,"potions_floor_spawned":[6,12,13],"killed_by":"Slime Boss","ascension_level":20}}