{"host":"o5or1zybx7au40zl","time":1609187214,"event":{"mods":["Act Like it!","BaseMod","Better Third Choice","Conspire","Dota2Spire","Hubris","Minty Spire (QoL Compilation)","Replay The Spire","StSLib"],"gold_per_floor":[110,110,385,396,416,429,441,33,33,44,71,71,102,120,120,120,120],"floor_reached":16,"playtime":523,"items_purged":["Regret"],"score":164,"play_id":"cb1be0db-8ee7-429e-9e03-d2a62ec23dba","local_time":"20201228212654","is_ascension_mode":false,"campfire_choices":[{"floor":12,"key":"REST"},{"floor":15,"key":"RECALL"}],"circlet_count":0,"master_deck":["Strike_P","Strike_P","Strike_P","Defend_P","Defend_P","Defend_P","Eruption","Vigilance","Pray","ForeignInfluence","Steam","FollowUp","CrushJoints","Indignation","SandsOfTime","Pray","Replay:Vibes"],"relics":["PureWater","Replay:Ringing Soul","hubris:DisguiseKit","hubris:PeanutButter"],"acts_visited":["Exordium"],"potions_floor_usage":[11,13,16,16],"damage_taken":[{"damage":0,"enemies":"2 Louse","floor":1,"turns":3},{"damage":3,"enemies":"Jaw Worm","floor":4,"turns":2},{"damage":0,"enemies":"Cultist","floor":5,"turns":2},{"damage":14,"enemies":"Looter","floor":6,"turns":4},{"damage":9,"enemies":"Gremlin Gang","floor":7,"turns":4},{"damage":4,"enemies":"Blue Slaver","floor":10,"turns":3},{"damage":17,"enemies":"3 Sentries","floor":11,"turns":6},{"damage":0,"enemies":"Lagavulin","floor":13,"turns":4},{"damage":2,"enemies":"2 Fungi Beasts","floor":14,"turns":4},{"damage":108,"enemies":"Fading Forest","floor":16,"turns":10}],"seed_played":"2803377899281871698","potions_obtained":[{"floor":1,"key":"Toxic Potion"},{"floor":10,"key":"Adrenaline Potion"},{"floor":11,"key":"Dota2Spire:HealingSalve"},{"floor":13,"key":"Explosive Potion"}],"is_trial":false,"path_per_floor":["M","?","?","M","M","M","M","$","T","M","E","R","E","M","R","B"],"character_chosen":"WATCHER","items_purchased":["Replay:Ringing Soul","Indignation"],"campfire_rested":1,"item_purchase_floors":[8,8],"current_hp_per_floor":[65,65,65,62,62,48,39,42,42,41,27,55,67,65,65,0,0],"gold":120,"neow_bonus":"TWENTY_PERCENT_HP_BONUS","is_daily":false,"chose_seed":false,"campfire_upgraded":0,"win_rate":0.0,"timestamp":1609187214,"path_taken":["M","?","?","M","M","M","M","$","T","M","E","R","E","M","R","BOSS"],"items_purchased_type":["Relic","Card"],"build_version":"2020-12-22","purchased_purges":1,"victory":false,"max_hp_per_floor":[86,86,86,86,86,86,86,89,89,92,95,95,98,98,98,98,98],"card_choices":[{"not_picked":["Crescendo","FlurryOfBlows"],"picked":"Pray","floor":1},{"not_picked":["Crescendo","Perseverance","SashWhip"],"picked":"SKIP","floor":4},{"not_picked":["Replay:Hum","EmptyBody","Replay:BluntJabs"],"picked":"SKIP","floor":5},{"not_picked":["Vengeance","Crescendo"],"picked":"FollowUp","floor":6},{"not_picked":["Halt","ThirdEye"],"picked":"CrushJoints","floor":7},{"not_picked":["Replay:ManipulateFuture","Wireheading"],"picked":"SandsOfTime","floor":10},{"not_picked":["Adaptation","Weave"],"picked":"Pray","floor":11},{"not_picked":["CrushJoints","CutThroughFate","Flex"],"picked":"Replay:Vibes","floor":13},{"not_picked":["ReachHeaven","EmptyFist","Sanctity","Rampage"],"picked":"SKIP","floor":14}],"player_experience":905090,"relics_obtained":[{"floor":11,"key":"hubris:DisguiseKit"},{"floor":13,"key":"hubris:PeanutButter"}],"event_choices":[{"damage_healed":0,"gold_gain":275,"player_choice":"Desecrate","damage_taken":0,"max_hp_gain":0,"max_hp_loss":0,"event_name":"Golden Shrine","floor":3,"gold_loss":0,"cards_obtained":["Regret"]}],"is_beta":false,"boss_relics":[],"items_purged_floors":[8],"is_endless":false,"potions_floor_spawned":[1,10,11,13],"killed_by":"Fading Forest","ascension_level":0}}