{"host":"qm4rv4rkpk76sbxu","time":1609163628,"event":{"mods":["BaseMod","Bestiary","Block Reminder","DeckTracker","Filter the Spire","Keyboard Shortcuts","Minty Spire (QoL Compilation)","MonsterHotkey","Potion Indicator Mod","Quick Restart","Random Character Button","Relic Stats","Slay-I","StSLib","ojb\u0027s Better Paths Mod"],"gold_per_floor":[114,114,114,128,128,128,128],"floor_reached":6,"playtime":235,"items_purged":[],"score":68,"play_id":"a801c67c-4ace-4cce-a3d7-bb22c49bcf21","local_time":"20201228145348","is_ascension_mode":true,"campfire_choices":[],"circlet_count":0,"master_deck":["AscendersBane","Strike_B","Strike_B","Strike_B","Strike_B","Defend_B","Defend_B","Defend_B","Defend_B","Zap","Dualcast","Creative AI+1"],"relics":["Cracked Core","Dream Catcher","DataDisk"],"acts_visited":["Exordium"],"potions_floor_usage":[],"damage_taken":[{"damage":12.0,"enemies":"Jaw Worm","floor":1.0,"turns":3.0},{"damage":0.0,"enemies":"2 Louse","floor":4.0,"turns":4.0},{"damage":40,"enemies":"Lagavulin","floor":6,"turns":8}],"seed_played":"3898224815767472341","potions_obtained":[],"is_trial":false,"path_per_floor":["M","?","?","M","T","E"],"character_chosen":"DEFECT","items_purchased":[],"campfire_rested":0,"item_purchase_floors":[],"current_hp_per_floor":[52,52,26,26,26,0,0],"gold":128,"neow_bonus":"ONE_RANDOM_RARE_CARD","is_daily":false,"chose_seed":false,"campfire_upgraded":0,"win_rate":0.0,"timestamp":1609163628,"path_taken":["M","?","?","M","?","E"],"items_purchased_type":[],"build_version":"2020-12-22","purchased_purges":0,"victory":false,"max_hp_per_floor":[71,71,71,71,71,71,71],"relic_stats":{"Dream Catcher":0,"counters":[3,15],"obtain_stats":[{"Dream Catcher":3,"DataDisk":5,"Cracked Core":0},{"Dream Catcher":1,"DataDisk":2,"Cracked Core":0},{"Dream Catcher":3,"DataDisk":7,"Cracked Core":0}]},"card_choices":[{"not_picked":["Barrage","Chaos","Steam Power"],"picked":"SKIP","floor":1.0},{"not_picked":["Skim","Barrage","Turbo"],"picked":"SKIP","floor":4.0}],"player_experience":1146032,"relics_obtained":[{"floor":5.0,"key":"DataDisk"}],"event_choices":[{"damage_healed":0.0,"max_hp_gain":0.0,"max_hp_loss":0.0,"gold_gain":0.0,"event_name":"Living Wall","player_choice":"Grow","floor":2.0,"gold_loss":0.0,"damage_taken":0.0,"cards_upgraded":["Creative AI"]},{"damage_healed":0.0,"max_hp_gain":0.0,"max_hp_loss":0.0,"gold_gain":0.0,"event_name":"Scrap Ooze","player_choice":"Success","floor":3.0,"gold_loss":0.0,"damage_taken":26.0,"relics_obtained":["Dream Catcher"]}],"is_beta":false,"boss_relics":[],"items_purged_floors":[],"is_endless":false,"potions_floor_spawned":[],"killed_by":"Lagavulin","ascension_level":20}}