{"host":"4tnjxquzd1sn7hrw","time":1609140231,"event":{"mods":["BaseMod","Colored Map","Downfall","Hubris","Minty Spire (QoL Compilation)","Quick Restart","StSLib"],"gold_per_floor":[99,115,115,133,133,148,148,175,193,519,533,533,533,533,553,553,553,553],"floor_reached":16,"playtime":769,"items_purged":[],"score":129,"play_id":"21092c4e-546d-4d4e-8e5d-6fbd5480c2c0","local_time":"20201228162351","is_ascension_mode":true,"campfire_choices":[{"data":"champ:Taunt","floor":1,"key":"SMITH"},{"data":"champ:EndlessRage","floor":13,"key":"SMITH"}],"circlet_count":0,"master_deck":["champ:Strike","champ:Strike","champ:Strike","champ:Strike","champ:Defend","champ:Defend","champ:Defend","champ:Defend","champ:Execute","champ:Taunt+1","champ:BringItOn","champ:SwordSigil","champ:RapidStrikes","champ:HeartStrike","champ:SwordSigil","champ:EndlessRage+1","champ:ShieldSigil"],"relics":["champ:ChampionCrown","Bag of Preparation","hubris:MysteriousPyramids","Old Coin","hubris:Towel"],"acts_visited":["Exordium"],"potions_floor_usage":[15,16],"damage_taken":[{"damage":10,"enemies":"Jaw Worm","floor":2,"turns":4},{"damage":0,"enemies":"2 Louse","floor":4,"turns":3},{"damage":9,"enemies":"Small Slimes","floor":6,"turns":4},{"damage":39,"enemies":"3 Sentries","floor":8,"turns":7},{"damage":14,"enemies":"3 Louse","floor":9,"turns":2},{"damage":61,"enemies":"Gremlin Nob","floor":10,"turns":6},{"damage":18,"enemies":"2 Fungi Beasts","floor":11,"turns":2},{"damage":28,"enemies":"Large Slime","floor":15,"turns":6},{"damage":44,"enemies":"downfall:Watcher","floor":16,"turns":4}],"seed_played":"-2397896798799497286","potions_obtained":[{"floor":4,"key":"sneckomod:MuddlingPotion"},{"floor":10,"key":"DistilledChaos"},{"floor":11,"key":"FearPotion"}],"is_trial":false,"path_per_floor":["R","M","?","M","?","M","T","E","M","E","M","?","R","?","M","B"],"character_chosen":"THE_CHAMP","items_purchased":[],"campfire_rested":0,"item_purchase_floors":[],"current_hp_per_floor":[99,94,99,99,99,99,99,79,79,32,32,32,32,32,14,0,0,0],"gold":553,"neow_bonus":"TEN_PERCENT_HP_BONUS","is_daily":false,"chose_seed":false,"campfire_upgraded":2,"win_rate":0.0,"timestamp":1609140231,"path_taken":["R","M","?","M","?","M","T","E","M","E","M","?","R","?","M","BOSS"],"items_purchased_type":[],"build_version":"2020-12-22","purchased_purges":0,"victory":false,"max_hp_per_floor":[99,99,104,104,104,104,104,104,104,104,104,104,104,104,104,104,104,104],"card_choices":[{"not_picked":["champ:FightOn","champ:Circumvent"],"picked":"champ:BringItOn","floor":2},{"not_picked":["champ:Shatter","champ:ShieldWall"],"picked":"champ:SwordSigil","floor":4},{"not_picked":["champ:Riposte","champ:EndlessRage"],"picked":"champ:RapidStrikes","floor":6},{"not_picked":["champ:FanOfKnives","champ:EnchantCrown"],"picked":"champ:HeartStrike","floor":8},{"not_picked":["champ:Balance","champ:FocusedGladiator","champ:CrookedStrike"],"picked":"SKIP","floor":9},{"not_picked":["champ:Haymaker","champ:BringItOn"],"picked":"champ:SwordSigil","floor":10},{"not_picked":["champ:FightOn","champ:RageSigil"],"picked":"champ:EndlessRage","floor":11},{"not_picked":["champ:Backstep","champ:FlashCut"],"picked":"champ:ShieldSigil","floor":15}],"player_experience":510595,"relics_obtained":[{"floor":7,"key":"Bag of Preparation"},{"floor":8,"key":"hubris:MysteriousPyramids"},{"floor":10,"key":"Old Coin"}],"event_choices":[{"damage_healed":0,"gold_gain":0,"player_choice":"Donut","damage_taken":0,"max_hp_gain":5,"max_hp_loss":0,"event_name":"Big Fish","floor":3,"gold_loss":0}],"is_beta":false,"boss_relics":[],"items_purged_floors":[],"is_endless":false,"potions_floor_spawned":[4,10,11],"killed_by":"downfall:Watcher","ascension_level":3}}