{"host":"15dd7v8o90xso62x","time":1609123314,"event":{"mods":["BaseMod","Minty Spire (QoL Compilation)","Quick Restart","StSLib","SuperFastMode"],"gold_per_floor":[19,33,53,64,80,80,112,124,136,148,160,172,172],"floor_reached":12,"playtime":424,"items_purged":[],"score":160,"play_id":"8962107f-6e81-4009-b8bb-d8253ac29433","local_time":"20201228114154","is_ascension_mode":true,"campfire_choices":[{"data":"Uppercut","floor":6.0,"key":"SMITH"},{"data":"Corruption","floor":8.0,"key":"SMITH"},{"data":"Flame Barrier","floor":11.0,"key":"SMITH"}],"circlet_count":0,"master_deck":["AscendersBane","Strike_R+1","Strike_R","Strike_R","Strike_R","Defend_R","Defend_R","Defend_R","Bash+1","Thunderclap","Headbutt","Flame Barrier+1","Cleave","Shrug It Off","Uppercut+1","Corruption+1"],"relics":["Burning Blood","MawBank","Champion Belt"],"acts_visited":["Exordium"],"potions_floor_usage":[12],"damage_taken":[{"damage":12.0,"enemies":"Jaw Worm","floor":1.0,"turns":3.0},{"damage":6.0,"enemies":"2 Louse","floor":2.0,"turns":3.0},{"damage":1.0,"enemies":"Cultist","floor":3.0,"turns":3.0},{"damage":0.0,"enemies":"Blue Slaver","floor":4.0,"turns":5.0},{"damage":7.0,"enemies":"Looter","floor":5.0,"turns":5.0},{"damage":36.0,"enemies":"Gremlin Nob","floor":7.0,"turns":5.0},{"damage":16,"enemies":"3 Sentries","floor":12,"turns":7}],"seed_played":"-5408594914816944509","potions_obtained":[{"floor":1.0,"key":"SpeedPotion"}],"is_trial":false,"path_per_floor":["M","M","M","M","M","R","E","R","T","?","R","E"],"character_chosen":"IRONCLAD","items_purchased":[],"campfire_rested":0,"item_purchase_floors":[],"current_hp_per_floor":[62,62,67,73,72,72,42,42,42,19,19,3,3],"gold":172,"neow_bonus":"TRANSFORM_TWO_CARDS","is_daily":false,"chose_seed":false,"campfire_upgraded":3,"win_rate":0.0,"timestamp":1609123314,"path_taken":["M","M","M","M","M","R","E","R","T","?","R","E"],"items_purchased_type":[],"build_version":"2020-12-22","purchased_purges":0,"victory":false,"max_hp_per_floor":[75,75,75,75,75,75,75,75,75,75,75,75,75],"card_choices":[{"not_picked":["Bloodletting","Warcry"],"picked":"Flame Barrier","floor":1.0},{"not_picked":["Wild Strike","Pummel"],"picked":"Cleave","floor":2.0},{"not_picked":["Perfected Strike","Cleave"],"picked":"Shrug It Off","floor":3.0},{"not_picked":["Armaments","Sword Boomerang","Metallicize"],"picked":"SKIP","floor":4.0},{"not_picked":["Evolve","Rampage"],"picked":"Uppercut","floor":5.0},{"not_picked":["Anger","Intimidate"],"picked":"Corruption","floor":7.0}],"player_experience":955947,"relics_obtained":[{"floor":7.0,"key":"MawBank"},{"floor":9.0,"key":"Champion Belt"}],"event_choices":[{"damage_healed":0.0,"max_hp_gain":0.0,"max_hp_loss":0.0,"gold_gain":0.0,"event_name":"Shining Light","player_choice":"Entered Light","floor":10.0,"gold_loss":0.0,"damage_taken":23.0,"cards_upgraded":["Strike_R","Bash"]}],"is_beta":false,"boss_relics":[],"items_purged_floors":[],"is_endless":false,"potions_floor_spawned":[1],"killed_by":"3 Sentries","ascension_level":20}}