{"host":"pynofkhbweftzsaw","time":1609146889,"event":{"mods":["BaseMod","Colored Map","Minty Spire (QoL Compilation)","StSLib"],"gold_per_floor":[119,136,136,136,136,171,171,187,263,279,279,312,93,158,158,260,260,273,72,147,197,45,80,142,154,166,72,72,106,123,173,173,274,274,285,335,349,419,278,310,329,329,329,359,374,386,141,153,153,153],"floor_reached":51,"playtime":3713,"items_purged":["Regret","Defend_G+1"],"score":878,"play_id":"4506d966-4dd6-4637-a6ec-de88d8955fcd","local_time":"20201228171449","is_ascension_mode":false,"campfire_choices":[{"data":"Neutralize","floor":7.0,"key":"SMITH"},{"data":"Finisher","floor":11,"key":"SMITH"},{"floor":15,"key":"REST"},{"data":"Finisher","floor":25,"key":"SMITH"},{"data":"Choke","floor":28,"key":"SMITH"},{"floor":32,"key":"REST"},{"data":"Apotheosis","floor":42,"key":"SMITH"},{"data":"Burst","floor":49,"key":"SMITH"}],"circlet_count":0,"master_deck":["Strike_G+1","Strike_G+1","Strike_G+1","Strike_G+1","Strike_G+1","Defend_G+1","Defend_G+1","Defend_G+1","Survivor","Neutralize+1","Bouncing Flask","Slice","Blade Dance","Finisher+1","Deflect","Blade Dance","Blade Dance","Burst+1","Blade Dance+1","Blade Dance","Prepared","Choke+1","Finisher+1","Necronomicurse","Venomology","Slice+1","Endless Agony","Apotheosis+1","Tactician+1","Shame","Blade Dance+1"],"relics":["Ring of the Snake","NeowsBlessing","MealTicket","SsserpentHead","Ninja Scroll","Bottled Lightning","White Beast Statue","Snake Skull","HoveringKite","Potion Belt","Red Mask","TwistedFunnel","MawBank","CaptainsWheel","Vajra","Letter Opener","Necronomicon","Cursed Key","Oddly Smooth Stone","Boot","Meat on the Bone","Ornamental Fan","Lee\u0027s Waffle"],"acts_visited":["TheCity","TheBeyond"],"potions_floor_usage":[12,12,16,20,33,33,35,38,38,40,41,44,44,46,46,50,50,50,50,50,50,50,50,50,50],"damage_taken":[{"damage":0.0,"enemies":"Cultist","floor":1.0,"turns":1.0},{"damage":0.0,"enemies":"2 Louse","floor":2.0,"turns":1.0},{"damage":0.0,"enemies":"3 Sentries","floor":6.0,"turns":1.0},{"damage":3.0,"enemies":"Jaw Worm","floor":8.0,"turns":2.0},{"damage":0,"enemies":"2 Fungi Beasts","floor":10,"turns":2},{"damage":22,"enemies":"Gremlin Nob","floor":12,"turns":4},{"damage":0,"enemies":"Blue Slaver","floor":14,"turns":1},{"damage":21,"enemies":"Hexaghost","floor":16,"turns":5},{"damage":1,"enemies":"3 Byrds","floor":18,"turns":4},{"damage":10,"enemies":"Masked Bandits","floor":20,"turns":4},{"damage":9,"enemies":"Gremlin Leader","floor":23,"turns":2},{"damage":10,"enemies":"Slavers","floor":29,"turns":2},{"damage":7,"enemies":"Shell Parasite","floor":30,"turns":2},{"damage":14,"enemies":"Champ","floor":33,"turns":5},{"damage":14,"enemies":"3 Darklings","floor":35,"turns":4},{"damage":6,"enemies":"3 Shapes","floor":37,"turns":2},{"damage":10,"enemies":"Transient","floor":38,"turns":5},{"damage":0,"enemies":"Reptomancer","floor":40,"turns":1},{"damage":0,"enemies":"Jaw Worm Horde","floor":41,"turns":2},{"damage":9,"enemies":"Giant Head","floor":44,"turns":4},{"damage":4,"enemies":"4 Shapes","floor":45,"turns":2},{"damage":0,"enemies":"3 Darklings","floor":46,"turns":1},{"damage":12,"enemies":"Maw","floor":48,"turns":5},{"damage":0,"enemies":"Donu and Deca","floor":50,"turns":4}],"seed_played":"-691299050091106108","potions_obtained":[{"floor":1.0,"key":"Weak Potion"},{"floor":8,"key":"Energy Potion"},{"floor":10,"key":"Dexterity Potion"},{"floor":14,"key":"DuplicationPotion"},{"floor":16,"key":"Strength Potion"},{"floor":18,"key":"Dexterity Potion"},{"floor":20,"key":"PowerPotion"},{"floor":23,"key":"SkillPotion"},{"floor":29,"key":"Explosive Potion"},{"floor":30,"key":"EntropicBrew"},{"floor":33,"key":"BlessingOfTheForge"},{"floor":35,"key":"Block Potion"},{"floor":38,"key":"LiquidMemories"},{"floor":40,"key":"PowerPotion"},{"floor":41,"key":"BlessingOfTheForge"},{"floor":44,"key":"FearPotion"},{"floor":46,"key":"DistilledChaos"},{"floor":48,"key":"AttackPotion"}],"is_trial":false,"path_per_floor":["M","M","?","?","?","E","R","M","T","M","R","E","$","M","R","B",null,"M","$","?","?","$","E","?","R","T","$","R","E","M","?","R","B",null,"M","?","M","M","$","E","M","R","T","E","M","M","$","M","R","B",null],"character_chosen":"THE_SILENT","items_purchased":["Snake Skull","Blade Dance","Potion Belt","TwistedFunnel","Vajra","Apotheosis","Lee\u0027s Waffle"],"campfire_rested":2,"item_purchase_floors":[13,19,19,22,27,39,47],"current_hp_per_floor":[70,70,63,63,63,63,63,60,60,60,60,38,53,53,70,49,70,69,70,60,60,70,61,61,61,61,70,70,60,53,37,58,44,70,56,56,50,40,55,55,55,55,55,46,42,42,77,65,65,65],"gold":153,"neow_bonus":"THREE_ENEMY_KILL","is_daily":false,"chose_seed":false,"campfire_upgraded":6,"win_rate":0.0,"timestamp":1609146889,"path_taken":["M","?","?","?","?","E","R","M","T","M","R","E","$","?","R","BOSS","M","$","?","?","$","E","?","R","T","?","R","E","M","?","R","BOSS","M","?","M","?","?","E","M","R","T","E","M","M","$","M","R","BOSS"],"items_purchased_type":["Relic","Card","Relic","Relic","Relic","Card","Relic"],"build_version":"2020-12-22","purchased_purges":2,"victory":true,"max_hp_per_floor":[70,70,70,70,70,70,70,70,70,70,70,70,70,70,70,70,70,70,70,70,70,70,70,70,70,70,70,70,70,70,70,70,70,70,70,70,70,70,70,70,70,70,70,70,70,70,77,77,77,77],"card_choices":[{"not_picked":["Outmaneuver","PiercingWail"],"picked":"Bouncing Flask","floor":1.0},{"not_picked":["Heel Hook","Backflip"],"picked":"Slice","floor":2.0},{"not_picked":["Poisoned Stab","Bane"],"picked":"Blade Dance","floor":6.0},{"not_picked":["Deadly Poison","Well Laid Plans"],"picked":"Finisher","floor":8},{"not_picked":["Poisoned Stab","Acrobatics"],"picked":"Deflect","floor":10},{"not_picked":["Masterful Stab","Bouncing Flask"],"picked":"Blade Dance","floor":12},{"not_picked":["Dodge and Roll","Backflip"],"picked":"Blade Dance","floor":14},{"not_picked":["Corpse Explosion","Malaise"],"picked":"Burst","floor":16},{"not_picked":["Masterful Stab","Backstab+1"],"picked":"Blade Dance+1","floor":18},{"not_picked":["Sucker Punch+1","Malaise"],"picked":"Prepared","floor":20},{"not_picked":["Tactician","Poisoned Stab+1"],"picked":"Finisher","floor":23},{"not_picked":["Bane+1","Dash+1","PiercingWail+1"],"picked":"SKIP","floor":29},{"not_picked":["PiercingWail","Tactician","Outmaneuver"],"picked":"SKIP","floor":30},{"not_picked":["Wraith Form v2","Phantasmal Killer"],"picked":"Venomology","floor":33},{"not_picked":["Noxious Fumes+1","PiercingWail+1"],"picked":"Slice+1","floor":35},{"not_picked":["Blur+1","Leg Sweep+1","Crippling Poison"],"picked":"SKIP","floor":37},{"not_picked":["Outmaneuver","Leg Sweep+1"],"picked":"Endless Agony","floor":38},{"not_picked":["PiercingWail","Outmaneuver+1","Dagger Throw"],"picked":"SKIP","floor":40},{"not_picked":["PiercingWail+1","Dagger Spray"],"picked":"Tactician+1","floor":41},{"not_picked":["Die Die Die","Footwork","PiercingWail"],"picked":"SKIP","floor":44},{"not_picked":["Sucker Punch","Reflex","Quick Slash+1"],"picked":"SKIP","floor":45},{"not_picked":["Acrobatics","Slice"],"picked":"Blade Dance+1","floor":46},{"not_picked":["Sucker Punch+1","Dodge and Roll","Outmaneuver"],"picked":"SKIP","floor":48}],"player_experience":22583,"relics_obtained":[{"floor":6.0,"key":"Ninja Scroll"},{"floor":9,"key":"Bottled Lightning"},{"floor":12,"key":"White Beast Statue"},{"floor":20,"key":"Red Mask"},{"floor":23,"key":"MawBank"},{"floor":26,"key":"CaptainsWheel"},{"floor":29,"key":"Letter Opener"},{"floor":31,"key":"Necronomicon"},{"floor":36,"key":"Oddly Smooth Stone"},{"floor":40,"key":"Boot"},{"floor":43,"key":"Meat on the Bone"},{"floor":44,"key":"Ornamental Fan"}],"event_choices":[{"cards_removed":["Defend_G"],"damage_healed":0.0,"max_hp_gain":0.0,"max_hp_loss":0.0,"gold_gain":0.0,"event_name":"Golden Wing","player_choice":"Card Removal","floor":3.0,"gold_loss":0.0,"damage_taken":7.0},{"damage_healed":0.0,"max_hp_gain":0.0,"max_hp_loss":0.0,"gold_gain":0.0,"event_name":"Big Fish","player_choice":"Box","floor":4.0,"gold_loss":0.0,"damage_taken":0.0,"relics_obtained":["MealTicket"],"cards_obtained":["Regret"]},{"damage_healed":0.0,"max_hp_gain":0.0,"max_hp_loss":0.0,"gold_gain":0.0,"event_name":"FaceTrader","player_choice":"Trade","floor":5.0,"gold_loss":0.0,"damage_taken":0.0,"relics_obtained":["SsserpentHead"]},{"damage_healed":0,"gold_gain":0,"player_choice":"Fought Bandits","damage_taken":0,"max_hp_gain":0,"max_hp_loss":0,"event_name":"Masked Bandits","floor":20,"gold_loss":0},{"damage_healed":0,"gold_gain":0,"player_choice":"Read","damage_taken":0,"max_hp_gain":0,"max_hp_loss":0,"event_name":"The Library","floor":21,"gold_loss":0,"cards_obtained":["Choke"]},{"damage_healed":0,"gold_gain":0,"player_choice":"Simplicity","damage_taken":0,"max_hp_gain":0,"max_hp_loss":0,"event_name":"Back to Basics","floor":24,"gold_loss":0,"cards_upgraded":["Strike_G","Strike_G","Strike_G","Strike_G","Strike_G","Defend_G","Defend_G","Defend_G","Defend_G"]},{"damage_healed":0,"gold_gain":0,"player_choice":"Obtained Book","damage_taken":16,"max_hp_gain":0,"max_hp_loss":0,"event_name":"Cursed Tome","floor":31,"gold_loss":0},{"damage_healed":0,"gold_gain":0,"player_choice":"Relic","damage_taken":0,"max_hp_gain":0,"max_hp_loss":0,"event_name":"Wheel of Change","floor":36,"gold_loss":0}],"is_beta":false,"boss_relics":[{"not_picked":["Ring of the Serpent","Sozu"],"picked":"HoveringKite"},{"not_picked":["Runic Pyramid","Coffee Dripper"],"picked":"Cursed Key"}],"items_purged_floors":[13,47],"is_endless":false,"potions_floor_spawned":[1,8,10,14,16,18,20,23,29,30,33,35,37,38,40,41,44,45,46,48],"ascension_level":0}}