{"host":"2461dio7vetlq1z3","time":1609166743,"event":{"mods":["2.2 Compatiblity","AchievementEnabler","Aspiration","BaseMod","Better Third Choice","Friendly Minions","Hermit","Marisa????????","Minty Spire (QoL Compilation)","Relic Stats","Spicy Shops","StSLib","Waifu the Spire"],"gold_per_floor":[366,385,385,39,95,141,0,92,144,144,213,213,9,62,62,62,62],"floor_reached":16,"playtime":610,"items_purged":["Strike_B"],"score":236,"play_id":"80e774d3-f665-43cc-a044-07cfa6c44542","local_time":"20201228154543","is_ascension_mode":true,"campfire_choices":[{"data":"HandOfGreed","floor":10,"key":"SMITH"},{"floor":12,"key":"REST"},{"data":"Defragment","floor":15,"key":"SMITH"}],"circlet_count":0,"master_deck":["AscendersBane","Strike_B","Strike_B","Strike_B","Defend_B","Defend_B","Defend_B","Defend_B","Zap+1","Dualcast","Hologram","Go for the Eyes","HandOfGreed+1","Sweeping Beam","Coolheaded","Genetic Algorithm","Cold Snap","Defragment+1","Rebound","Compile Driver","Capacitor","Static Discharge"],"relics":["Cracked Core","Dream Catcher","Pear","Oddly Smooth Stone","Membership Card","Sundial"],"acts_visited":["Exordium"],"potions_floor_usage":[6,8,14],"damage_taken":[{"damage":1,"enemies":"Cultist","floor":1,"turns":3},{"damage":4,"enemies":"Jaw Worm","floor":2,"turns":4},{"damage":3,"enemies":"Small Slimes","floor":5,"turns":4},{"damage":18,"enemies":"Lagavulin","floor":6,"turns":8},{"damage":10,"enemies":"3 Sentries","floor":8,"turns":6},{"damage":9,"enemies":"3 Louse","floor":11,"turns":6},{"damage":32,"enemies":"Gremlin Nob","floor":14,"turns":5},{"damage":20,"enemies":"Hexaghost","floor":16,"turns":9}],"seed_played":"-7675808787534760364","potions_obtained":[{"floor":1,"key":"PotionOfCapacity"},{"floor":11,"key":"Energy Potion"}],"is_trial":false,"path_per_floor":["M","M","?","$","M","E","$","E","T","R","M","R","$","E","R","B"],"character_chosen":"DEFECT","items_purchased":["HandOfGreed","Sweeping Beam","Cold Snap","Fire Potion","Membership Card","Capacitor"],"campfire_rested":1,"item_purchase_floors":[4,4,7,7,13,13],"current_hp_per_floor":[63,59,59,59,56,38,38,38,38,38,29,51,51,19,19,0,0],"gold":62,"neow_bonus":"TWO_FIFTY_GOLD","is_daily":false,"chose_seed":false,"campfire_upgraded":2,"win_rate":0.0,"timestamp":1609166743,"path_taken":["M","?","?","$","M","E","?","E","T","R","?","R","$","E","R","BOSS"],"items_purchased_type":["Card","Card","Card","Potion","Relic","Card"],"build_version":"2020-12-22","purchased_purges":1,"victory":false,"max_hp_per_floor":[64,64,64,64,64,64,64,74,74,74,74,74,74,74,74,74,74],"relic_stats":{"Dream Catcher":1,"counters":[8,45],"Sundial":[0],"obtain_stats":[{"Dream Catcher":6,"Pear":8,"Sundial":14,"Oddly Smooth Stone":9,"Membership Card":13,"Cracked Core":0},{"Dream Catcher":4,"Pear":5,"Sundial":7,"Oddly Smooth Stone":5,"Membership Card":6,"Cracked Core":0},{"Dream Catcher":19,"Pear":25,"Sundial":36,"Oddly Smooth Stone":25,"Membership Card":31,"Cracked Core":0}]},"card_choices":[{"not_picked":["Stack","Turbo"],"picked":"Hologram","floor":1},{"not_picked":["Redo","White Noise"],"picked":"Go for the Eyes","floor":2},{"not_picked":["Sunder","Barrage"],"picked":"Coolheaded","floor":5},{"not_picked":["Conserve Battery","Aggregate"],"picked":"Genetic Algorithm","floor":6},{"not_picked":["Steam Power","Ball Lightning"],"picked":"Defragment","floor":8},{"not_picked":["Scrape","Gash"],"picked":"Rebound","floor":11},{"not_picked":["Turbo","Steam Power"],"picked":"Compile Driver","floor":12},{"not_picked":["Turbo","Melter"],"picked":"Static Discharge","floor":14}],"player_experience":1074690,"relics_obtained":[{"floor":6,"key":"Dream Catcher"},{"floor":8,"key":"Pear"},{"floor":9,"key":"Oddly Smooth Stone"},{"floor":14,"key":"Sundial"}],"event_choices":[{"damage_healed":0,"gold_gain":0,"player_choice":"Upgraded","damage_taken":0,"max_hp_gain":0,"max_hp_loss":0,"event_name":"Upgrade Shrine","floor":3,"gold_loss":0,"cards_upgraded":["Zap"]}],"is_beta":false,"boss_relics":[],"items_purged_floors":[4],"is_endless":false,"potions_floor_spawned":[1,11],"killed_by":"Hexaghost","ascension_level":20}}