{"host":"fuszjwm6fqgjjp4d","time":1609148277,"event":{"mods":["BaseMod","Bestiary","Colored Map","DeckTracker","Minty Spire (QoL Compilation)","Permanent Neow","Relic Sorter","Relic Stats","StSLib"],"gold_per_floor":[110,121,121,121,131,131,164,164,190,222,222,222,238,273,285,374,386,408,439,14,64,64,64,64,64],"floor_reached":24,"playtime":492,"items_purged":["Strike_B"],"score":474,"play_id":"875d5d1a-5703-4271-a418-b7f9729381b2","local_time":"20201228033757","is_ascension_mode":true,"campfire_choices":[{"data":"Streamline","floor":6,"key":"SMITH"},{"floor":8,"key":"REST"},{"data":"Ball Lightning","floor":11,"key":"SMITH"},{"data":"Conserve Battery","floor":15,"key":"SMITH"},{"floor":23,"key":"REST"}],"circlet_count":0,"master_deck":["AscendersBane","Strike_B","Strike_B","Strike_B","Defend_B","Defend_B","Defend_B+1","Defend_B","Zap","Dualcast+1","Ball Lightning+1","Streamline+1","Leap","Conserve Battery+1","Compile Driver","Ball Lightning","Rainbow","Coolheaded","Sweeping Beam","Streamline"],"relics":["Busted Crown","Boot","Pen Nib","Ginger","Symbiotic Virus","MawBank","Inserter","Blood Vial","Medical Kit","Enchiridion"],"acts_visited":["Exordium","TheCity"],"potions_floor_usage":[10,14],"damage_taken":[{"damage":0,"enemies":"Cultist","floor":1,"turns":3},{"damage":0,"enemies":"2 Louse","floor":2,"turns":3},{"damage":7,"enemies":"Jaw Worm","floor":5,"turns":2},{"damage":8,"enemies":"Gremlin Nob","floor":7,"turns":3},{"damage":6,"enemies":"3 Sentries","floor":10,"turns":5},{"damage":0,"enemies":"Red Slaver","floor":13,"turns":2},{"damage":0,"enemies":"Lagavulin","floor":14,"turns":5},{"damage":8,"enemies":"The Guardian","floor":16,"turns":9},{"damage":23,"enemies":"2 Thieves","floor":18,"turns":3},{"damage":9,"enemies":"Chosen","floor":19,"turns":4},{"damage":34,"enemies":"Book of Stabbing","floor":24,"turns":5}],"seed_played":"-7839243921816221573","potions_obtained":[{"floor":7,"key":"AttackPotion"},{"floor":13,"key":"GamblersBrew"},{"floor":18,"key":"Ancient Potion"}],"is_trial":false,"path_per_floor":["M","M","?","?","M","R","E","R","T","E","R","T","M","E","R","B",null,"M","M","$","?","?","R","E"],"character_chosen":"DEFECT","items_purchased":["Blood Vial","Streamline","Medical Kit"],"campfire_rested":2,"item_purchase_floors":[20,20,20],"current_hp_per_floor":[64,64,43,33,26,26,18,39,39,33,33,33,33,33,33,25,60,37,28,28,28,7,28,0,0],"gold":64,"neow_bonus":"BOSS_RELIC","is_daily":false,"chose_seed":false,"campfire_upgraded":3,"win_rate":0.0,"timestamp":1609148277,"path_taken":["M","M","?","?","?","R","E","R","T","E","R","?","?","E","R","BOSS","M","M","$","?","?","R","E"],"items_purchased_type":["Relic","Card","Relic"],"build_version":"2020-12-22","purchased_purges":1,"victory":false,"max_hp_per_floor":[71,71,71,71,71,71,71,71,71,71,71,71,71,71,71,71,71,71,71,71,71,71,71,71,71],"relic_stats":{"Blood Vial":2,"Busted Crown":20,"Inserter":[6],"counters":[11,44],"Pen Nib":[5],"Ginger":[0],"Boot":[2],"MawBank":72,"Medical Kit":[0],"obtain_stats":[{"Blood Vial":20,"Busted Crown":0,"Inserter":17,"Enchiridion":22,"Pen Nib":9,"Ginger":10,"Cracked Core":0,"Boot":7,"Symbiotic Virus":12,"MawBank":14,"Medical Kit":20},{"Blood Vial":10,"Busted Crown":0,"Inserter":8,"Enchiridion":10,"Pen Nib":4,"Ginger":5,"Cracked Core":0,"Boot":4,"Symbiotic Virus":5,"MawBank":7,"Medical Kit":10},{"Blood Vial":39,"Busted Crown":0,"Inserter":32,"Enchiridion":39,"Pen Nib":11,"Ginger":16,"Cracked Core":0,"Boot":11,"Symbiotic Virus":16,"MawBank":23,"Medical Kit":39}]},"card_choices":[{"not_picked":[],"picked":"Ball Lightning","floor":1},{"not_picked":["Steam"],"picked":"SKIP","floor":2},{"not_picked":[],"picked":"Streamline","floor":5},{"not_picked":[],"picked":"Leap","floor":7},{"not_picked":[],"picked":"Conserve Battery","floor":10},{"not_picked":[],"picked":"Compile Driver","floor":13},{"not_picked":[],"picked":"Ball Lightning","floor":14},{"not_picked":[],"picked":"Rainbow","floor":16},{"not_picked":["Coolheaded"],"picked":"SKIP","floor":18},{"not_picked":[],"picked":"Coolheaded","floor":18},{"not_picked":["Sweeping Beam"],"picked":"SKIP","floor":19},{"not_picked":[],"picked":"Sweeping Beam","floor":19}],"player_experience":1230034,"relics_obtained":[{"floor":7,"key":"Boot"},{"floor":9,"key":"Pen Nib"},{"floor":10,"key":"Ginger"},{"floor":12,"key":"Symbiotic Virus"},{"floor":14,"key":"MawBank"},{"floor":22,"key":"Enchiridion"}],"event_choices":[{"damage_healed":0,"gold_gain":0,"player_choice":"Entered Light","damage_taken":21,"max_hp_gain":0,"max_hp_loss":0,"event_name":"Shining Light","floor":3,"gold_loss":0,"cards_upgraded":["Defend_B","Dualcast"]},{"damage_healed":0,"gold_gain":0,"player_choice":"Damaged","damage_taken":10,"max_hp_gain":0,"max_hp_loss":0,"event_name":"Wheel of Change","floor":4,"gold_loss":0},{"damage_healed":0,"gold_gain":50,"player_choice":"Stole From Cult","damage_taken":0,"max_hp_gain":0,"max_hp_loss":0,"event_name":"Nest","floor":21,"gold_loss":0},{"damage_healed":0,"gold_gain":0,"player_choice":"Obtained Book","damage_taken":21,"max_hp_gain":0,"max_hp_loss":0,"event_name":"Cursed Tome","floor":22,"gold_loss":0}],"is_beta":false,"boss_relics":[{"not_picked":["Snecko Eye","Empty Cage"],"picked":"Inserter"}],"items_purged_floors":[20],"is_endless":false,"potions_floor_spawned":[7,13,18],"killed_by":"Book of Stabbing","ascension_level":20}}