{"host":"48zyk7qbyaqvksy3","time":1609154304,"event":{"mods":["Act Like it!","BaseMod","GifTheSpireLib","Marisa£®ÏF”Í°°ƒß¿Ì…≥£©","Minty Spire (QoL Compilation)","StSLib","The Servant 0.9.4","Waifu the Spire"],"gold_per_floor":[111,122,197,197,197,228,242,417,417,448,448,75,94,105,105,205,205,222,239,339,354,374,407,407,377,377,388,417,417,431,356,356,457,457,469,469,116,216,236,266,266,298,298,327,337,132,132,82,82,82],"floor_reached":51,"playtime":2251,"items_purged":["Doubt","Strike_R","Bash","Strike_R"],"score":1094,"play_id":"9dc07f02-4afa-47d4-ad5f-b624f2170958","local_time":"20201228191824","is_ascension_mode":true,"campfire_choices":[{"data":"Body Slam","floor":11.0,"key":"SMITH"},{"data":"Body Slam","floor":15.0,"key":"SMITH"},{"data":"Armaments","floor":24.0,"key":"SMITH"},{"data":"Barricade","floor":29.0,"key":"SMITH"},{"floor":32.0,"key":"REST"},{"data":"Berserk","floor":41.0,"key":"SMITH"},{"data":"True Grit","floor":47,"key":"SMITH"},{"floor":49,"key":"REST"}],"circlet_count":0,"master_deck":["Strike_R","Strike_R","Defend_R","Defend_R","Defend_R","Defend_R","Body Slam","Body Slam+1","Shrug It Off","Metallicize","Offering","Body Slam+1","Shrug It Off","Juggernaut","Armaments+1","True Grit+1","Bloodletting","Barricade+1","Body Slam","True Grit","Metallicize","Berserk+1"],"relics":["Burning Blood","NeowsBlessing","Darkstone Periapt","Anchor","Smiling Mask","Toy Ornithopter","Prayer Wheel","Runic Pyramid","Thread and Needle","Singing Bowl","Blood Vial","Runic Dome","Meat on the Bone","Omamori","Bottled Tornado","Sundial","Bottled Flame","Happy Flower"],"acts_visited":["Exordium","TheCity","TheBeyond"],"potions_floor_usage":[44,45,50,50],"damage_taken":[{"damage":0.0,"enemies":"Cultist","floor":1.0,"turns":1.0},{"damage":0.0,"enemies":"Small Slimes","floor":2.0,"turns":1.0},{"damage":0.0,"enemies":"Lagavulin","floor":6.0,"turns":1.0},{"damage":0.0,"enemies":"2 Louse","floor":7.0,"turns":2.0},{"damage":39.0,"enemies":"3 Sentries","floor":10.0,"turns":11.0},{"damage":8.0,"enemies":"2 Fungi Beasts","floor":13.0,"turns":3.0},{"damage":6.0,"enemies":"Blue Slaver","floor":14.0,"turns":2.0},{"damage":16.0,"enemies":"Hexaghost","floor":16.0,"turns":13.0},{"damage":9.0,"enemies":"2 Thieves","floor":18.0,"turns":4.0},{"damage":10.0,"enemies":"Shell Parasite","floor":19.0,"turns":4.0},{"damage":27.0,"enemies":"Centurion and Healer","floor":21.0,"turns":8.0},{"damage":24.0,"enemies":"Shelled Parasite and Fungi","floor":22.0,"turns":4.0},{"damage":21.0,"enemies":"Slavers","floor":23.0,"turns":4.0},{"damage":9.0,"enemies":"Sentry and Sphere","floor":27.0,"turns":4.0},{"damage":21.0,"enemies":"Book of Stabbing","floor":28.0,"turns":6.0},{"damage":9.0,"enemies":"3 Cultists","floor":30.0,"turns":4.0},{"damage":51.0,"enemies":"Collector","floor":33.0,"turns":9.0},{"damage":58.0,"enemies":"3 Darklings","floor":35.0,"turns":6.0},{"damage":9.0,"enemies":"3 Shapes","floor":39.0,"turns":5.0},{"damage":35.0,"enemies":"Reptomancer","floor":40.0,"turns":7.0},{"damage":12.0,"enemies":"Giant Head","floor":42.0,"turns":6.0},{"damage":56,"enemies":"Reptomancer","floor":44,"turns":5},{"damage":22,"enemies":"3 Darklings","floor":45,"turns":6},{"damage":12,"enemies":"Donu and Deca","floor":50,"turns":8}],"seed_played":"-7718361645592797500","potions_obtained":[{"floor":10.0,"key":"Explosive Potion"},{"floor":13.0,"key":"HeartOfIron"},{"floor":14.0,"key":"Dexterity Potion"},{"floor":21.0,"key":"Dexterity Potion"},{"floor":22.0,"key":"LiquidMemories"},{"floor":25.0,"key":"Regen Potion"},{"floor":25.0,"key":"EntropicBrew"},{"floor":28.0,"key":"DuplicationPotion"},{"floor":44,"key":"BloodPotion"},{"floor":45,"key":"ColorlessPotion"}],"is_trial":false,"path_per_floor":["M","M","?","?","?","E","M","?","T","E","R","$","M","M","R","B",null,"M","M","?","M","M","E","R","?","T","M","E","R","M","?","R","B",null,"M","?","$","?","M","E","R","E","T","E","M","$","R","$","R","B",null],"character_chosen":"IRONCLAD","items_purchased":["Metallicize","Prayer Wheel","Dexterity Potion","Meat on the Bone","Happy Flower"],"campfire_rested":2,"item_purchase_floors":[12,12,37,37,46],"current_hp_per_floor":[80,80,69,75,68,74,80,86,86,53,53,53,51,51,51,51,92,89,85,85,64,46,41,41,41,41,38,45,45,46,46,74,36,96,48,48,48,48,63,65,65,63,63,34,63,63,63,63,97,103],"gold":82,"neow_bonus":"THREE_ENEMY_KILL","is_daily":false,"chose_seed":false,"campfire_upgraded":6,"win_rate":0.0,"timestamp":1609154304,"path_taken":["M","M","?","?","?","E","M","?","T","E","R","$","?","?","R","BOSS","M","M","?","?","M","E","R","?","T","M","E","R","?","?","R","BOSS","M","?","$","?","M","E","R","E","T","E","M","$","R","?","R","BOSS"],"items_purchased_type":["Card","Relic","Potion","Relic","Relic"],"build_version":"2020-12-22","purchased_purges":4,"victory":true,"max_hp_per_floor":[80,80,80,86,86,86,86,92,92,92,92,92,92,92,92,92,92,92,92,92,92,92,92,92,92,92,92,94,94,96,96,96,96,96,100,100,100,100,104,106,106,108,108,110,114,114,114,114,114,114],"card_choices":[{"not_picked":["Cleave","Heavy Blade"],"picked":"Body Slam","floor":1.0},{"not_picked":["Pommel Strike","Iron Wave"],"picked":"Body Slam","floor":2.0},{"not_picked":["Heavy Blade","Wild Strike"],"picked":"Thunderclap","floor":6.0},{"not_picked":["Twin Strike","Iron Wave"],"picked":"Shrug It Off","floor":7.0},{"not_picked":["Heavy Blade","Blood for Blood","Dark Embrace"],"picked":"SKIP","floor":10.0},{"not_picked":["Clothesline","Power Through"],"picked":"Offering","floor":13.0},{"not_picked":["Flex","Warcry"],"picked":"Body Slam","floor":13.0},{"not_picked":["Feed","Ghostly Armor"],"picked":"Shrug It Off","floor":14.0},{"not_picked":["Rampage","Anger","True Grit"],"picked":"SKIP","floor":14.0},{"not_picked":["Offering","Exhume"],"picked":"Juggernaut","floor":16.0},{"not_picked":["Whirlwind+1","Reckless Charge","Anger"],"picked":"SKIP","floor":18.0},{"not_picked":["Thunderclap","Pommel Strike+1","Inflame"],"picked":"SKIP","floor":18.0},{"not_picked":["Body Slam","Rage"],"picked":"Armaments","floor":19.0},{"not_picked":["Inflame+1","Body Slam","Heavy Blade+1"],"picked":"SKIP","floor":19.0},{"not_picked":["Iron Wave+1","Headbutt"],"picked":"True Grit","floor":21.0},{"not_picked":["Infernal Blade+1","Ghostly Armor"],"picked":"Bloodletting","floor":21.0},{"not_picked":["Warcry","Anger","Evolve+1"],"picked":"SKIP","floor":22.0},{"not_picked":["Clothesline","Warcry+1","Havoc"],"picked":"SKIP","floor":22.0},{"not_picked":["Pommel Strike","Sentinel"],"picked":"Barricade","floor":23.0},{"not_picked":["Twin Strike","Metallicize"],"picked":"Body Slam","floor":27.0},{"not_picked":["Anger","Iron Wave+1"],"picked":"True Grit","floor":27.0},{"not_picked":["Warcry+1","Pommel Strike+1","Cleave"],"picked":"Singing Bowl","floor":28.0},{"not_picked":["Evolve","Blood for Blood","Perfected Strike+1"],"picked":"Singing Bowl","floor":30.0},{"not_picked":["Seeing Red","Shrug It Off+1"],"picked":"Metallicize","floor":30.0},{"not_picked":["Barricade","Brutality"],"picked":"Berserk","floor":33.0},{"not_picked":["Clash+1","True Grit+1","Twin Strike+1"],"picked":"Singing Bowl","floor":35.0},{"not_picked":["Headbutt","Warcry+1","Reckless Charge"],"picked":"Singing Bowl","floor":35.0},{"not_picked":["Body Slam","Intimidate","Shrug It Off"],"picked":"Singing Bowl","floor":39.0},{"not_picked":["Whirlwind","Thunderclap","Body Slam"],"picked":"Singing Bowl","floor":39.0},{"not_picked":["Reaper","Combust","Clash+1"],"picked":"Singing Bowl","floor":40.0},{"not_picked":["Brutality","Flex+1","Hemokinesis+1"],"picked":"Singing Bowl","floor":42.0},{"not_picked":["Fire Breathing","Power Through","Ghostly Armor+1"],"picked":"Singing Bowl","floor":44},{"not_picked":["Havoc+1","Anger+1","Uppercut"],"picked":"Singing Bowl","floor":45},{"not_picked":["Shrug It Off","Pommel Strike","Shockwave+1"],"picked":"Singing Bowl","floor":45}],"player_experience":255316,"relics_obtained":[{"floor":6.0,"key":"Anchor"},{"floor":9.0,"key":"Smiling Mask"},{"floor":10.0,"key":"Toy Ornithopter"},{"floor":23.0,"key":"Thread and Needle"},{"floor":26.0,"key":"Singing Bowl"},{"floor":28.0,"key":"Blood Vial"},{"floor":40.0,"key":"Omamori"},{"floor":42.0,"key":"Bottled Tornado"},{"floor":43.0,"key":"Sundial"},{"floor":44,"key":"Bottled Flame"}],"event_choices":[{"damage_healed":0.0,"max_hp_gain":0.0,"max_hp_loss":0.0,"gold_gain":75.0,"event_name":"World of Goop","player_choice":"Gather Gold","floor":3.0,"gold_loss":0.0,"damage_taken":11.0},{"damage_healed":0.0,"max_hp_gain":0.0,"max_hp_loss":0.0,"gold_gain":0.0,"event_name":"Big Fish","player_choice":"Box","floor":4.0,"gold_loss":0.0,"damage_taken":0.0,"relics_obtained":["Darkstone Periapt"],"cards_obtained":["Regret"]},{"cards_removed":["Regret"],"damage_healed":0.0,"max_hp_gain":0.0,"max_hp_loss":0.0,"gold_gain":0.0,"event_name":"Golden Wing","player_choice":"Card Removal","floor":5.0,"gold_loss":0.0,"damage_taken":7.0},{"damage_healed":0.0,"max_hp_gain":0.0,"max_hp_loss":0.0,"gold_gain":175.0,"event_name":"Liars Game","player_choice":"AGREE","floor":8.0,"gold_loss":0.0,"damage_taken":0.0,"cards_obtained":["Doubt"]},{"damage_healed":0.0,"max_hp_gain":0.0,"max_hp_loss":0.0,"gold_gain":100.0,"event_name":"Golden Shrine","player_choice":"Pray","floor":20.0,"gold_loss":0.0,"damage_taken":0.0},{"damage_healed":0.0,"max_hp_gain":0.0,"max_hp_loss":0.0,"gold_gain":0.0,"event_name":"The Woman in Blue","player_choice":"Bought 2 Potions","floor":25.0,"gold_loss":0.0,"damage_taken":0.0},{"cards_removed":["Strike_R"],"damage_healed":0.0,"max_hp_gain":0.0,"max_hp_loss":0.0,"gold_gain":0.0,"event_name":"Beggar","player_choice":"Gave Gold","floor":31.0,"gold_loss":75.0,"damage_taken":0.0},{"cards_removed":["Thunderclap"],"damage_healed":0.0,"max_hp_gain":0.0,"max_hp_loss":0.0,"gold_gain":0.0,"event_name":"Falling","player_choice":"Removed Attack","floor":36.0,"gold_loss":0.0,"damage_taken":0.0},{"damage_healed":0.0,"max_hp_gain":0.0,"max_hp_loss":0.0,"gold_gain":100.0,"event_name":"Golden Shrine","player_choice":"Pray","floor":38.0,"gold_loss":0.0,"damage_taken":0.0}],"is_beta":false,"boss_relics":[{"not_picked":["Pandora\u0027s Box","Astrolabe"],"picked":"Runic Pyramid"},{"not_picked":["Black Star","Runic Cube"],"picked":"Runic Dome"}],"items_purged_floors":[12,37,46,48],"is_endless":false,"potions_floor_spawned":[10,13,14,21,22,28,30,44,45],"ascension_level":2}}