{"host":"jqjg4un1gmm27ngb","time":1609126085,"event":{"mods":["AchievementEnabler","BaseMod","Block Reminder","Colored Map","Colored Powertips","DeckTracker","Minty Spire (QoL Compilation)","Quick Restart","Relic Stats"],"gold_per_floor":[118,132,57,232,252,287,303,333,357,357,373,373,384,401,401,499,499,514,532,552,233,233,233],"floor_reached":22,"playtime":1451,"items_purged":["Strike_B","Doubt"],"score":200,"play_id":"57987d35-b22b-4dc4-901e-9e2063a4e0fa","local_time":"20201227222805","is_ascension_mode":false,"campfire_choices":[{"floor":10,"key":"REST"},{"data":"Ball Lightning","floor":12,"key":"SMITH"},{"data":"Ball Lightning","floor":15,"key":"SMITH"}],"circlet_count":0,"master_deck":["Strike_B","Strike_B","Strike_B","Defend_B","Defend_B","Defend_B","Defend_B","Zap","Dualcast","Conserve Battery","Ball Lightning","Ball Lightning+1","Sweeping Beam","Ball Lightning+1","Coolheaded","Rebound","Conserve Battery","Amplify","Genetic Algorithm+1","Leap+1","Hologram","Barrage"],"relics":["Cracked Core","Ancient Tea Set","Orichalcum","Happy Flower","Regal Pillow","Black Star","Lantern"],"acts_visited":["Exordium","TheCity"],"potions_floor_usage":[8,8,16,22],"damage_taken":[{"damage":0,"enemies":"2 Louse","floor":1,"turns":3},{"damage":0,"enemies":"Small Slimes","floor":2,"turns":3},{"damage":1,"enemies":"Jaw Worm","floor":5,"turns":3},{"damage":23,"enemies":"3 Sentries","floor":6,"turns":6},{"damage":0,"enemies":"Looter","floor":7,"turns":2},{"damage":9,"enemies":"Gremlin Nob","floor":8,"turns":4},{"damage":0,"enemies":"Exordium Wildlife","floor":11,"turns":2},{"damage":4,"enemies":"2 Fungi Beasts","floor":13,"turns":3},{"damage":0,"enemies":"Blue Slaver","floor":14,"turns":2},{"damage":29,"enemies":"The Guardian","floor":16,"turns":8},{"damage":3,"enemies":"Chosen","floor":18,"turns":4},{"damage":22,"enemies":"3 Byrds","floor":19,"turns":5},{"damage":37,"enemies":"Cultist and Chosen","floor":20,"turns":6},{"damage":18,"enemies":"Centurion and Healer","floor":22,"turns":4}],"seed_played":"-6908656889173062622","potions_obtained":[{"floor":2,"key":"Weak Potion"},{"floor":6,"key":"Block Potion"},{"floor":11,"key":"BlessingOfTheForge"},{"floor":13,"key":"Fruit Juice"},{"floor":20,"key":"SkillPotion"}],"is_trial":false,"path_per_floor":["M","M","$","?","M","E","M","E","T","R","M","R","M","M","R","B",null,"M","M","M","$","M"],"character_chosen":"DEFECT","items_purchased":["Lantern","Fire Potion","Barrage"],"campfire_rested":1,"item_purchase_floors":[21,21,21],"current_hp_per_floor":[75,75,75,75,74,51,51,42,42,75,75,75,71,71,71,47,80,77,55,18,18,0,0],"gold":233,"neow_bonus":"RANDOM_COMMON_RELIC","is_daily":false,"chose_seed":false,"campfire_upgraded":2,"win_rate":0.0,"timestamp":1609126085,"path_taken":["M","M","$","?","M","E","M","E","T","R","M","R","M","M","R","BOSS","M","M","M","$","M"],"items_purchased_type":["Relic","Potion","Card"],"build_version":"2020-12-22","purchased_purges":2,"victory":false,"max_hp_per_floor":[75,75,75,75,75,75,75,75,75,75,75,75,75,75,75,80,80,80,80,80,80,80,80],"relic_stats":{"Regal Pillow":11,"Happy Flower":[11],"counters":[14,55],"Black Star":0,"Orichalcum":[36],"obtain_stats":[{"Regal Pillow":9,"Lantern":21,"Happy Flower":8,"Black Star":17,"Orichalcum":6,"Cracked Core":0,"Ancient Tea Set":0},{"Regal Pillow":6,"Lantern":13,"Happy Flower":6,"Black Star":10,"Orichalcum":4,"Cracked Core":0,"Ancient Tea Set":0},{"Regal Pillow":21,"Lantern":51,"Happy Flower":21,"Black Star":36,"Orichalcum":15,"Cracked Core":0,"Ancient Tea Set":0}]},"card_choices":[{"not_picked":["Undo","Compile Driver"],"picked":"Conserve Battery","floor":1},{"not_picked":["Glacier","Multi-Cast"],"picked":"Ball Lightning","floor":2},{"not_picked":["Streamline","Gash"],"picked":"Ball Lightning","floor":5},{"not_picked":["Self Repair","Redo"],"picked":"Sweeping Beam","floor":6},{"not_picked":["Go for the Eyes","FTL"],"picked":"Ball Lightning","floor":7},{"not_picked":["Hyperbeam","Fission","Recycle"],"picked":"SKIP","floor":8},{"not_picked":["Steam","Turbo"],"picked":"Coolheaded","floor":11},{"not_picked":["Redo","Double Energy"],"picked":"Rebound","floor":13},{"not_picked":["Streamline","Genetic Algorithm"],"picked":"Conserve Battery","floor":14},{"not_picked":["Seek","Creative AI"],"picked":"Amplify","floor":16},{"not_picked":["Scrape","Stack"],"picked":"Genetic Algorithm+1","floor":18},{"not_picked":["Sunder","Storm"],"picked":"Leap+1","floor":19},{"not_picked":["Redo","Consume+1"],"picked":"Hologram","floor":20}],"player_experience":151729,"relics_obtained":[{"floor":6,"key":"Orichalcum"},{"floor":8,"key":"Happy Flower"},{"floor":9,"key":"Regal Pillow"}],"event_choices":[{"damage_healed":0,"gold_gain":175,"player_choice":"AGREE","damage_taken":0,"max_hp_gain":0,"max_hp_loss":0,"event_name":"Liars Game","floor":4,"gold_loss":0,"cards_obtained":["Doubt"]}],"is_beta":false,"boss_relics":[{"not_picked":["Sozu","SacredBark"],"picked":"Black Star"}],"items_purged_floors":[3,21],"is_endless":false,"potions_floor_spawned":[2,6,11,13,20],"killed_by":"Centurion and Healer","ascension_level":0}}