{"host":"5cnm2qapaqj5mmu7","time":1609169383,"event":{"mods":["BaseMod","Bestiary","Colored Map","Minty Spire (QoL Compilation)","StSLib"],"gold_per_floor":[109,129,147,160,235,235,255,286,286,301,301,332,332,249,249,249,249],"floor_reached":16,"playtime":649,"items_purged":[],"score":129,"play_id":"a845be70-ad82-4ade-bc52-1469f4d25771","local_time":"20201228162943","is_ascension_mode":true,"campfire_choices":[{"data":"Uppercut","floor":6.0,"key":"SMITH"},{"data":"Wild Strike","floor":11.0,"key":"SMITH"},{"data":"Barricade","floor":13.0,"key":"SMITH"},{"data":"True Grit","floor":15.0,"key":"SMITH"}],"circlet_count":0,"master_deck":["Strike_R","Strike_R","Strike_R","Strike_R","Defend_R","Defend_R","Defend_R","Defend_R","Bash","Uppercut+1","Cleave","Disarm","Wild Strike+1","Power Through","Pummel","Dropkick","Barricade+1","Flame Barrier","True Grit+1"],"relics":["Burning Blood","Juzu Bracelet","Mummified Hand","Bottled Flame"],"acts_visited":["Exordium"],"potions_floor_usage":[],"damage_taken":[{"damage":8.0,"enemies":"Jaw Worm","floor":1.0,"turns":4.0},{"damage":1.0,"enemies":"Cultist","floor":2.0,"turns":3.0},{"damage":10.0,"enemies":"Small Slimes","floor":3.0,"turns":3.0},{"damage":11.0,"enemies":"Looter","floor":4.0,"turns":2.0},{"damage":12.0,"enemies":"3 Louse","floor":7.0,"turns":3.0},{"damage":20.0,"enemies":"3 Sentries","floor":8.0,"turns":8.0},{"damage":11.0,"enemies":"Exordium Thugs","floor":10.0,"turns":5.0},{"damage":3.0,"enemies":"Lagavulin","floor":12.0,"turns":4.0},{"damage":41,"enemies":"Slime Boss","floor":16,"turns":6}],"seed_played":"-3192863740361549414","potions_obtained":[{"floor":3.0,"key":"LiquidBronze"},{"floor":4.0,"key":"SteroidPotion"},{"floor":8.0,"key":"SneckoOil"}],"is_trial":false,"path_per_floor":["M","M","M","M","?","R","M","E","T","M","R","E","R","$","R","B"],"character_chosen":"IRONCLAD","items_purchased":["Flame Barrier","True Grit"],"campfire_rested":0,"item_purchase_floors":[14,14],"current_hp_per_floor":[78,80,76,71,60,60,54,40,40,35,35,38,38,38,38,0,0],"gold":249,"neow_bonus":"REMOVE_CARD","is_daily":false,"chose_seed":false,"campfire_upgraded":4,"win_rate":0.0,"timestamp":1609169383,"path_taken":["M","M","M","M","?","R","M","E","T","M","R","E","R","$","R","BOSS"],"items_purchased_type":["Card","Card"],"build_version":"2020-12-22","purchased_purges":0,"victory":false,"max_hp_per_floor":[80,80,80,80,80,80,80,80,80,80,80,80,80,80,80,80,80],"card_choices":[{"not_picked":["Headbutt","Pummel"],"picked":"Uppercut","floor":1.0},{"not_picked":["Shrug It Off","Armaments"],"picked":"Cleave","floor":2.0},{"not_picked":["Armaments","Clash"],"picked":"Disarm","floor":3.0},{"not_picked":["Clash","Havoc"],"picked":"Wild Strike","floor":4.0},{"not_picked":["Flex","Sword Boomerang"],"picked":"Power Through","floor":7.0},{"not_picked":["Burning Pact","Wild Strike"],"picked":"Pummel","floor":8.0},{"not_picked":["Sword Boomerang","Feel No Pain"],"picked":"Dropkick","floor":10.0},{"not_picked":["Cleave","Hemokinesis"],"picked":"Barricade","floor":12.0}],"player_experience":535136,"relics_obtained":[{"floor":8.0,"key":"Juzu Bracelet"},{"floor":9.0,"key":"Mummified Hand"},{"floor":12.0,"key":"Bottled Flame"}],"event_choices":[{"damage_healed":0.0,"max_hp_gain":0.0,"max_hp_loss":0.0,"gold_gain":75.0,"event_name":"World of Goop","player_choice":"Gather Gold","floor":5.0,"gold_loss":0.0,"damage_taken":11.0}],"is_beta":false,"boss_relics":[],"items_purged_floors":[],"is_endless":false,"potions_floor_spawned":[3,4,8,10],"killed_by":"Slime Boss","ascension_level":3}}