{"host":"we0tvcz4okyzqurd","time":1609117894,"event":{"mods":["BaseMod","Colored Powertips","Downfall","Hubris","Minty Spire (QoL Compilation)","StSLib"],"gold_per_floor":[99,99,47,47,66,66,66,96,21,50,150,163,76,101,113,212,212,137,148,423,333,348,348,348,381,406,438,438,438,463,463,481,577,577,577,590,253,272,13,23,23,50,50,50,63,77,77,103,119,119],"floor_reached":51,"playtime":4115,"items_purged":["champ:Defend","champ:Defend"],"score":844,"play_id":"c18489db-8e8a-416d-98f7-7664a2e48c19","local_time":"20201227171134","is_ascension_mode":false,"campfire_choices":[{"floor":1,"key":"RECALL"},{"data":"champ:TornadoPunch","floor":6,"key":"SMITH"},{"data":"champ:BringItOn","floor":9,"key":"SMITH"},{"data":"champ:Lariat","floor":18,"key":"SMITH"},{"floor":28,"key":"REST"},{"data":"champ:Improvising","floor":35,"key":"SMITH"}],"circlet_count":0,"master_deck":["champ:Strike","champ:Strike","champ:Strike","champ:Strike","champ:Defend","champ:Defend","champ:Taunt","champ:TornadoPunch+1","champ:DefensiveShout","champ:BringItOn+1","champ:BringItOn","champ:Lariat+1","champ:DefensiveStyle","champ:Control","champ:HoldFirm+1","champ:Circumvent","champ:TornadoPunch","champ:FlashCut+1","champ:FlashCut","champ:FalseCounter","champ:Improvising+1","champ:FalseCounter+1","champ:FocusedDefense","champ:CalledShot","champ:SkillfulDodge+1","Master of Strategy","expansioncontent:AwakenDeath","expansioncontent:Chronoboost","Parasite","champ:Lariat+1"],"relics":["champ:ChampionCrown","downfall:HeartsMalice","Letter Opener","Happy Flower","downfall:HeartBlessingRed","Odd Mushroom","Turnip","hubris:HollowSoul","downfall:HeartBlessingGreen","hubris:PeanutButter","Du-Vu Doll","Oddly Smooth Stone","hubris:CrystalStatue","hubris:BundleOfHerbs","SacredBark","Membership Card","Centennial Puzzle","Sling","hubris:BottledRain","hubris:TenFootPole","hubris:Icosahedron","Question Card"],"acts_visited":["Exordium","TheCity","TheBeyond"],"potions_floor_usage":[12,14,16,16,27,33,39,40,40,42,50,50,50],"damage_taken":[{"damage":0,"enemies":"2 Louse","floor":2,"turns":1},{"damage":0,"enemies":"downfall:FleeingMerchant","floor":3,"turns":1},{"damage":0,"enemies":"Jaw Worm","floor":4,"turns":1},{"damage":5,"enemies":"Small Slimes","floor":5,"turns":4},{"damage":21,"enemies":"3 Sentries","floor":8,"turns":9},{"damage":8,"enemies":"The Mushroom Lair","floor":10,"turns":4},{"damage":0,"enemies":"Exordium Thugs","floor":12,"turns":2},{"damage":0,"enemies":"downfall:FleeingMerchant","floor":13,"turns":4},{"damage":9,"enemies":"Lagavulin","floor":14,"turns":5},{"damage":1,"enemies":"2 Fungi Beasts","floor":15,"turns":3},{"damage":17,"enemies":"downfall:Watcher","floor":16,"turns":9},{"damage":5,"enemies":"Chosen","floor":19,"turns":5},{"damage":2,"enemies":"downfall:FleeingMerchant","floor":21,"turns":4},{"damage":64,"enemies":"Centurion and Healer","floor":22,"turns":17},{"damage":0,"enemies":"Book of Stabbing","floor":25,"turns":6},{"damage":43,"enemies":"Slavers","floor":27,"turns":6},{"damage":0,"enemies":"Book of Stabbing","floor":30,"turns":7},{"damage":0,"enemies":"Chosen and Byrds","floor":32,"turns":4},{"damage":26,"enemies":"downfall:Silent","floor":33,"turns":13},{"damage":6,"enemies":"3 Darklings","floor":36,"turns":6},{"damage":0,"enemies":"downfall:FleeingMerchant","floor":37,"turns":4},{"damage":0,"enemies":"3 Shapes","floor":38,"turns":3},{"damage":17,"enemies":"downfall:FleeingMerchant","floor":39,"turns":4},{"damage":0,"enemies":"Maw","floor":40,"turns":9},{"damage":0,"enemies":"Giant Head","floor":42,"turns":11},{"damage":24,"enemies":"Jaw Worm Horde","floor":45,"turns":7},{"damage":14,"enemies":"Writhing Mass","floor":46,"turns":6},{"damage":20,"enemies":"Reptomancer","floor":48,"turns":7},{"damage":51,"enemies":"Transient","floor":49,"turns":5},{"damage":18,"enemies":"downfall:Ironclad","floor":50,"turns":14}],"seed_played":"-3721273025827925820","potions_obtained":[{"floor":8,"key":"PowerPotion"},{"floor":10,"key":"SneckoOil"},{"floor":14,"key":"SkillPotion"},{"floor":15,"key":"Slimebound:ThreeZeroPotion"},{"floor":22,"key":"Explosive Potion"},{"floor":27,"key":"SkillPotion"},{"floor":36,"key":"SpeedPotion"},{"floor":40,"key":"Fruit Juice"},{"floor":45,"key":"Strength Potion"},{"floor":47,"key":"downfall:CursedFountainPotion"},{"floor":48,"key":"SpeedPotion"}],"is_trial":false,"path_per_floor":["R","M","$","M","M","R","T","E","R","?","?","M","$","E","M","B",null,"R","M","?","$","M","?","T","E","T","E","R","?","E","?","M","B",null,"R","M","$","M","$","M","T","E","?","?","M","M","?","E","M","B",null],"character_chosen":"THE_CHAMP","items_purchased":["champ:DefensiveShout","champ:DefensiveStyle","Membership Card","champ:CalledShot","Centennial Puzzle","Sling","Master of Strategy","Fruit Juice","Strength Potion"],"campfire_rested":1,"item_purchase_floors":[3,13,37,37,37,39,39,39,39],"current_hp_per_floor":[90,90,90,90,85,85,85,74,74,66,66,66,66,62,61,52,90,90,90,90,88,63,63,63,63,63,23,50,50,50,50,50,46,90,90,90,90,90,83,60,60,60,55,55,55,41,41,21,10,10],"gold":119,"neow_bonus":"THREE_ENEMY_KILL","is_daily":false,"chose_seed":false,"campfire_upgraded":4,"win_rate":0.0,"timestamp":1609117894,"path_taken":["R","M","$","M","M","R","T","E","R","?","?","M","$","E","M","BOSS","R","M","?","$","?","?","T","E","?","E","R","?","E","?","M","BOSS","R","M","$","M","$","?","T","E","?","?","M","M","?","E","M","BOSS"],"items_purchased_type":["Card","Card","Relic","Card","Relic","Relic","Card","Potion","Potion"],"build_version":"2020-12-22","purchased_purges":2,"victory":true,"max_hp_per_floor":[90,90,90,90,90,90,90,90,90,90,90,90,90,90,90,90,90,90,90,90,90,90,90,90,90,90,90,90,90,90,90,90,90,90,90,90,90,90,100,110,110,110,110,110,110,110,110,110,110,110],"card_choices":[{"not_picked":["champ:PerfectedStrike","champ:BringItOn"],"picked":"champ:TornadoPunch","floor":2},{"not_picked":["champ:FanOfKnives","champ:FalseCounter","champ:GutPunch"],"picked":"SKIP","floor":3},{"not_picked":["champ:FocusedBerserking","champ:FalseCounter"],"picked":"champ:BringItOn","floor":4},{"not_picked":["champ:DefensiveShout","champ:BladeFlurry"],"picked":"champ:BringItOn","floor":5},{"not_picked":["champ:VampiricStrike","champ:PerfectedStrike","champ:BerserkersShout"],"picked":"SKIP","floor":8},{"not_picked":["champ:Balance","champ:FanOfKnives"],"picked":"champ:Lariat","floor":12},{"not_picked":["champ:FocusedBerserking","champ:Shatter","champ:CrownThrow"],"picked":"SKIP","floor":13},{"not_picked":["champ:GutPunch","champ:PerfectedStrike","champ:Shatter"],"picked":"SKIP","floor":14},{"not_picked":["champ:EndlessRage","champ:Backstep"],"picked":"champ:Control","floor":15},{"not_picked":["champ:LastStand","champ:CheapShot"],"picked":"champ:HoldFirm","floor":16},{"not_picked":["champ:GladiatorsShout","champ:SkillfulDodge"],"picked":"champ:Circumvent","floor":19},{"not_picked":["champ:PerfectedStrike+1","champ:ShieldWall","champ:FocusedBerserking"],"picked":"SKIP","floor":21},{"not_picked":["champ:FlashCut+1","champ:FanOfKnives"],"picked":"champ:TornadoPunch","floor":22},{"not_picked":["champ:HeavySlash","champ:Haymaker"],"picked":"champ:FlashCut+1","floor":25},{"not_picked":["champ:FanOfKnives","champ:Balance"],"picked":"champ:FlashCut","floor":27},{"not_picked":["champ:Control+1","champ:StanceDance"],"picked":"champ:FalseCounter","floor":30},{"not_picked":["champ:PreciseThrust","champ:Haymaker+1","champ:HeartStrike"],"picked":"SKIP","floor":32},{"not_picked":["champ:DancingMaster","champ:PerfectForm"],"picked":"champ:Improvising","floor":33},{"not_picked":["champ:PerfectedStrike","champ:Duel+1"],"picked":"champ:FalseCounter+1","floor":36},{"not_picked":["champ:FocusedBerserking","champ:FlashCut+1"],"picked":"champ:FocusedDefense","floor":37},{"not_picked":["champ:BerserkersShout+1","champ:BladeFlurry"],"picked":"champ:SkillfulDodge+1","floor":38},{"not_picked":["champ:AdrenalArmor","champ:DeathBlow","champ:GladiatorsShout+1"],"picked":"SKIP","floor":39},{"not_picked":["champ:Haymaker+1","champ:DeathBlow","champ:AdrenalArmor"],"picked":"SKIP","floor":40},{"not_picked":["champ:Haymaker","champ:RisingSlash","champ:EnragedBash"],"picked":"SKIP","floor":42},{"not_picked":["expansioncontent:PrepareCrush","expansioncontent:DefensiveMode"],"picked":"expansioncontent:AwakenDeath","floor":43},{"not_picked":["expansioncontent:PrepareCrush","expansioncontent:Hexaburn"],"picked":"expansioncontent:Chronoboost","floor":43},{"not_picked":["champ:GladiatorsShout+1","champ:BringItOn+1","champ:FlashCut+1"],"picked":"SKIP","floor":45},{"not_picked":["champ:CrookedStrike+1","champ:Shatter","champ:GladiatorsShout+1"],"picked":"SKIP","floor":46},{"not_picked":["champ:BerserkerStyle","champ:MurderStrike"],"picked":"champ:Lariat+1","floor":48},{"not_picked":["champ:StanceDance+1","champ:Backstep","champ:TornadoPunch+1","champ:BerserkerStyle"],"picked":"SKIP","floor":49}],"player_experience":445265,"relics_obtained":[{"floor":7,"key":"Letter Opener"},{"floor":8,"key":"Happy Flower"},{"floor":10,"key":"Odd Mushroom"},{"floor":14,"key":"Turnip"},{"floor":24,"key":"hubris:PeanutButter"},{"floor":25,"key":"Du-Vu Doll"},{"floor":26,"key":"Oddly Smooth Stone"},{"floor":27,"key":"hubris:CrystalStatue"},{"floor":30,"key":"hubris:BundleOfHerbs"},{"floor":41,"key":"hubris:BottledRain"},{"floor":42,"key":"hubris:TenFootPole"},{"floor":48,"key":"Question Card"}],"event_choices":[{"damage_healed":0,"gold_gain":0,"player_choice":"Fought Mushrooms","damage_taken":0,"max_hp_gain":0,"max_hp_loss":0,"event_name":"Mushrooms","floor":10,"gold_loss":0},{"cards_removed":["champ:Execute"],"damage_healed":0,"gold_gain":0,"player_choice":"Offered Basic","damage_taken":0,"max_hp_gain":0,"max_hp_loss":0,"event_name":"Bonfire Elementals","floor":31,"gold_loss":0}],"is_beta":false,"boss_relics":[{"not_picked":["Calling Bell","downfall:Hecktoplasm"],"picked":"hubris:HollowSoul"},{"not_picked":["Coffee Dripper","hubris:BlackHole"],"picked":"SacredBark"}],"items_purged_floors":[21,37],"is_endless":false,"potions_floor_spawned":[8,10,14,15,22,27,36,40,45,48],"ascension_level":0}}