{"host":"tr12w2fixbnujl15","time":1609187051,"event":{"mods":["2.2 Compatiblity","BaseMod","Better Skull","BetterRewards","Colored Powertips","Hubris","Infinite Spire","Jorbs\u0027s Wanderer Trilogy","Melee Mod","Minty Spire (QoL Compilation)","Quick Restart","Railgun Mod","Replay The Spire","StSLib","SuperFastMode","The Animator","The Dragon Tamer","The Marked","WarShipGirlsR/????R mod"],"gold_per_floor":[113,131,131,156,181,181,224,224,224,246,265,19,19,43,43,177,177,203,233,233,237,237],"floor_reached":21,"playtime":1082,"items_purged":[],"score":181,"play_id":"d3269c36-2289-4b85-8d2b-f13250e07ca7","local_time":"20201228152411","is_ascension_mode":false,"campfire_choices":[{"floor":6,"key":"REST"},{"floor":8,"key":"REST"},{"floor":13,"key":"REST"},{"floor":15,"key":"DIG"}],"circlet_count":0,"master_deck":["Strike_P","Strike_P","Strike_P","Strike_P","Defend_P","Defend_P","Defend_P","Defend_P","Eruption","Vigilance","Replay:ManipulateFuture","Study","PathToVictory","BattleHymn","Consecrate","Nirvana","PathToVictory","SandsOfTime","ReplayTheSpireMod:Private Reserves","Replay:Anticipation","Ragnarok","Languid","Injury","JustLucky+1","EmptyBody"],"relics":["PureWater","NeowsBlessing","Golden Idol","Toy Ornithopter","Regal Pillow","Replay:Bandana","Membership Card","infinitespire:Beetle Shell","Replay:Ancient Bell","Centennial Puzzle","hubris:PeanutButter","Torii"],"acts_visited":["Exordium","TheCity"],"potions_floor_usage":[7,10,11,16],"damage_taken":[{"damage":0,"enemies":"Jaw Worm","floor":1,"turns":1},{"damage":0,"enemies":"Cultist","floor":2,"turns":1},{"damage":0,"enemies":"Small Slimes","floor":5,"turns":1},{"damage":73,"enemies":"Lagavulin","floor":7,"turns":7},{"damage":2,"enemies":"Blue Slaver","floor":10,"turns":4},{"damage":2,"enemies":"Looter","floor":11,"turns":4},{"damage":0,"enemies":"2 Fungi Beasts","floor":14,"turns":2},{"damage":36,"enemies":"The Guardian","floor":16,"turns":7},{"damage":21,"enemies":"Shell Parasite","floor":18,"turns":6},{"damage":1,"enemies":"Chosen","floor":19,"turns":4},{"damage":62,"enemies":"Snake Plant","floor":21,"turns":5}],"seed_played":"2954400884231266927","potions_obtained":[{"floor":2,"key":"Elixir"},{"floor":7,"key":"Block Potion"},{"floor":10,"key":"SpeedPotion"},{"floor":11,"key":"CultistPotion"}],"is_trial":false,"path_per_floor":["M","M","?","T","M","R","E","R","T","M","M","$","R","M","R","B",null,"M","M","?","M"],"character_chosen":"WATCHER","items_purchased":["Membership Card","PathToVictory","SandsOfTime","ReplayTheSpireMod:Private Reserves"],"campfire_rested":3,"item_purchase_floors":[12,12,12,12],"current_hp_per_floor":[72,72,54,54,54,72,4,40,40,43,46,46,72,72,72,41,72,51,50,50,0,0],"gold":237,"neow_bonus":"THREE_ENEMY_KILL","is_daily":false,"chose_seed":false,"campfire_upgraded":0,"win_rate":0.0,"timestamp":1609187051,"path_taken":["M","M","?","?","M","R","E","R","T","M","M","$","R","M","R","BOSS","M","M","?","M"],"items_purchased_type":["Relic","Card","Card","Card"],"build_version":"2020-12-22","purchased_purges":0,"victory":false,"max_hp_per_floor":[72,72,72,72,72,72,72,72,72,72,72,72,72,72,72,72,72,72,72,72,72,72],"card_choices":[{"not_picked":["Crescendo","Perseverance"],"picked":"Replay:ManipulateFuture","floor":1},{"not_picked":["Replay:AtTheReady","ClearTheMind"],"picked":"Study","floor":2},{"not_picked":["Replay:AtTheReady","EmptyFist"],"picked":"PathToVictory","floor":5},{"not_picked":["Meditate","SignatureMove"],"picked":"BattleHymn","floor":7},{"not_picked":["Replay:BluntJabs","Brilliance"],"picked":"Consecrate","floor":10},{"not_picked":["Replay:ManipulateFuture","WaveOfTheHand"],"picked":"Nirvana","floor":11},{"not_picked":["FlurryOfBlows","SashWhip"],"picked":"Replay:Anticipation","floor":14},{"not_picked":["ConjureBlade","Judgement"],"picked":"Ragnarok","floor":16},{"not_picked":["animator:Curse_Nutcracker","Sickly"],"picked":"hubris:Envy","floor":17},{"not_picked":["Delirium","stsjorbsmod:Withering"],"picked":"Languid","floor":17},{"not_picked":["animator:Curse_Nutcracker","Normality"],"picked":"Injury","floor":17},{"not_picked":["Halt+1","ThirdEye"],"picked":"JustLucky+1","floor":18},{"not_picked":["CrushJoints","Replay:Battleflow"],"picked":"EmptyBody","floor":19}],"player_experience":18,"relics_obtained":[{"floor":4,"key":"Toy Ornithopter"},{"floor":7,"key":"Regal Pillow"},{"floor":9,"key":"Replay:Bandana"},{"floor":15,"key":"infinitespire:Beetle Shell"}],"event_choices":[{"damage_healed":0,"gold_gain":0,"player_choice":"Take Damage","damage_taken":18,"relics_obtained":["Golden Idol"],"max_hp_gain":0,"max_hp_loss":0,"event_name":"Golden Idol","floor":3,"gold_loss":0},{"cards_removed":["hubris:Envy"],"damage_healed":0,"gold_gain":0,"player_choice":"Elegance","damage_taken":0,"max_hp_gain":0,"max_hp_loss":0,"event_name":"Back to Basics","floor":20,"gold_loss":0}],"is_beta":false,"boss_relics":[{"not_picked":["infinitespire:Cupcake","Snecko Eye"],"picked":"Replay:Ancient Bell"},{"not_picked":["Simple Rune","infinitespire:PuzzleCube"],"picked":"Centennial Puzzle"},{"not_picked":["Letter Opener","infinitespire:Eraser"],"picked":"hubris:PeanutButter"},{"not_picked":["hubris:GlazedTorus","Gambling Chip"],"picked":"Torii"}],"items_purged_floors":[],"is_endless":false,"potions_floor_spawned":[2,7,10,11],"killed_by":"Snake Plant","ascension_level":0}}