{"host":"e87rn453naquue3h","time":1609183872,"event":{"mods":["AchievementEnabler","BaseMod","Downfall","Minty Spire (QoL Compilation)","StSLib"],"gold_per_floor":[99,199,474,492,504,515,515,515,344,344,358,358,15,45,65,168,168,93,103,115,132,132,132,155,155,175,175,175],"floor_reached":27,"playtime":1775,"items_purged":["Regret"],"score":259,"play_id":"55710a6a-9074-4220-9915-c3dac8f19df0","local_time":"20201228143112","is_ascension_mode":true,"campfire_choices":[{"data":"sneckomod:SnekBite","floor":1,"key":"SMITH"},{"data":"sneckomod:UnknownExhaust","floor":8,"key":"SMITH"},{"data":"sneckomod:SnakeSap","floor":10,"key":"SMITH"},{"data":"sneckomod:SnekBeam","floor":12,"key":"SMITH"},{"data":"sneckomod:UnknownRarePower","floor":18,"key":"SMITH"},{"floor":23,"key":"REST"},{"data":"sneckomod:UnknownUncommonPower","floor":25,"key":"SMITH"}],"circlet_count":0,"master_deck":["sneckomod:Strike","sneckomod:Strike","sneckomod:Strike","sneckomod:Defend","sneckomod:Defend","sneckomod:Defend","sneckomod:TailWhip","sneckomod:SnekBite+1","sneckomod:Unknown","sneckomod:Unknown","sneckomod:UnknownCommonAttack","sneckomod:UnknownClassGUARDIAN+1","sneckomod:UnknownExhaust+1","sneckomod:SnekBeam+1","sneckomod:SnakeSap+1","sneckomod:UnknownEthereal","sneckomod:UnknownUncommonPower+1","sneckomod:UnknownRarePower+1","sneckomod:UnknownStrength","sneckomod:Unknown3Cost+2","sneckomod:UnknownEthereal","sneckomod:Bewildered","sneckomod:UnknownClassRED+1"],"relics":["sneckomod:SneckoSoul","Ancient Tea Set","Matryoshka","Akabeko","Sozu","downfall:HeartBlessingBlue","sneckomod:BabySnecko","Potion Belt","Blood Vial"],"acts_visited":["Exordium","TheCity"],"potions_floor_usage":[14,16],"damage_taken":[{"damage":1,"enemies":"Jaw Worm","floor":4,"turns":2},{"damage":1,"enemies":"Small Slimes","floor":5,"turns":2},{"damage":0,"enemies":"Cultist","floor":6,"turns":2},{"damage":11,"enemies":"downfall:FleeingMerchant","floor":9,"turns":4},{"damage":25,"enemies":"Gremlin Gang","floor":11,"turns":1},{"damage":3,"enemies":"downfall:FleeingMerchant","floor":13,"turns":4},{"damage":15,"enemies":"3 Sentries","floor":14,"turns":9},{"damage":13,"enemies":"3 Louse","floor":15,"turns":3},{"damage":28,"enemies":"downfall:Watcher","floor":16,"turns":8},{"damage":8,"enemies":"Spheric Guardian","floor":19,"turns":1},{"damage":57,"enemies":"Shell Parasite","floor":20,"turns":7},{"damage":40,"enemies":"Snake Plant","floor":21,"turns":6},{"damage":30,"enemies":"Chosen and Byrds","floor":26,"turns":6},{"damage":54,"enemies":"Slavers","floor":27,"turns":3}],"seed_played":"-6594091312128938706","potions_obtained":[{"floor":5,"key":"Ancient Potion"},{"floor":6,"key":"Strength Potion"},{"floor":11,"key":"Dexterity Potion"},{"floor":16,"key":"sneckomod:CheatPotion"}],"is_trial":false,"path_per_floor":["R","?","?","M","M","M","T","R","$","R","M","R","$","E","M","B",null,"R","M","M","M","?","R","T","R","M","E"],"character_chosen":"THE_SNECKO","items_purchased":["sneckomod:SnakeSap","Matryoshka","sneckomod:UnknownUncommonPower"],"campfire_rested":1,"item_purchase_floors":[9,13,13],"current_hp_per_floor":[90,90,90,90,90,91,91,91,80,80,81,81,79,65,53,26,98,108,109,52,34,34,66,66,66,52,0,0],"gold":175,"neow_bonus":"RANDOM_COMMON_RELIC","is_daily":false,"chose_seed":false,"campfire_upgraded":6,"win_rate":0.0,"timestamp":1609183872,"path_taken":["R","?","?","?","?","M","T","R","$","R","?","R","$","E","M","BOSS","R","M","M","M","?","R","T","R","M","E"],"items_purchased_type":["Card","Relic","Card"],"build_version":"2020-12-22","purchased_purges":1,"victory":false,"max_hp_per_floor":[90,90,90,91,92,93,93,93,93,93,94,94,95,96,97,98,98,108,109,109,109,109,109,109,109,110,110,110],"card_choices":[{"not_picked":["sneckomod:QuickMove","sneckomod:UnknownCommonSkill"],"picked":"sneckomod:UnknownCommonAttack","floor":4},{"not_picked":["sneckomod:UnknownStrike","sneckomod:DiceCrush"],"picked":"sneckomod:UnknownClassGUARDIAN","floor":5},{"not_picked":["sneckomod:UnknownClassSLIMEBOUND","sneckomod:WideSting"],"picked":"sneckomod:UnknownExhaust","floor":6},{"not_picked":["sneckomod:UnknownCommonSkill","sneckomod:Rotation"],"picked":"sneckomod:SnekBeam","floor":9},{"not_picked":["sneckomod:UnknownBlock","sneckomod:DiceCrush"],"picked":"sneckomod:UnknownEthereal","floor":11},{"not_picked":["sneckomod:RainOfDice","sneckomod:DiceCrush","sneckomod:Nope"],"picked":"SKIP","floor":13},{"not_picked":["sneckomod:MasterEye","sneckomod:QuickBite"],"picked":"sneckomod:UnknownRarePower","floor":14},{"not_picked":["sneckomod:UnknownBlock","sneckomod:UnknownVulnerable"],"picked":"sneckomod:UnknownStrength","floor":15},{"not_picked":["sneckomod:Mudshield","sneckomod:Restock"],"picked":"sneckomod:Unknown3Cost","floor":16},{"not_picked":["sneckomod:QuickBite","sneckomod:QuickMove"],"picked":"sneckomod:UnknownEthereal","floor":19},{"not_picked":["sneckomod:Unknown1Cost","sneckomod:Rotation","sneckomod:RainOfDice"],"picked":"SKIP","floor":20},{"not_picked":["sneckomod:UnknownStrike","sneckomod:IronFang","sneckomod:DiceCrush+1"],"picked":"SKIP","floor":21},{"not_picked":["sneckomod:UnknownStrike","sneckomod:SoulCleanse+1"],"picked":"sneckomod:UnknownClassRED+1","floor":26}],"player_experience":2425016,"relics_obtained":[{"floor":14,"key":"Akabeko"},{"floor":24,"key":"Potion Belt"},{"floor":24,"key":"Blood Vial"}],"event_choices":[],"is_beta":false,"boss_relics":[{"not_picked":["Runic Pyramid","Calling Bell"],"picked":"Sozu"}],"items_purged_floors":[9],"is_endless":false,"potions_floor_spawned":[5,6,11,16,21,26],"killed_by":"Slavers","ascension_level":2}}