{"host":"tknto047uabgu3zm","time":1609129300,"event":{"mods":["AchievementEnabler","BaseMod","Bestiary","Block Reminder","Colored Map","Colored Powertips","Highlight Path","Minty Spire (QoL Compilation)","MonsterHotkey","Permanent Neow","Random Character Button","Rare Cards Sparkle","Relic Sorter","Relic Stats","StSLib"],"gold_per_floor":[111,111,111,123,123,123,158,158,184,194,220,240,253,282,282,355,355,365,365,280,291,291,291,32,63,63,89,27,27,47,13,13,86,86,128,128,148,217,217,217,217,275,302,350,373,398,427,95,95,95],"floor_reached":51,"playtime":3123,"items_purged":["Writhe"],"score":1342,"play_id":"1364d2e5-e7c1-4e1f-9b88-a592716bdf3d","local_time":"20201227202140","is_ascension_mode":true,"campfire_choices":[{"data":"BattleHymn","floor":6.0,"key":"SMITH"},{"floor":8.0,"key":"REST"},{"floor":15.0,"key":"REST"},{"floor":23.0,"key":"REST"},{"floor":32.0,"key":"REST"},{"floor":40.0,"key":"REST"},{"floor":49,"key":"REST"}],"circlet_count":0,"master_deck":["AscendersBane","Strike_P","Strike_P","Strike_P","Defend_P","Defend_P","Eruption","Vigilance","WaveOfTheHand+1","JustLucky+1","ForeignInfluence+1","ThirdEye+1","BattleHymn+1","LikeWater","Weave","Protect","Crescendo","Evaluate","Nirvana","Wish","FollowUp","ClearTheMind","LikeWater","DevaForm","Wallop+1","Conclude+1","Weave+1","Wish","CutThroughFate+1","Wireheading","Dark Shackles","Tantrum+1","Writhe","CutThroughFate+1","TalkToTheHand+1","ConjureBlade","Nirvana+1","Apotheosis"],"relics":["Astrolabe","MealTicket","PreservedInsect","Vajra","Centennial Puzzle","The Courier","Black Star","Letter Opener","Strawberry","Eternal Feather","Ice Cream","Oddly Smooth Stone","Molten Egg 2","Regal Pillow","Mango","Question Card","Cursed Key","Anchor","Shuriken","CeramicFish"],"acts_visited":["Exordium","TheCity","TheBeyond"],"potions_floor_usage":[50,50],"damage_taken":[{"damage":1.0,"enemies":"2 Louse","floor":1.0,"turns":2.0},{"damage":4.0,"enemies":"Jaw Worm","floor":4.0,"turns":3.0},{"damage":13.0,"enemies":"3 Sentries","floor":7.0,"turns":5.0},{"damage":2.0,"enemies":"Small Slimes","floor":10.0,"turns":3.0},{"damage":5.0,"enemies":"Gremlin Nob","floor":11.0,"turns":3.0},{"damage":11.0,"enemies":"Exordium Thugs","floor":12.0,"turns":2.0},{"damage":0.0,"enemies":"Red Slaver","floor":13.0,"turns":5.0},{"damage":2.0,"enemies":"3 Sentries","floor":14.0,"turns":4.0},{"damage":9.0,"enemies":"Slime Boss","floor":16.0,"turns":6.0},{"damage":18.0,"enemies":"2 Thieves","floor":18.0,"turns":3.0},{"damage":9.0,"enemies":"Shell Parasite","floor":21.0,"turns":6.0},{"damage":19.0,"enemies":"Gremlin Leader","floor":25.0,"turns":4.0},{"damage":48.0,"enemies":"Slavers","floor":27.0,"turns":3.0},{"damage":15.0,"enemies":"Snake Plant","floor":30.0,"turns":3.0},{"damage":35.0,"enemies":"Collector","floor":33.0,"turns":8.0},{"damage":9.0,"enemies":"3 Shapes","floor":35.0,"turns":8.0},{"damage":45.0,"enemies":"3 Darklings","floor":37.0,"turns":3.0},{"damage":14.0,"enemies":"Maw","floor":38.0,"turns":7.0},{"damage":37.0,"enemies":"Giant Head","floor":42.0,"turns":10.0},{"damage":14.0,"enemies":"4 Shapes","floor":44.0,"turns":6.0},{"damage":12.0,"enemies":"Jaw Worm Horde","floor":45.0,"turns":3.0},{"damage":13.0,"enemies":"Transient","floor":46.0,"turns":6.0},{"damage":26,"enemies":"Spire Growth","floor":47,"turns":3},{"damage":56,"enemies":"Donu and Deca","floor":50,"turns":10}],"seed_played":"3746150108205580956","potions_obtained":[{"floor":7.0,"key":"Weak Potion"},{"floor":10.0,"key":"ColorlessPotion"},{"floor":12.0,"key":"BottledMiracle"},{"floor":14.0,"key":"Regen Potion"},{"floor":16.0,"key":"Swift Potion"},{"floor":18.0,"key":"DuplicationPotion"},{"floor":25.0,"key":"Fire Potion"},{"floor":33.0,"key":"LiquidBronze"},{"floor":35.0,"key":"SteroidPotion"},{"floor":42.0,"key":"ColorlessPotion"},{"floor":45.0,"key":"SteroidPotion"},{"floor":46.0,"key":"FairyPotion"}],"is_trial":false,"path_per_floor":["M","?","?","M","?","R","E","R","T","M","E","M","M","E","R","B",null,"M","?","?","M","?","R","$","E","T","E","$","?","M","$","R","B",null,"M","?","M","M","?","R","?","E","T","M","M","M","M","$","R","B",null],"character_chosen":"WATCHER","items_purchased":["LikeWater","Eternal Feather","Wallop+1","Weave+1","Regen Potion","Regen Potion","Apotheosis"],"campfire_rested":6,"item_purchase_floors":[24,24,28,31,48,48,48],"current_hp_per_floor":[60,60,60,56,51,51,38,58,58,56,51,40,40,38,58,49,63,45,45,52,43,22,46,61,51,51,17,32,32,17,32,90,55,84,75,75,30,16,16,77,77,40,40,26,14,1,10,25,89,85],"gold":95,"neow_bonus":"BOSS_RELIC","is_daily":false,"chose_seed":false,"campfire_upgraded":1,"win_rate":0.0,"timestamp":1609129300,"path_taken":["M","?","?","M","?","R","E","R","T","M","E","M","M","E","R","BOSS","M","?","?","M","?","R","$","E","T","E","$","?","?","?","R","BOSS","M","?","M","M","?","R","?","E","T","M","M","M","M","$","R","BOSS"],"items_purchased_type":["Card","Relic","Card","Card","Potion","Potion","Card"],"build_version":"2020-12-22","purchased_purges":1,"victory":true,"max_hp_per_floor":[68,68,68,68,68,68,68,68,68,68,68,68,68,68,68,68,68,68,68,75,75,80,80,80,80,80,94,94,94,94,94,94,94,94,94,94,94,94,94,94,94,94,94,94,94,94,94,94,94,94],"relic_stats":{"Regal Pillow":45,"counters":[24,116],"Astrolabe":["WaveOfTheHand","JustLucky","ForeignInfluence"],"CeramicFish":45,"Eternal Feather":54,"PreservedInsect":273,"Letter Opener":[75],"Question Card":11,"Cursed Key":1,"Centennial Puzzle":[54],"Shuriken":[18],"MealTicket":60,"Black Star":3,"obtain_stats":[{"Ice Cream":25,"Regal Pillow":27,"Astrolabe":0,"CeramicFish":43,"Vajra":9,"Oddly Smooth Stone":25,"Eternal Feather":24,"Mango":27,"PreservedInsect":7,"The Courier":14,"Letter Opener":19,"Question Card":29,"Cursed Key":34,"Centennial Puzzle":11,"Anchor":42,"Shuriken":42,"Strawberry":20,"MealTicket":5,"Molten Egg 2":26,"Black Star":17,"PureWater":0},{"Ice Cream":12,"Regal Pillow":13,"Astrolabe":0,"CeramicFish":19,"Vajra":3,"Oddly Smooth Stone":12,"Eternal Feather":11,"Mango":13,"PreservedInsect":3,"The Courier":8,"Letter Opener":10,"Question Card":13,"Cursed Key":15,"Centennial Puzzle":5,"Anchor":19,"Shuriken":19,"Strawberry":10,"MealTicket":2,"Molten Egg 2":12,"Black Star":9,"PureWater":0},{"Ice Cream":46,"Regal Pillow":49,"Astrolabe":0,"CeramicFish":88,"Vajra":10,"Oddly Smooth Stone":46,"Eternal Feather":42,"Mango":49,"PreservedInsect":10,"The Courier":27,"Letter Opener":36,"Question Card":49,"Cursed Key":60,"Centennial Puzzle":16,"Anchor":88,"Shuriken":88,"Strawberry":36,"MealTicket":5,"Molten Egg 2":46,"Black Star":33,"PureWater":0}]},"card_choices":[{"not_picked":["SashWhip","Pray"],"picked":"ThirdEye","floor":1.0},{"not_picked":["FlurryOfBlows","ClearTheMind"],"picked":"BattleHymn","floor":4.0},{"not_picked":["Prostrate","Collect"],"picked":"LikeWater","floor":7.0},{"not_picked":["ThirdEye","InnerPeace"],"picked":"Weave","floor":10.0},{"not_picked":["ThirdEye","Indignation"],"picked":"Protect","floor":11.0},{"not_picked":["FlurryOfBlows","SashWhip"],"picked":"Crescendo","floor":12.0},{"not_picked":["PathToVictory","Crescendo"],"picked":"Evaluate","floor":13.0},{"not_picked":["Weave","Protect"],"picked":"Nirvana","floor":14.0},{"not_picked":["LessonLearned","Devotion"],"picked":"Wish","floor":16.0},{"not_picked":["CutThroughFate","Evaluate"],"picked":"FollowUp","floor":18.0},{"not_picked":["Wallop","PathToVictory"],"picked":"ClearTheMind","floor":21.0},{"not_picked":["Halt","Sanctity","FlyingSleeves"],"picked":"SKIP","floor":25.0},{"not_picked":["PathToVictory+1","CrushJoints+1"],"picked":"DevaForm","floor":27.0},{"not_picked":["JustLucky+1","Nirvana","BowlingBash+1"],"picked":"Conclude+1","floor":30.0},{"not_picked":["Ragnarok+1","ConjureBlade","Scrawl"],"picked":"Wish","floor":33.0},{"not_picked":["WreathOfFlame+1","EmptyFist+1","ClearTheMind"],"picked":"CutThroughFate+1","floor":35.0},{"not_picked":["FlyingSleeves+1","CutThroughFate+1","Consecrate+1"],"picked":"Wireheading","floor":37.0},{"not_picked":["Wireheading","Crescendo","EmptyFist+1","CrushJoints+1"],"picked":"SKIP","floor":38.0},{"not_picked":["HandOfGreed+1","PanicButton","Purity"],"picked":"Dark Shackles","floor":39.0},{"not_picked":["Halt+1","FollowUp+1","BowlingBash+1"],"picked":"Tantrum+1","floor":42.0},{"not_picked":["FlurryOfBlows+1","Crescendo","SashWhip+1"],"picked":"CutThroughFate+1","floor":44.0},{"not_picked":["FlyingSleeves+1","MentalFortress","ClearTheMind"],"picked":"TalkToTheHand+1","floor":45.0},{"not_picked":["BowlingBash+1","Crescendo","Wallop+1"],"picked":"ConjureBlade","floor":46.0},{"not_picked":["EmptyFist+1","CrushJoints+1","Halt"],"picked":"Nirvana+1","floor":47}],"player_experience":488095,"relics_obtained":[{"floor":7.0,"key":"PreservedInsect"},{"floor":9.0,"key":"Vajra"},{"floor":11.0,"key":"Centennial Puzzle"},{"floor":14.0,"key":"The Courier"},{"floor":25.0,"key":"Ice Cream"},{"floor":25.0,"key":"Oddly Smooth Stone"},{"floor":26.0,"key":"Molten Egg 2"},{"floor":27.0,"key":"Regal Pillow"},{"floor":27.0,"key":"Mango"},{"floor":42.0,"key":"Anchor"},{"floor":42.0,"key":"Shuriken"},{"floor":43.0,"key":"CeramicFish"}],"event_choices":[{"damage_healed":0.0,"max_hp_gain":0.0,"max_hp_loss":0.0,"gold_gain":0.0,"event_name":"Liars Game","player_choice":"Ignored","floor":2.0,"gold_loss":0.0,"damage_taken":0.0},{"damage_healed":0.0,"max_hp_gain":0.0,"max_hp_loss":0.0,"gold_gain":0.0,"event_name":"Living Wall","player_choice":"Grow","floor":3.0,"gold_loss":0.0,"damage_taken":0.0,"cards_upgraded":["ThirdEye"]},{"damage_healed":0.0,"max_hp_gain":0.0,"max_hp_loss":0.0,"gold_gain":0.0,"event_name":"Scrap Ooze","player_choice":"Success","floor":5.0,"gold_loss":0.0,"damage_taken":5.0,"relics_obtained":["MealTicket"]},{"damage_healed":0.0,"max_hp_gain":0.0,"max_hp_loss":0.0,"gold_gain":0.0,"event_name":"The Mausoleum","player_choice":"Opened","floor":19.0,"gold_loss":0.0,"damage_taken":0.0,"relics_obtained":["Letter Opener"],"cards_obtained":["Writhe"]},{"damage_healed":0.0,"max_hp_gain":0.0,"max_hp_loss":0.0,"gold_gain":0.0,"event_name":"Addict","player_choice":"Obtained Relic","floor":20.0,"gold_loss":85.0,"damage_taken":0.0,"relics_obtained":["Strawberry"]},{"damage_healed":0.0,"max_hp_gain":5.0,"max_hp_loss":0.0,"gold_gain":0.0,"event_name":"Forgotten Altar","player_choice":"Shed Blood","floor":22.0,"gold_loss":0.0,"damage_taken":26.0},{"damage_healed":0.0,"max_hp_gain":0.0,"max_hp_loss":0.0,"gold_gain":0.0,"event_name":"WeMeetAgain","player_choice":"Gave Potion","floor":29.0,"gold_loss":0.0,"damage_taken":0.0,"relics_obtained":["Question Card"]},{"damage_healed":0.0,"max_hp_gain":0.0,"max_hp_loss":0.0,"gold_gain":0.0,"event_name":"Mysterious Sphere","player_choice":"Ignored","floor":36.0,"gold_loss":0.0,"damage_taken":0.0},{"damage_healed":0.0,"max_hp_gain":0.0,"max_hp_loss":0.0,"gold_gain":0.0,"event_name":"SensoryStone","player_choice":"Memory 1","floor":39.0,"gold_loss":0.0,"damage_taken":0.0},{"damage_healed":0.0,"max_hp_gain":0.0,"max_hp_loss":0.0,"gold_gain":0.0,"event_name":"Tomb of Lord Red Mask","player_choice":"Ignored","floor":41.0,"gold_loss":0.0,"damage_taken":0.0}],"is_beta":false,"boss_relics":[{"not_picked":["Runic Pyramid","SacredBark"],"picked":"Black Star"},{"not_picked":["Coffee Dripper","Velvet Choker"],"picked":"Cursed Key"}],"items_purged_floors":[48],"is_endless":false,"potions_floor_spawned":[7,10,12,14,16,18,25,33,35,42,45,46],"ascension_level":17}}