{"host":"y9jgkjnf95sujozk","time":1609176540,"event":{"mods":["2.2 Compatiblity","AchievementEnabler","Act Like it!","BaseMod","Block Reminder","Colored Map","Colored Powertips","Downfall","Friendly Minions","Gensokyo","GifTheSpireLib","Hermit","Highlight Path","HololiveMod","Marisa（霧雨　魔理沙）","Minty Spire (QoL Compilation)","Random Character Button","Rare Cards Sparkle","Remilia（蕾米莉?）","Replay The Spire","StSLib","SuperFastMode","The Animator","The Bug Knight","The Cursed","The Servant 0.9.4"],"gold_per_floor":[114,130,150,150,168,168,185,185,263,353,382,382,382,46,46,142,142,157,157,173,173,193,193,193,193,193,193,206,222,58,58,58,153,153,163,182,182,197,107,107,121,121,121,121,121,29,29,29,29,29,29,29],"floor_reached":53,"playtime":1228,"items_purged":["Regret"],"score":876,"play_id":"c0467aa3-03dd-443f-81c7-31e9f0d6ed13","local_time":"20201228182900","is_ascension_mode":true,"campfire_choices":[{"floor":6.0,"key":"REST"},{"floor":8.0,"key":"REST"},{"data":"Warcry","floor":15.0,"key":"SMITH"},{"floor":23.0,"key":"REST"},{"data":"Warcry","floor":25.0,"key":"SMITH"},{"floor":32.0,"key":"DIG"},{"floor":40,"key":"REST"},{"floor":44,"key":"DIG"},{"floor":51,"key":"REST"}],"circlet_count":0,"master_deck":["Strike_R+1","Strike_R+1","Strike_R+1","Strike_R+1","Strike_R+1","Defend_R+1","Defend_R+1","Defend_R+1","Defend_R+1","Bash","Second Wind","Abandon","Twin Strike+1","ReplayTheSpireMod:Stacked","Flex","Metallicize","Replay:Undeath\u0027s Touch","Disarm","Pummel","Warcry","Warcry+1","Offering","True Grit+1","Replay:Undeath\u0027s Touch","Ghostly","Ghostly","Ghostly","Ghostly","Ghostly","Warcry+1","ReplayTheSpireMod:Strike From Hell","Havoc","Demonic Infusion","Feed","Sever Soul","Feel No Pain","Gensokyo:SalamanderShield","Replay:Undeath\u0027s Touch","Gensokyo:CustomPotion","Sentinel","Gensokyo:RPG","expansioncontent:Flail"],"relics":["Burning Blood","Juzu Bracelet","Unceasing Top","Iron Hammer","ReplayTheSpireMod:TigerMarble","Replay:Rubber Ducky","Mercury Hourglass","TheAbacus","ChewingGum","Nilry\u0027s Codex","ReplayTheSpireMod:Ring of Challenge","ReplayTheSpireMod:Ring of Exchange","Shovel","Matryoshka","Replay:Grab Bag","Sozu","Electric Blood","expansioncontent:StudyCardRelic","SlaversCollar","Sundial","ReplayTheSpireMod:Ninjato","PreservedInsect","Turnip"],"acts_visited":["Exordium","TheCity","TheCity"],"potions_floor_usage":[],"damage_taken":[{"damage":5.0,"enemies":"2 Louse","floor":1.0,"turns":5.0},{"damage":7.0,"enemies":"Jaw Worm","floor":2.0,"turns":4.0},{"damage":6.0,"enemies":"Cultist","floor":3.0,"turns":4.0},{"damage":11.0,"enemies":"Blue Slaver","floor":5.0,"turns":4.0},{"damage":17.0,"enemies":"Exordium Wildlife","floor":7.0,"turns":6.0},{"damage":9.0,"enemies":"Lagavulin","floor":11.0,"turns":8.0},{"damage":39.0,"enemies":"Fading Forest","floor":16.0,"turns":11.0},{"damage":6.0,"enemies":"Spheric Guardian","floor":18.0,"turns":3.0},{"damage":15.0,"enemies":"Snake Plant","floor":20.0,"turns":5.0},{"damage":13.0,"enemies":"Centurion and Healer","floor":22.0,"turns":7.0},{"damage":3.0,"enemies":"Chosen and Byrds","floor":28.0,"turns":6.0},{"damage":1.0,"enemies":"Shelled Parasite and Fungi","floor":29.0,"turns":6.0},{"damage":37.0,"enemies":"Automaton","floor":33.0,"turns":11.0},{"damage":7.0,"enemies":"Gensokyo:3_Bats","floor":35.0,"turns":3.0},{"damage":10.0,"enemies":"Gensokyo:AncientGuardian","floor":36.0,"turns":3.0},{"damage":16,"enemies":"Gensokyo:3_Boulders","floor":38,"turns":5},{"damage":5,"enemies":"Gensokyo:SeedOfUnknown","floor":41,"turns":3},{"damage":18,"enemies":"Gensokyo:Shinki","floor":52,"turns":5}],"seed_played":"2818133476130425562","potions_obtained":[{"floor":1.0,"key":"BloodPotion"},{"floor":2.0,"key":"Flashbang"},{"floor":5.0,"key":"LifebloodPotion"},{"floor":22.0,"key":"Fruit Juice"},{"floor":28.0,"key":"Strength Potion"},{"floor":29.0,"key":"Weak Potion"}],"is_trial":false,"path_per_floor":["M","M","M","?","M","R","M","R","T","?","E","?","?","$","R","B",null,"M","?","M","?","M","R","?","R","T","?","M","M","$","?","R","B",null,"M","M","?","M","?","R","M","?","T","R","?","$","?","PTL","PTL","?","R","B",null],"character_chosen":"IRONCLAD","items_purchased":["Pummel","Warcry","TheAbacus","Demonic Infusion","expansioncontent:Flail"],"campfire_rested":5,"item_purchase_floors":[14,14,14,30,46],"current_hp_per_floor":[80,79,79,61,56,80,69,80,80,80,80,80,80,80,80,63,80,80,64,55,40,38,45,45,45,45,45,45,45,45,45,45,14,45,44,43,43,33,33,47,48,48,48,48,29,29,29,29,29,29,43,31],"gold":29,"neow_bonus":"RANDOM_COMMON_RELIC","is_daily":false,"chose_seed":false,"campfire_upgraded":2,"win_rate":0.0,"timestamp":1609176540,"path_taken":["M","M","M","?","M","R","M","R","T","?","E","?","?","$","R","BOSS","M","?","M","?","M","R","?","R","T","?","M","M","$","?","R","BOSS","M","M","?","M","?","R","M","?","T","R","?","$","?","PTL","PTL","?","R","BOSS"],"items_purchased_type":["Card","Card","Relic","Card","Card"],"build_version":"2020-12-22","purchased_purges":1,"victory":true,"max_hp_per_floor":[80,80,80,80,80,80,80,80,80,80,80,80,80,80,80,80,80,80,80,80,40,45,45,45,45,45,45,45,45,45,45,45,45,45,45,48,48,48,48,48,48,48,48,48,48,48,48,48,48,48,48,48],"card_choices":[{"not_picked":["Combust","Disarm"],"picked":"Second Wind","floor":1.0},{"not_picked":["Run Through","Havoc"],"picked":"Abandon","floor":2.0},{"not_picked":["Clothesline","Hemokinesis"],"picked":"Twin Strike","floor":3.0},{"not_picked":["True Grit","Entrench"],"picked":"ReplayTheSpireMod:Stacked","floor":5.0},{"not_picked":["Shrug It Off","Evolve"],"picked":"Flex","floor":7.0},{"not_picked":["Pommel Strike","Wild Strike"],"picked":"Metallicize","floor":10.0},{"not_picked":["Carnage","Armaments"],"picked":"Replay:Undeath\u0027s Touch","floor":10.0},{"not_picked":["Thunderclap","Battle Trance"],"picked":"Disarm","floor":11.0},{"not_picked":["Hemogenesis","Reaper"],"picked":"Offering","floor":16.0},{"not_picked":["Cleave","Wild Strike"],"picked":"True Grit+1","floor":18.0},{"not_picked":["Wild Strike+1","Blood for Blood"],"picked":"Replay:Undeath\u0027s Touch","floor":20.0},{"not_picked":["ReplayTheSpireMod:LeadingStrike","Shockwave"],"picked":"Warcry","floor":22.0},{"not_picked":["Thunderclap+1","Searing Blow"],"picked":"ReplayTheSpireMod:Strike From Hell","floor":28.0},{"not_picked":["Twin Strike","Clash"],"picked":"Havoc","floor":29.0},{"not_picked":["Berserk","Bludgeon"],"picked":"Feed","floor":33.0},{"not_picked":["Iron Wave","Ghostly Armor"],"picked":"Sever Soul","floor":35.0},{"not_picked":["Warcry","Body Slam+1"],"picked":"Feel No Pain","floor":36.0},{"not_picked":["Gensokyo:NewMoon","Gensokyo:BrilliantDragonBullet"],"picked":"Gensokyo:SalamanderShield","floor":37},{"not_picked":["ReplayTheSpireMod:Stacked","Wild Strike"],"picked":"Replay:Undeath\u0027s Touch","floor":38},{"not_picked":["Warcry+1","Thunderclap+1"],"picked":"Sentinel","floor":41}],"player_experience":125762,"relics_obtained":[{"floor":9.0,"key":"Iron Hammer"},{"floor":10.0,"key":"ReplayTheSpireMod:TigerMarble"},{"floor":11.0,"key":"Replay:Rubber Ducky"},{"floor":19.0,"key":"Nilry\u0027s Codex"},{"floor":24.0,"key":"ReplayTheSpireMod:Ring of Challenge"},{"floor":24.0,"key":"ReplayTheSpireMod:Ring of Exchange"},{"floor":26.0,"key":"Shovel"},{"floor":32.0,"key":"Matryoshka"},{"floor":43,"key":"Sundial"},{"floor":43,"key":"ReplayTheSpireMod:Ninjato"},{"floor":44,"key":"PreservedInsect"}],"event_choices":[{"damage_healed":0.0,"max_hp_gain":0.0,"max_hp_loss":0.0,"gold_gain":0.0,"event_name":"Scrap Ooze","player_choice":"Success","floor":4.0,"gold_loss":0.0,"damage_taken":18.0,"relics_obtained":["Unceasing Top"]},{"damage_healed":0.0,"max_hp_gain":0.0,"max_hp_loss":0.0,"gold_gain":0.0,"event_name":"Big Fish","player_choice":"Box","floor":12.0,"gold_loss":0.0,"damage_taken":0.0,"relics_obtained":["Mercury Hourglass"],"cards_obtained":["Regret"]},{"damage_healed":0.0,"max_hp_gain":0.0,"max_hp_loss":0.0,"gold_gain":0.0,"event_name":"Cursed Tome","player_choice":"Obtained Book","floor":19.0,"gold_loss":0.0,"damage_taken":16.0},{"damage_healed":0.0,"max_hp_gain":0.0,"max_hp_loss":40.0,"gold_gain":0.0,"event_name":"Ghosts","player_choice":"Became a Ghost","floor":21.0,"gold_loss":0.0,"damage_taken":0.0,"cards_obtained":["Ghostly","Ghostly","Ghostly","Ghostly","Ghostly"]},{"damage_healed":0.0,"max_hp_gain":0.0,"max_hp_loss":0.0,"gold_gain":0.0,"event_name":"Back to Basics","player_choice":"Simplicity","floor":27.0,"gold_loss":0.0,"damage_taken":0.0,"cards_upgraded":["Strike_R","Strike_R","Strike_R","Strike_R","Strike_R","Defend_R","Defend_R","Defend_R","Defend_R"]}],"is_beta":false,"boss_relics":[{"not_picked":["Busted Crown","ReplayTheSpireMod:DimensionalGlitch"],"picked":"ChewingGum"},{"not_picked":["Sling","Runic Dome"],"picked":"Replay:Grab Bag"},{"not_picked":["Mark of Pain","Velvet Choker"],"picked":"Sozu"},{"not_picked":["Circlet","Circlet"],"picked":"Electric Blood"},{"not_picked":["Pandora\u0027s Box","SacredBark"],"picked":"expansioncontent:StudyCardRelic"},{"not_picked":["Astrolabe","Black Blood"],"picked":"SlaversCollar"}],"items_purged_floors":[14],"is_endless":false,"potions_floor_spawned":[1,2,5,22,28,29,38,41],"ascension_level":3}}