{"host":"gsp4qlltb0c3ynci","time":1609154454,"event":{"mods":["2.2 Compatiblity","Abigail Mod","Ascension Reborn","BaseMod","Friendly Minions","Minty Spire (QoL Compilation)","Prisma Mod","Replay The Spire","Say the Spire","StSLib"],"gold_per_floor":[132,132,174,99,99,180,213,275,301,413,21,21,129,251,251,586,586,648,348,41,41,93,93,191,191,241,360,409,515,565,633,633,977,977,1045,503,503,610,610,449,587,680,680,800,800,911,1036,1094,1106,1162],"floor_reached":51,"playtime":2320,"items_purged":["Strike_R+1","CommonCold","Strike_R+1"],"score":1582,"play_id":"50a7c0f3-d0f7-4c19-bbce-e5409d504108","local_time":"20201228202054","daily_mods":["Vintage","Heirloom","Time Dilation","Flight","DeadlyEvents","Elite Swarm","Midas"],"is_ascension_mode":true,"campfire_choices":[{"floor":32,"key":"REST"},{"floor":49,"key":"DIG"}],"circlet_count":0,"master_deck":["Strike_R+1","Defend_R+1","Defend_R+1","Defend_R+1","Defend_R+1","Bash+1","LessonLearned+1","Reboot+1","After Image+1","PrismaMod:MiyuDefendChannelDefend+1","PrismaMod:IllyaInstallSaber","Demonic Infusion+1","ReplayTheSpireMod:From All Sides+1","Iron Wave+1","Panache+1","A Thousand Cuts+1","Replay:Many Hands+1","PrismaMod:ChloeCarnivalDefend+1"],"relics":["Burning Blood","Ginger","MealTicket","Nunchaku","Golden Idol","Champion Belt","Replay:Towering Pillar of Hats","Letter Opener","Replay:Bandana","Unceasing Top","Iron Hammer","PrismaticShard","Mango","FossilizedHelix","Incense Burner","Bottled Lightning","ReplayTheSpireMod:TigerMarble","Medical Kit","Pondfish Scales","Replay:Bottled Snecko","Pen Nib","Blood Vial","Nilry\u0027s Codex","Replay:Mystery Machine","Bottled Flame","White Beast Statue","Golden Egg","Vajra","Bag of Preparation","Divine Protection","Chemical X","ReplayFunnel","ReplayTheSpireMod:Ninjato","Replay:PocketPolymizer","Akabeko","HornCleat","Happy Flower","Self Forming Clay","Eternal Feather","Strawberry","MawBank","Ornamental Fan"],"acts_visited":["Exordium","TheCity","TheBeyond"],"potions_floor_usage":[27,30,31,33,50,50,50],"damage_taken":[{"damage":0.0,"enemies":"Cultist","floor":1.0,"turns":2.0},{"damage":0.0,"enemies":"2 Louse","floor":3.0,"turns":1.0},{"damage":18.0,"enemies":"Replay:BlueRogue","floor":6.0,"turns":4.0},{"damage":0.0,"enemies":"Jaw Worm","floor":7.0,"turns":2.0},{"damage":5.0,"enemies":"Large Slime","floor":8.0,"turns":7.0},{"damage":6.0,"enemies":"3 Sentries","floor":10.0,"turns":8.0},{"damage":25.0,"enemies":"Gremlin Nob","floor":13.0,"turns":4.0},{"damage":0.0,"enemies":"Lagavulin","floor":14.0,"turns":5.0},{"damage":0.0,"enemies":"The Guardian","floor":16.0,"turns":17.0},{"damage":0.0,"enemies":"Chosen","floor":18.0,"turns":5.0},{"damage":0,"enemies":"Shell Parasite","floor":22,"turns":22},{"damage":0,"enemies":"Replay:Snechameleon","floor":24,"turns":6},{"damage":0,"enemies":"Book of Stabbing","floor":27,"turns":7},{"damage":0,"enemies":"Cultist and Chosen","floor":28,"turns":3},{"damage":5,"enemies":"Slavers","floor":29,"turns":8},{"damage":0,"enemies":"Snake Plant","floor":30,"turns":2},{"damage":0,"enemies":"3 Cultists","floor":31,"turns":6},{"damage":0,"enemies":"Automaton","floor":33,"turns":10},{"damage":0,"enemies":"Orb Walker","floor":35,"turns":9},{"damage":0,"enemies":"R_Hoarder","floor":38,"turns":11},{"damage":0,"enemies":"Nemesis","floor":41,"turns":7},{"damage":0,"enemies":"R_Hoarder","floor":42,"turns":6},{"damage":0,"enemies":"Giant Head","floor":44,"turns":6},{"damage":0,"enemies":"R_Hoarder","floor":46,"turns":5},{"damage":0,"enemies":"Nemesis","floor":47,"turns":3},{"damage":0,"enemies":"3 Darklings","floor":48,"turns":4},{"damage":0,"enemies":"Awakened One","floor":50,"turns":11}],"seed_played":"778720956478531448","potions_obtained":[{"floor":1.0,"key":"Explosive Potion"},{"floor":6.0,"key":"Languid Potion"},{"floor":8.0,"key":"ColorlessPotion"},{"floor":16.0,"key":"AttackPotion"},{"floor":24,"key":"PowerPotion"},{"floor":28,"key":"Regen Potion"},{"floor":29,"key":"Fire Potion"},{"floor":30,"key":"SteroidPotion"},{"floor":31,"key":"SkillPotion"},{"floor":33,"key":"DuplicationPotion"},{"floor":35,"key":"Fire Potion"},{"floor":37,"key":"DuplicationPotion"},{"floor":38,"key":"Energy Potion"},{"floor":44,"key":"LifebloodPotion"}],"is_trial":true,"path_per_floor":["M","?","M","$","?","E","M","M","T","E","$","T","E","E","R","B",null,"M","$","$","?","M","T","E","?","T","E","M","E","M","M","R","B",null,"M","$","?","E","?","$","E","E","T","E","T","E","E","M","R","B",null],"character_chosen":"IRONCLAD","items_purchased":["Iron Hammer","PrismaticShard","ReplayTheSpireMod:TigerMarble","Medical Kit","Pondfish Scales","Chemical X","Demonic Infusion","ReplayFunnel","Iron Wave+1"],"campfire_rested":1,"item_purchase_floors":[11,11,19,19,20,36,36,36,40],"current_hp_per_floor":[80,80,80,80,60,48,54,55,55,55,70,84,65,71,71,77,94,94,94,94,94,94,94,94,78,78,86,94,94,94,94,94,94,94,94,94,94,94,94,94,94,94,94,94,94,94,101,101,101,101],"gold":1174,"neow_bonus":"","is_daily":false,"chose_seed":false,"campfire_upgraded":0,"win_rate":0.0,"timestamp":1609154454,"path_taken":["M","?","M","$","?","E","M","?","T","E","$","?","?","E","R","BOSS","M","$","$","?","M","?","?","?","T","E","M","E","M","?","R","BOSS","M","$","?","?","?","$","E","E","T","?","?","E","?","?","R","BOSS"],"items_purchased_type":["Relic","Relic","Relic","Relic","Relic","Relic","Card","Relic","Card"],"build_version":"2020-12-22","purchased_purges":3,"victory":true,"max_hp_per_floor":[80,80,80,80,80,80,80,80,80,80,80,94,94,94,94,94,94,94,94,94,94,94,94,94,94,94,94,94,94,94,94,94,94,94,94,94,94,94,94,94,94,94,94,94,94,94,101,101,101,101],"card_choices":[{"not_picked":["Eclipse","Offering","Reaper"],"picked":"SKIP","floor":6.0},{"not_picked":["Demonic Infusion","Immolate","Fiend Fire"],"picked":"SKIP","floor":10.0},{"not_picked":["PrismaMod:MiyuChannelDefendEvoke","Offering"],"picked":"LessonLearned","floor":13.0},{"not_picked":["Doppelganger","Atom Bomb"],"picked":"Reboot","floor":14.0},{"not_picked":["PrismaMod:IllyaInstallAvenger","Establishment"],"picked":"After Image","floor":16.0},{"not_picked":["PrismaMod:ChloeGreatTracePools","PrismaMod:IllyaInstallMoonCancer"],"picked":"PrismaMod:MiyuDefendChannelDefend","floor":24},{"not_picked":["Bullet Time","Amplify"],"picked":"PrismaMod:IllyaInstallSaber","floor":27},{"not_picked":["ReplayTheSpireMod:From All Sides","Establishment","Replay:AllIn"],"picked":"SKIP","floor":29},{"not_picked":["Corpse Explosion","Omniscience"],"picked":"ReplayTheSpireMod:From All Sides","floor":38},{"not_picked":["AbbyMod:MindCleanse","Venomology"],"picked":"Panache","floor":41},{"not_picked":["PrismaMod:IllyaInstallRuler","Bludgeon","PrismaMod:IllyaCarnivalPrismaAstolfo"],"picked":"SKIP","floor":42},{"not_picked":["Thinking Ahead","AbbyMod:BlackKey"],"picked":"A Thousand Cuts","floor":44},{"not_picked":["ReplayUltimateDefense","Multi-Cast"],"picked":"Replay:Many Hands","floor":46},{"not_picked":["Meteor Strike","Reboot"],"picked":"PrismaMod:ChloeCarnivalDefend","floor":47}],"player_experience":490880,"relics_obtained":[{"floor":1.0,"key":"MealTicket"},{"floor":3.0,"key":"Nunchaku"},{"floor":6.0,"key":"Champion Belt"},{"floor":7.0,"key":"Replay:Towering Pillar of Hats"},{"floor":8.0,"key":"Letter Opener"},{"floor":9.0,"key":"Replay:Bandana"},{"floor":10.0,"key":"Unceasing Top"},{"floor":12.0,"key":"Mango"},{"floor":13.0,"key":"FossilizedHelix"},{"floor":14.0,"key":"Incense Burner"},{"floor":18.0,"key":"Bottled Lightning"},{"floor":22,"key":"Replay:Bottled Snecko"},{"floor":23,"key":"Pen Nib"},{"floor":24,"key":"Blood Vial"},{"floor":25,"key":"Nilry\u0027s Codex"},{"floor":26,"key":"Replay:Mystery Machine"},{"floor":27,"key":"Bottled Flame"},{"floor":28,"key":"White Beast Statue"},{"floor":29,"key":"Golden Egg"},{"floor":30,"key":"Vajra"},{"floor":31,"key":"Bag of Preparation"},{"floor":35,"key":"Divine Protection"},{"floor":38,"key":"ReplayTheSpireMod:Ninjato"},{"floor":41,"key":"Replay:PocketPolymizer"},{"floor":42,"key":"Akabeko"},{"floor":43,"key":"HornCleat"},{"floor":44,"key":"Happy Flower"},{"floor":45,"key":"Self Forming Clay"},{"floor":46,"key":"Eternal Feather"},{"floor":47,"key":"Strawberry"},{"floor":48,"key":"MawBank"},{"floor":49,"key":"Ornamental Fan"}],"event_choices":[{"damage_healed":0.0,"max_hp_gain":0.0,"max_hp_loss":0.0,"gold_gain":0.0,"event_name":"Golden Idol","player_choice":"Take Damage","floor":5.0,"gold_loss":0.0,"damage_taken":20.0,"relics_obtained":["Golden Idol"]},{"cards_removed":["Strike_R"],"damage_healed":0.0,"max_hp_gain":0.0,"max_hp_loss":0.0,"gold_gain":0.0,"event_name":"Bonfire Elementals","player_choice":"Offered Basic","floor":15.0,"gold_loss":0.0,"damage_taken":0.0},{"damage_healed":0,"gold_gain":0,"player_choice":"Obtained Book","damage_taken":16,"max_hp_gain":0,"max_hp_loss":0,"event_name":"Cursed Tome","floor":25,"gold_loss":0},{"damage_healed":0,"gold_gain":0,"player_choice":"Got Potions","damage_taken":0,"max_hp_gain":0,"max_hp_loss":0,"event_name":"Lab","floor":37,"gold_loss":0},{"damage_healed":0,"gold_gain":0,"player_choice":"Ignored","damage_taken":0,"max_hp_gain":0,"max_hp_loss":0,"event_name":"SecretPortal","floor":39,"gold_loss":0}],"is_beta":false,"boss_relics":[{"not_picked":["Runic Cube","Runic Pyramid","Coffee Dripper"]},{"not_picked":["Philosopher\u0027s Stone","Ring of Chaos","Snecko Eye"]}],"items_purged_floors":[4,36,40],"is_endless":false,"potions_floor_spawned":[1,6,8,16,24,28,29,30,31,33,35,38,41,42,44,46,47,48],"ascension_level":0}}