{"host":"aukiz5jlacd3g5yc","time":1609131017,"event":{"mods":["2.2 Compatiblity","BaseMod","Bestiary","Colored Map","Colored Powertips","Downfall","GifTheSpireLib","Highlight Path","Hubris","Infinite Spire","Minty Spire (QoL Compilation)","Permanent Neow","Quick Restart","Random Character Button","Rare Cards Sparkle","Relic Sorter","Relic Stats","Replay The Spire","StSLib","Unknown Chances","everything is the same but u backflip on backflip","slay the spire mod where everything is the same but ironclad has a cowboy hat"],"gold_per_floor":[118,131,142,142,161,187,187,200,200,229,252,277,291,317,317,414,414,431,134,134,152,152,181,181,215,215,245,245,245,301,314,314,410,410,430,445,455,466,478,478,498,531,531,531,531],"floor_reached":44,"playtime":2336,"items_purged":["Strike_P","Shame"],"score":842,"play_id":"5286c76b-11d6-44e3-ac5f-b8bf24fd2a3f","local_time":"20201227225017","is_ascension_mode":true,"campfire_choices":[{"data":"Eruption","floor":7,"key":"SMITH"},{"data":"ForeignInfluence","floor":15,"key":"SMITH"},{"data":"hubris:DuctTapeCard","floor":24,"key":"SMITH"},{"data":"Tantrum","floor":28,"key":"SMITH"},{"data":"Worship","floor":32,"key":"SMITH"},{"data":"1","floor":40,"key":"LIFT"}],"circlet_count":0,"master_deck":["champ:VampiricStrike","Strike_P","Strike_P","Strike_P","Defend_P","Defend_P","Defend_P","Defend_P","Eruption+1","Vigilance","expansioncontent:PrepareCrush","FlurryOfBlows","Halt","CrushJoints","FlurryOfBlows","Indignation","ClearTheMind","Worship","ForeignInfluence","Halt","ForeignInfluence+1","FlurryOfBlows","Tantrum","Tantrum+1","FearNoEvil","hubris:DuctTapeCard+2","FlurryOfBlows","Halt","ReplayTheSpireMod:Splinters","Judgement","Worship+1","SpiritShield","BowlingBash","Vengeance+1","Halt+1","Fasting2+1","Halt+1","Devotion"],"relics":["PureWater","ReplayTheSpireMod:TigerMarble","hubris:Metronome","Guardian:PocketSentry","Odd Mushroom","Incense Burner","infinitespire:Satchel","Black Star","Juzu Bracelet","Bag of Marbles","Pear","hubris:DuctTape","infinitespire:CursedDice","Girya","Replay:Mystery Machine","hubris:FunFungus","hubris:CuriousFeather","infinitespire:EmpoweringShard","Snecko Heart","Regal Pillow","Torii","Damaru"],"acts_visited":["Exordium","TheCity","TheBeyond"],"potions_floor_usage":[11,16,16,23,31,38,44,44],"damage_taken":[{"damage":0,"enemies":"Cultist","floor":1,"turns":3},{"damage":7,"enemies":"infinitespire:Voidling","floor":2,"turns":4},{"damage":0,"enemies":"Jaw Worm","floor":3,"turns":3},{"damage":22,"enemies":"2 Fungi Beasts","floor":5,"turns":3},{"damage":28,"enemies":"3 Sentries","floor":6,"turns":7},{"damage":0,"enemies":"Large Slime","floor":8,"turns":2},{"damage":5,"enemies":"Replay:BlueRogue","floor":10,"turns":4},{"damage":3,"enemies":"The Mushroom Lair","floor":11,"turns":3},{"damage":0,"enemies":"Gremlin Nob","floor":12,"turns":2},{"damage":9,"enemies":"3 Louse","floor":13,"turns":3},{"damage":2,"enemies":"3 Sentries","floor":14,"turns":8},{"damage":20,"enemies":"The Guardian","floor":16,"turns":5},{"damage":0,"enemies":"Spheric Guardian","floor":18,"turns":2},{"damage":27,"enemies":"3 Byrds","floor":21,"turns":3},{"damage":18,"enemies":"Gremlin Leader","floor":23,"turns":5},{"damage":52,"enemies":"Slavers","floor":25,"turns":3},{"damage":3,"enemies":"Replay:Snechameleon","floor":27,"turns":2},{"damage":0,"enemies":"3 Cultists","floor":31,"turns":3},{"damage":3,"enemies":"Pondfish","floor":33,"turns":4},{"damage":24,"enemies":"3 Shapes","floor":35,"turns":3},{"damage":0,"enemies":"3 Darklings","floor":36,"turns":3},{"damage":1,"enemies":"Maw","floor":37,"turns":5},{"damage":15,"enemies":"Transient","floor":38,"turns":5},{"damage":0,"enemies":"Jaw Worm Horde","floor":39,"turns":1},{"damage":24,"enemies":"3 Darklings","floor":41,"turns":3},{"damage":9,"enemies":"Giant Head","floor":42,"turns":3},{"damage":37,"enemies":"Nightmare","floor":44,"turns":3}],"seed_played":"-1774524926886116302","potions_obtained":[{"floor":3,"key":"Explosive Potion"},{"floor":5,"key":"Flashbang"},{"floor":6,"key":"Death Potion"},{"floor":12,"key":"Block Potion"},{"floor":16,"key":"PowerPotion"},{"floor":23,"key":"Milkshake"},{"floor":27,"key":"Venom Potion"},{"floor":36,"key":"BlessingOfTheForge"},{"floor":39,"key":"SkillPotion"},{"floor":42,"key":"LiquidMemories"}],"is_trial":false,"path_per_floor":["M","M","M","?","M","E","R","M","T","E","?","E","M","E","R","B",null,"M","$","?","M","AVR","E","R","E","T","E","R","?","?","M","R","B",null,"M","M","M","M","M","R","M","E","T","NM"],"character_chosen":"WATCHER","items_purchased":["Tantrum","Juzu Bracelet"],"campfire_rested":0,"item_purchase_floors":[19,19],"current_hp_per_floor":[72,72,72,72,66,48,48,48,48,67,72,72,63,71,71,59,72,72,72,72,54,64,46,46,49,49,46,46,12,12,12,12,31,82,58,58,60,63,63,63,39,30,30,0,0],"gold":531,"neow_bonus":"RANDOM_COLORLESS","is_daily":false,"chose_seed":false,"campfire_upgraded":5,"win_rate":0.0,"timestamp":1609131017,"path_taken":["M","M","M","?","?","E","R","M","T","E","?","E","M","E","R","BOSS","M","$","?","M","AVR","E","R","E","T","E","R","?","?","M","R","BOSS","M","M","M","M","M","R","M","E","T","NM"],"items_purchased_type":["Card","Relic"],"build_version":"2020-12-22","purchased_purges":2,"victory":false,"max_hp_per_floor":[72,72,72,72,72,72,72,72,72,72,72,72,72,72,72,72,72,72,72,72,72,82,82,82,82,82,82,82,82,82,82,82,82,82,82,82,82,82,82,82,82,82,82,82,82],"relic_stats":{"Regal Pillow":0,"Torii":20,"counters":[27,94],"Black Star":4,"Juzu Bracelet":0,"obtain_stats":[{"Girya":25,"hubris:Metronome":9,"Regal Pillow":42,"Pear":22,"Snecko Heart":34,"hubris:DuctTape":23,"Torii":42,"infinitespire:CursedDice":23,"Damaru":43,"Guardian:PocketSentry":10,"Incense Burner":12,"Juzu Bracelet":19,"Odd Mushroom":11,"Replay:Mystery Machine":25,"infinitespire:Satchel":14,"hubris:FunFungus":26,"hubris:CuriousFeather":27,"ReplayTheSpireMod:TigerMarble":6,"Black Star":17,"Bag of Marbles":20,"infinitespire:EmpoweringShard":27,"PureWater":0},{"Girya":16,"hubris:Metronome":6,"Regal Pillow":26,"Pear":14,"Snecko Heart":19,"hubris:DuctTape":15,"Torii":26,"infinitespire:CursedDice":15,"Damaru":26,"Guardian:PocketSentry":7,"Incense Burner":9,"Juzu Bracelet":13,"Odd Mushroom":8,"Replay:Mystery Machine":16,"infinitespire:Satchel":11,"hubris:FunFungus":16,"hubris:CuriousFeather":17,"ReplayTheSpireMod:TigerMarble":5,"Black Star":12,"Bag of Marbles":13,"infinitespire:EmpoweringShard":17,"PureWater":0},{"Girya":59,"hubris:Metronome":22,"Regal Pillow":91,"Pear":51,"Snecko Heart":68,"hubris:DuctTape":56,"Torii":91,"infinitespire:CursedDice":56,"Damaru":91,"Guardian:PocketSentry":26,"Incense Burner":31,"Juzu Bracelet":48,"Odd Mushroom":29,"Replay:Mystery Machine":59,"infinitespire:Satchel":41,"hubris:FunFungus":59,"hubris:CuriousFeather":61,"ReplayTheSpireMod:TigerMarble":20,"Black Star":46,"Bag of Marbles":48,"infinitespire:EmpoweringShard":61,"PureWater":0}]},"card_choices":[{"not_picked":["Replay:SS_hec_2","PanicButton"],"picked":"expansioncontent:PrepareCrush","floor":0},{"not_picked":["FlyingSleeves","EmptyBody"],"picked":"FlurryOfBlows","floor":1},{"not_picked":["PathToVictory","Replay:ManipulateFuture","JustLucky"],"picked":"SKIP","floor":2},{"not_picked":["Replay:AtTheReady","CutThroughFate"],"picked":"Halt","floor":3},{"not_picked":["FollowUp","CutThroughFate"],"picked":"CrushJoints","floor":5},{"not_picked":["Replay:Vibes","Scrawl"],"picked":"FlurryOfBlows","floor":6},{"not_picked":["CrushJoints","Evaluate"],"picked":"Indignation","floor":8},{"not_picked":["Meditate","Replay:Hum"],"picked":"ClearTheMind","floor":10},{"not_picked":["Sanctity","Evaluate"],"picked":"Worship","floor":11},{"not_picked":["Crescendo","JustLucky"],"picked":"ForeignInfluence","floor":12},{"not_picked":["Indignation","PathToVictory"],"picked":"Halt","floor":13},{"not_picked":["FollowUp","DeusExMachina"],"picked":"ForeignInfluence","floor":14},{"not_picked":["DevaForm","Judgement"],"picked":"Replay:LoomingThreat","floor":16},{"not_picked":["Replay:AtTheReady","FlyingSleeves"],"picked":"FlurryOfBlows","floor":18},{"not_picked":["Prostrate","Evaluate"],"picked":"Tantrum","floor":21},{"not_picked":["Worship","Protect"],"picked":"FearNoEvil","floor":23},{"not_picked":["Sanctity","Pray"],"picked":"FlurryOfBlows","floor":25},{"not_picked":["Prostrate+1","Pray"],"picked":"Halt","floor":27},{"not_picked":["Prostrate","Evaluate+1"],"picked":"Judgement","floor":30},{"not_picked":["EmptyFist","ClearTheMind"],"picked":"Worship","floor":31},{"not_picked":["Vault","MasterReality"],"picked":"SpiritShield","floor":33},{"not_picked":["InnerPeace+1","Replay:ManipulateFuture+1"],"picked":"BowlingBash","floor":35},{"not_picked":["Replay:AtTheReady+1","Evaluate+1"],"picked":"Vengeance+1","floor":36},{"not_picked":["BowlingBash","Meditate+1"],"picked":"Halt+1","floor":37},{"not_picked":["CrushJoints+1","Protect"],"picked":"Fasting2+1","floor":38},{"not_picked":["JustLucky","WheelKick"],"picked":"Halt+1","floor":39},{"not_picked":["FollowUp+1","CutThroughFate","EmptyBody+1"],"picked":"SKIP","floor":41},{"not_picked":["Halt+1","WaveOfTheHand"],"picked":"Devotion","floor":42}],"player_experience":341715,"relics_obtained":[{"floor":6,"key":"ReplayTheSpireMod:TigerMarble"},{"floor":9,"key":"hubris:Metronome"},{"floor":10,"key":"Guardian:PocketSentry"},{"floor":11,"key":"Odd Mushroom"},{"floor":12,"key":"Incense Burner"},{"floor":14,"key":"infinitespire:Satchel"},{"floor":23,"key":"hubris:DuctTape"},{"floor":23,"key":"infinitespire:CursedDice"},{"floor":25,"key":"Girya"},{"floor":25,"key":"Replay:Mystery Machine"},{"floor":26,"key":"hubris:FunFungus"},{"floor":27,"key":"hubris:CuriousFeather"},{"floor":27,"key":"infinitespire:EmpoweringShard"},{"floor":42,"key":"Regal Pillow"},{"floor":42,"key":"Torii"},{"floor":43,"key":"Damaru"}],"event_choices":[{"damage_healed":0,"gold_gain":0,"player_choice":"Bought 0 Potions","damage_taken":0,"max_hp_gain":0,"max_hp_loss":0,"event_name":"The Woman in Blue","floor":4,"gold_loss":0},{"damage_healed":0,"gold_gain":0,"player_choice":"Fought Mushrooms","damage_taken":0,"max_hp_gain":0,"max_hp_loss":0,"event_name":"Mushrooms","floor":11,"gold_loss":0},{"damage_healed":0,"gold_gain":0,"player_choice":"Stole Relic","damage_taken":0,"relics_obtained":["Bag of Marbles"],"max_hp_gain":0,"max_hp_loss":0,"event_name":"Addict","floor":20,"gold_loss":0,"cards_obtained":["Shame"]}],"is_beta":false,"boss_relics":[{"not_picked":["Painkiller Herb","ReplayTheSpireMod:DimensionalGlitch"],"picked":"Black Star"},{"not_picked":["Replay:Drink Me","Coffee Dripper"],"picked":"Snecko Heart"}],"items_purged_floors":[19,22],"is_endless":false,"potions_floor_spawned":[3,5,6,12,13,16,23,27,36,39,42],"killed_by":"Nightmare","ascension_level":1}}