{"host":"4tnjxquzd1sn7hrw","time":1609165189,"event":{"mods":["BaseMod","Colored Map","Downfall","Hubris","Minty Spire (QoL Compilation)","Quick Restart","StSLib"],"gold_per_floor":[99,111,111,211,223,249,329,329,361,392,404,417,342,358,373,474,474,474,493,30,30,48,382,431,465,495,495,522,522,372,372,390,495,495,495,506,521,540,557,94,117,117,43,62,62,62,62,94,110,110,110,110,110,110],"floor_reached":52,"playtime":3491,"items_purged":["hubris:Gluttony"],"score":1168,"play_id":"536b2a2c-fc86-42f5-9a91-9106f524fb82","local_time":"20201228231949","is_ascension_mode":true,"campfire_choices":[{"data":"champ:SwordThrow","floor":1,"key":"SMITH"},{"data":"champ:Taunt","floor":8,"key":"SMITH"},{"floor":13,"key":"REST"},{"floor":18,"key":"RECALL"},{"floor":30,"key":"REST"},{"data":"champ:ShieldSigil","floor":35,"key":"SMITH"},{"data":"Secret Weapon","floor":45,"key":"SMITH"},{"data":"champ:ShieldSigil","floor":47,"key":"SMITH"}],"circlet_count":0,"master_deck":["champ:Strike","champ:Strike","champ:Strike","champ:Strike","champ:Defend","champ:Defend","champ:Defend","champ:Defend","champ:Execute","champ:Taunt+1","champ:SwordThrow+1","champ:BringItOn","champ:SwordSigil","champ:ShieldSigil+1","champ:Encircle","champ:AdrenalArmor","champ:BerserkersShout","champ:VampiricStrike","champ:CalledShot+1","champ:RapidStrikes+1","champ:BerserkerStyle+1","champ:DeathBlow","champ:BerserkersShout","Necronomicurse","Pain","champ:AdrenalArmor+1","champ:LastStand","champ:ShieldSigil+1","champ:BerserkerStyle+1","champ:RecklessLeap","champ:RisingSlash","Secret Weapon+1","Decay","champ:HeartStrike","champ:DeathBlow","champ:ShieldSigil+1"],"relics":["champ:ChampionCrown","WingedGreaves","Mummified Hand","Mercury Hourglass","Question Card","downfall:HeartBlessingGreen","Cursed Key","hubris:Reverence","hubris:SlimyHat","Old Coin","champ:GladiatorsBookOfMartialProwess","Sundial","Necronomicon","Orichalcum","downfall:HeartBlessingRed","downfall:HeartBlessingBlue","TungstenRod","Coffee Dripper","hubris:CuriousFeather","Strawberry","hubris:Towel","CaptainsWheel"],"acts_visited":["Exordium","TheCity","TheBeyond","TheEnding"],"potions_floor_usage":[6,16,16,19,26,29,39,40,40,44,52],"damage_taken":[{"damage":5,"enemies":"2 Louse","floor":2,"turns":4},{"damage":0,"enemies":"Cultist","floor":5,"turns":2},{"damage":22,"enemies":"3 Sentries","floor":6,"turns":6},{"damage":47,"enemies":"Lagavulin","floor":9,"turns":9},{"damage":31,"enemies":"Gremlin Nob","floor":10,"turns":4},{"damage":4,"enemies":"Small Slimes","floor":11,"turns":2},{"damage":7,"enemies":"3 Louse","floor":12,"turns":2},{"damage":7,"enemies":"Lots of Slimes","floor":14,"turns":3},{"damage":17,"enemies":"Blue Slaver","floor":15,"turns":3},{"damage":50,"enemies":"downfall:Watcher","floor":16,"turns":5},{"damage":38,"enemies":"Shell Parasite","floor":19,"turns":4},{"damage":37,"enemies":"downfall:FleeingMerchant","floor":20,"turns":4},{"damage":28,"enemies":"3 Byrds","floor":22,"turns":4},{"damage":83,"enemies":"Slavers","floor":23,"turns":4},{"damage":65,"enemies":"Book of Stabbing","floor":25,"turns":3},{"damage":65,"enemies":"Gremlin Leader","floor":26,"turns":4},{"damage":60,"enemies":"Book of Stabbing","floor":28,"turns":4},{"damage":0,"enemies":"Slavers","floor":29,"turns":1},{"damage":41,"enemies":"Snecko","floor":32,"turns":4},{"damage":84,"enemies":"downfall:Silent","floor":33,"turns":6},{"damage":53,"enemies":"3 Darklings","floor":36,"turns":3},{"damage":34,"enemies":"Orb Walker","floor":37,"turns":4},{"damage":42,"enemies":"4 Shapes","floor":38,"turns":2},{"damage":73,"enemies":"Maw","floor":39,"turns":5},{"damage":46,"enemies":"downfall:FleeingMerchant","floor":40,"turns":4},{"damage":35,"enemies":"3 Darklings","floor":44,"turns":3},{"damage":95,"enemies":"Giant Head","floor":48,"turns":5},{"damage":82,"enemies":"Writhing Mass","floor":49,"turns":4},{"damage":111,"enemies":"downfall:Defect","floor":50,"turns":6},{"damage":192,"enemies":"downfall:CharBossMerchant","floor":52,"turns":7}],"seed_played":"1485175877675570950","potions_obtained":[{"floor":5,"key":"SpeedPotion"},{"floor":12,"key":"DuplicationPotion"},{"floor":14,"key":"hexamod:EctoCoolerPotion"},{"floor":15,"key":"champ:CounterPotion"},{"floor":23,"key":"Swift Potion"},{"floor":26,"key":"SmokeBomb"},{"floor":32,"key":"SkillPotion"},{"floor":37,"key":"champ:CounterPotion"},{"floor":39,"key":"FearPotion"},{"floor":49,"key":"SteroidPotion"}],"is_trial":false,"path_per_floor":["R","M","?","?","M","E","T","R","E","E","M","M","R","M","M","B",null,"R","M","$","?","M","E","T","E","E","?","E","E","R","T","M","B",null,"R","M","M","M","M","$","T","?","$","M","R","?","R","E","M","B",null,"E"],"character_chosen":"THE_CHAMP","items_purchased":["champ:BerserkerStyle","hubris:Reverence","hubris:SlimyHat","champ:RecklessLeap","hubris:CuriousFeather","champ:RisingSlash","Fruit Juice","Secret Weapon","champ:HeartStrike"],"campfire_rested":2,"item_purchase_floors":[20,20,20,40,40,40,40,40,43],"current_hp_per_floor":[90,90,90,90,90,83,83,83,41,19,19,19,46,41,41,21,90,90,87,87,87,83,56,56,48,41,25,24,24,64,64,88,105,105,105,105,103,97,105,105,112,112,112,117,117,117,117,117,106,117,117,0,0,0],"gold":110,"neow_bonus":"ONE_RANDOM_RARE_CARD","is_daily":false,"chose_seed":false,"campfire_upgraded":5,"win_rate":0.0,"timestamp":1609165189,"path_taken":["R","M","?","?","?","E","T","R","E","E","M","M","R","M","M","BOSS","R","M","?","?","?","E","T","E","E","?","E","E","R","?","M","BOSS","R","M","M","M","?","$","T","?","?","?","R","?","R","E","M","BOSS","E"],"items_purchased_type":["Card","Relic","Relic","Card","Relic","Card","Potion","Card","Card"],"build_version":"2020-12-22","purchased_purges":1,"victory":false,"max_hp_per_floor":[90,90,90,90,90,90,90,90,90,90,90,90,90,90,90,90,90,90,90,90,90,90,90,90,90,90,90,90,90,100,100,105,105,105,105,105,105,105,105,105,112,112,112,117,117,117,117,117,117,117,117,117,117,117],"card_choices":[{"not_picked":["champ:DefensiveShout","champ:ShieldSigil"],"picked":"champ:BringItOn","floor":2},{"not_picked":["champ:GladiatorsShout","champ:Backstep"],"picked":"champ:SwordSigil","floor":5},{"not_picked":["champ:TornadoPunch","champ:SwordSigil"],"picked":"champ:ShieldSigil","floor":6},{"not_picked":["champ:FlashCut","champ:FanOfKnives"],"picked":"champ:Encircle","floor":9},{"not_picked":["champ:RisingSlash","champ:PerfectedStrike"],"picked":"champ:AdrenalArmor","floor":10},{"not_picked":["champ:RageSigil","champ:Circumvent","champ:ViciousMockery","champ:Backstep"],"picked":"SKIP","floor":11},{"not_picked":["champ:GladiatorsShout","champ:ShieldSigil","champ:EnchantShield","champ:BladeFlurry"],"picked":"SKIP","floor":12},{"not_picked":["champ:PerfectedStrike","champ:Circumvent","champ:FanOfKnives","champ:Backstep"],"picked":"SKIP","floor":14},{"not_picked":["champ:GladiatorStyle","champ:GladiatorsShout","champ:Balance"],"picked":"champ:BerserkersShout","floor":15},{"not_picked":["champ:EnchantSword","champ:Improvising","champ:CrownThrow"],"picked":"champ:VampiricStrike","floor":16},{"not_picked":["champ:CrookedStrike","champ:FlashCut","champ:EnGarde+1"],"picked":"champ:CalledShot+1","floor":19},{"not_picked":["champ:Balance+1","champ:Shatter","champ:FalseCounter"],"picked":"champ:RapidStrikes+1","floor":20},{"not_picked":["champ:RageSigil","champ:PerfectedStrike","champ:StanceDance"],"picked":"champ:DeathBlow","floor":22},{"not_picked":["champ:SteelEdge","champ:PreciseThrust","champ:GladiatorsShout"],"picked":"champ:BerserkersShout","floor":23},{"not_picked":["champ:GladiatorsShout","champ:Devastate","champ:FlashCut","champ:Haymaker+1"],"picked":"SKIP","floor":25},{"not_picked":["champ:Shatter","champ:Riposte","champ:CrookedStrike","champ:Circumvent"],"picked":"SKIP","floor":26},{"not_picked":["champ:GutPunch+1","champ:Backstep+1","champ:AdrenalArmor"],"picked":"champ:FightOn","floor":28},{"not_picked":["champ:BladeFlurry","champ:FlashCut+1","champ:GladiatorStyle"],"picked":"champ:AdrenalArmor+1","floor":32},{"not_picked":["champ:CrownThrow","champ:MurderStrike","champ:CheapShot"],"picked":"champ:LastStand","floor":33},{"not_picked":["champ:StanceDance+1","champ:Haymaker","champ:BringItOn","champ:SkillfulDodge+1"],"picked":"SKIP","floor":36},{"not_picked":["champ:Backstep","champ:RageSigil+1","champ:PerfectedStrike+1","champ:StanceDance"],"picked":"SKIP","floor":37},{"not_picked":["champ:AdrenalArmor","champ:EnragedBash+1","champ:Haymaker+1","champ:FaceSlap"],"picked":"SKIP","floor":38},{"not_picked":["champ:Circumvent+1","champ:Control","champ:FlashCut+1"],"picked":"champ:ShieldSigil","floor":39},{"not_picked":["champ:ViciousMockery","champ:DeathBlow","champ:BladeFlurry+1"],"picked":"champ:BerserkerStyle+1","floor":40},{"not_picked":["champ:PreciseThrust","champ:Circumvent","champ:Control+1"],"picked":"champ:DeathBlow","floor":44},{"not_picked":["champ:PreciseThrust+1","champ:GladiatorsShout+1","champ:FocusedGladiator+1","champ:EnragedBash"],"picked":"SKIP","floor":48},{"not_picked":["champ:RageSigil","champ:GladiatorsShout+1","champ:BladeFlurry+1"],"picked":"champ:ShieldSigil+1","floor":49}],"player_experience":514043,"relics_obtained":[{"floor":6,"key":"WingedGreaves"},{"floor":7,"key":"Mummified Hand"},{"floor":9,"key":"Mercury Hourglass"},{"floor":10,"key":"Question Card"},{"floor":23,"key":"Old Coin"},{"floor":25,"key":"champ:GladiatorsBookOfMartialProwess"},{"floor":26,"key":"Sundial"},{"floor":27,"key":"Necronomicon"},{"floor":28,"key":"Orichalcum"},{"floor":31,"key":"TungstenRod"},{"floor":41,"key":"Strawberry"},{"floor":48,"key":"CaptainsWheel"}],"event_choices":[{"damage_healed":0,"gold_gain":0,"player_choice":"Upgraded","damage_taken":0,"max_hp_gain":0,"max_hp_loss":0,"event_name":"Upgrade Shrine","floor":21,"gold_loss":0,"cards_upgraded":["champ:BerserkerStyle"]}],"is_beta":false,"boss_relics":[{"not_picked":["hubris:Stopwatch","Tiny House"],"picked":"Cursed Key"},{"not_picked":["Empty Cage","champ:PowerArmor"],"picked":"Coffee Dripper"}],"items_purged_floors":[40],"is_endless":false,"potions_floor_spawned":[5,12,14,15,23,26,29,32,37,39,49],"killed_by":"downfall:CharBossMerchant","ascension_level":3}}