{"host":"0cgp910o8339lr91","time":1609183485,"event":{"mods":["BaseMod","Colored Map","Filter the Spire","Minty Spire (QoL Compilation)","Relic Stats","Slay-I","ojb\u0027s Better Paths Mod","ojb\u0027s Info Mod"],"gold_per_floor":[114,132,132,150,168,168,203,153,153,183,183,197,197,224,224,323,323,337,357,368,39,52,79,79,114,114,139,139,39,49,74,74,178,178,192,55,98,98,98,182,182,210,210,268,368,435,467,482,482,482,482,482,212,246,246],"floor_reached":56,"playtime":7695,"items_purged":["Eruption","Establishment+1","LessonLearned"],"score":2326,"play_id":"5c052dd1-578d-4ee6-8c09-858e3b6c7f74","local_time":"20201228202445","is_ascension_mode":true,"campfire_choices":[{"data":"TalkToTheHand","floor":6.0,"key":"SMITH"},{"data":"Vault","floor":11.0,"key":"SMITH"},{"data":"TalkToTheHand","floor":15.0,"key":"SMITH"},{"floor":28.0,"key":"DIG"},{"floor":32.0,"key":"DIG"},{"floor":41.0,"key":"DIG"},{"floor":49,"key":"RECALL"},{"floor":52,"key":"DIG"}],"circlet_count":0,"master_deck":["Vault+1","Adaptation+1","EmptyBody+1","JustLucky","EmptyMind+1","ThirdEye+1","Tantrum+1","Consecrate+1","Tantrum+1","FlurryOfBlows+1","TalkToTheHand+1","DeceiveReality","TalkToTheHand+1","TalkToTheHand+1","CurseOfTheBell","MentalFortress+1","Consecrate+1","Omniscience+1","Adaptation+1","FearNoEvil+1","DeceiveReality+1","CutThroughFate+1","Omniscience+1","WaveOfTheHand+1","Wish","Deep Breath+1","Dramatic Entrance+1","FlurryOfBlows+1","DeceiveReality+1","Wireheading+1","CutThroughFate+1","Establishment+1","MentalFortress+1"],"relics":["Pandora\u0027s Box","WarpedTongs","Dream Catcher","Pen Nib","Blue Candle","Frozen Egg 2","Calling Bell","Tiny Chest","Pantograph","Shovel","Meat on the Bone","Bronze Scales","Happy Flower","Molten Egg 2","Singing Bowl","Du-Vu Doll","Smiling Mask","Coffee Dripper","Yang","TeardropLocket","Question Card","Girya","Pear","Bottled Lightning","Pocketwatch","Thread and Needle","Shuriken","Frozen Eye","Strawberry"],"acts_visited":["Exordium","TheCity","TheBeyond","TheEnding"],"potions_floor_usage":[48,54],"damage_taken":[{"damage":2.0,"enemies":"Small Slimes","floor":1.0,"turns":4.0},{"damage":0.0,"enemies":"Cultist","floor":2.0,"turns":3.0},{"damage":1.0,"enemies":"2 Louse","floor":4.0,"turns":2.0},{"damage":2.0,"enemies":"Looter","floor":5.0,"turns":3.0},{"damage":24.0,"enemies":"3 Sentries","floor":7.0,"turns":3.0},{"damage":0.0,"enemies":"Gremlin Nob","floor":10.0,"turns":3.0},{"damage":0.0,"enemies":"Lots of Slimes","floor":12.0,"turns":1.0},{"damage":0.0,"enemies":"Lagavulin","floor":14.0,"turns":6.0},{"damage":0.0,"enemies":"Slime Boss","floor":16.0,"turns":4.0},{"damage":6.0,"enemies":"2 Thieves","floor":18.0,"turns":4.0},{"damage":1.0,"enemies":"Chosen","floor":19.0,"turns":3.0},{"damage":5.0,"enemies":"Centurion and Healer","floor":20.0,"turns":5.0},{"damage":0.0,"enemies":"Snake Plant","floor":22.0,"turns":7.0},{"damage":5.0,"enemies":"Book of Stabbing","floor":23.0,"turns":5.0},{"damage":52.0,"enemies":"Slavers","floor":25.0,"turns":4.0},{"damage":0.0,"enemies":"Gremlin Leader","floor":27.0,"turns":5.0},{"damage":5.0,"enemies":"Snecko","floor":30.0,"turns":6.0},{"damage":1.0,"enemies":"Book of Stabbing","floor":31.0,"turns":3.0},{"damage":1.0,"enemies":"Collector","floor":33.0,"turns":6.0},{"damage":15.0,"enemies":"3 Shapes","floor":35.0,"turns":4.0},{"damage":1.0,"enemies":"Orb Walker","floor":37.0,"turns":5.0},{"damage":1.0,"enemies":"Giant Head","floor":40.0,"turns":6.0},{"damage":0,"enemies":"Reptomancer","floor":42,"turns":2},{"damage":1,"enemies":"Nemesis","floor":44,"turns":8},{"damage":1,"enemies":"Mind Bloom Boss Battle","floor":45,"turns":5},{"damage":10,"enemies":"4 Shapes","floor":46,"turns":5},{"damage":1,"enemies":"Giant Head","floor":47,"turns":5},{"damage":1,"enemies":"Writhing Mass","floor":48,"turns":5},{"damage":12,"enemies":"Time Eater","floor":50,"turns":9},{"damage":1,"enemies":"Shield and Spear","floor":54,"turns":5},{"damage":37,"enemies":"The Heart","floor":55,"turns":7}],"seed_played":"-2473777316859472511","potions_obtained":[{"floor":2.0,"key":"BottledMiracle"},{"floor":5.0,"key":"Block Potion"},{"floor":14.0,"key":"FairyPotion"},{"floor":18.0,"key":"ColorlessPotion"},{"floor":19.0,"key":"DistilledChaos"},{"floor":27.0,"key":"ColorlessPotion"},{"floor":30.0,"key":"BottledMiracle"},{"floor":40.0,"key":"Strength Potion"},{"floor":44,"key":"Weak Potion"},{"floor":45,"key":"Swift Potion"}],"is_trial":false,"path_per_floor":["M","M","?","M","M","R","E","?","T","E","R","M","?","E","R","B",null,"M","M","M","$","M","E","?","E","T","E","R","$","M","E","R","B",null,"M","$","M","?","T","E","R","E","T","E","?","M","E","M","R","B",null,"R","$","E","B",null],"character_chosen":"WATCHER","items_purchased":["Meat on the Bone","Wish","Frozen Eye","GamblersBrew"],"campfire_rested":0,"item_purchase_floors":[21,36,53,53],"current_hp_per_floor":[63,63,63,62,60,60,36,36,36,36,36,36,36,36,36,36,63,57,56,51,51,51,46,46,33,33,45,45,45,40,41,41,65,72,57,57,58,50,50,49,49,49,59,58,82,72,73,72,72,78,87,87,87,95,62],"gold":246,"neow_bonus":"BOSS_RELIC","is_daily":false,"chose_seed":false,"campfire_upgraded":3,"win_rate":0.0,"timestamp":1609183485,"path_taken":["M","M","?","?","?","R","E","?","T","E","R","M","?","E","R","BOSS","M","M","?","$","M","E","?","E","T","E","R","$","M","E","R","BOSS","M","$","M","?","?","E","R","E","T","E","?","M","E","M","R","BOSS","R","$","E","BOSS"],"items_purchased_type":["Relic","Card","Relic","Potion"],"build_version":"2020-12-22","purchased_purges":3,"victory":true,"max_hp_per_floor":[72,72,72,72,72,72,72,72,72,72,72,72,72,72,72,72,72,72,72,72,72,72,72,72,72,72,72,72,72,72,74,74,74,74,74,74,76,78,78,78,78,78,88,88,88,88,90,90,90,90,90,90,90,99,99],"relic_stats":{"Happy Flower":[28],"Singing Bowl":10,"counters":[31,143],"Blue Candle":[16],"Yang":[207],"Pen Nib":[39],"Smiling Mask":75,"Question Card":7,"WarpedTongs":[120],"Dream Catcher":0,"Shovel":4,"Shuriken":[10],"Pantograph":72,"Bronze Scales":[210],"Pandora\u0027s Box":["Vault","Adaptation","EmptyBody","JustLucky","EmptyMind","ThirdEye","Establishment","Tantrum"],"Tiny Chest":1,"obtain_stats":[{"Singing Bowl":28,"Yang":39,"TeardropLocket":40,"Smiling Mask":32,"Frozen Eye":53,"Dream Catcher":7,"Shovel":17,"Pantograph":17,"Strawberry":54,"Tiny Chest":17,"Girya":42,"Pear":43,"Happy Flower":25,"Blue Candle":10,"Thread and Needle":47,"Pen Nib":9,"Frozen Egg 2":14,"Question Card":41,"WarpedTongs":3,"Calling Bell":17,"Du-Vu Doll":31,"Shuriken":52,"Bronze Scales":23,"Pandora\u0027s Box":0,"Molten Egg 2":27,"Coffee Dripper":34,"Bottled Lightning":44,"PureWater":0,"Meat on the Bone":21,"Pocketwatch":45},{"Singing Bowl":16,"Yang":21,"TeardropLocket":22,"Smiling Mask":18,"Frozen Eye":29,"Dream Catcher":5,"Shovel":9,"Pantograph":9,"Strawberry":30,"Tiny Chest":9,"Girya":23,"Pear":23,"Happy Flower":15,"Blue Candle":6,"Thread and Needle":27,"Pen Nib":5,"Frozen Egg 2":8,"Question Card":22,"WarpedTongs":2,"Calling Bell":9,"Du-Vu Doll":18,"Shuriken":29,"Bronze Scales":14,"Pandora\u0027s Box":0,"Molten Egg 2":16,"Coffee Dripper":19,"Bottled Lightning":24,"PureWater":0,"Meat on the Bone":12,"Pocketwatch":25},{"Singing Bowl":62,"Yang":86,"TeardropLocket":92,"Smiling Mask":71,"Frozen Eye":131,"Dream Catcher":15,"Shovel":29,"Pantograph":29,"Strawberry":136,"Tiny Chest":29,"Girya":94,"Pear":94,"Happy Flower":57,"Blue Candle":18,"Thread and Needle":117,"Pen Nib":15,"Frozen Egg 2":25,"Question Card":92,"WarpedTongs":7,"Calling Bell":29,"Du-Vu Doll":71,"Shuriken":131,"Bronze Scales":53,"Pandora\u0027s Box":0,"Molten Egg 2":62,"Coffee Dripper":77,"Bottled Lightning":102,"PureWater":0,"Meat on the Bone":41,"Pocketwatch":107}],"Meat on the Bone":24,"Pocketwatch":[6]},"card_choices":[{"not_picked":["Prostrate","Pray"],"picked":"Consecrate","floor":1.0},{"not_picked":["SignatureMove","PathToVictory"],"picked":"Tantrum","floor":2.0},{"not_picked":["Indignation","BowlingBash"],"picked":"FlurryOfBlows","floor":4.0},{"not_picked":["EmptyMind","ThirdEye"],"picked":"TalkToTheHand","floor":5.0},{"not_picked":["ClearTheMind","ThirdEye","Establishment"],"picked":"SKIP","floor":7.0},{"not_picked":["Ragnarok","Evaluate"],"picked":"DeceiveReality","floor":10.0},{"not_picked":["PathToVictory","EmptyBody"],"picked":"TalkToTheHand","floor":12.0},{"not_picked":["Consecrate","SashWhip","ClearTheMind"],"picked":"SKIP","floor":14.0},{"not_picked":["SpiritShield","Wish"],"picked":"LessonLearned","floor":16.0},{"not_picked":["FlyingSleeves","ThirdEye"],"picked":"MentalFortress+1","floor":18.0},{"not_picked":["CarveReality","Wallop+1"],"picked":"Consecrate+1","floor":19.0},{"not_picked":["JustLucky","Wallop","PathToVictory"],"picked":"SKIP","floor":20.0},{"not_picked":["Evaluate","Nirvana+1"],"picked":"Omniscience","floor":22.0},{"not_picked":["PathToVictory","ForeignInfluence"],"picked":"Adaptation+1","floor":23.0},{"not_picked":["Collect","FlyingSleeves"],"picked":"FearNoEvil+1","floor":25.0},{"not_picked":["Consecrate+1","Protect+1"],"picked":"DeceiveReality","floor":27.0},{"not_picked":["Fasting2+1","Evaluate"],"picked":"CutThroughFate+1","floor":30.0},{"not_picked":["SignatureMove+1","Worship","Indignation"],"picked":"Singing Bowl","floor":31.0},{"not_picked":["Judgement","Brilliance+1"],"picked":"Omniscience","floor":33.0},{"not_picked":["Halt+1","Protect"],"picked":"WaveOfTheHand","floor":35.0},{"not_picked":["Halt","Protect+1","Evaluate+1"],"picked":"Singing Bowl","floor":37.0},{"not_picked":["Swift Strike+1","Enlightenment"],"picked":"Deep Breath","floor":38.0},{"not_picked":["Deep Breath","Finesse"],"picked":"Dramatic Entrance+1","floor":38.0},{"not_picked":["Blind","Forethought","Trip"],"picked":"Singing Bowl","floor":38.0},{"not_picked":["Protect+1","WreathOfFlame"],"picked":"FlurryOfBlows+1","floor":40.0},{"not_picked":["EmptyBody","LikeWater+1","Protect+1"],"picked":"DeceiveReality+1","floor":42},{"not_picked":["BattleHymn+1","CarveReality+1","EmptyFist+1"],"picked":"Wireheading+1","floor":44},{"not_picked":["BowlingBash+1","Protect","SashWhip+1"],"picked":"CutThroughFate+1","floor":45},{"not_picked":["FollowUp+1","JustLucky+1","CutThroughFate+1"],"picked":"Establishment+1","floor":46},{"not_picked":["BattleHymn+1","CrushJoints+1","PathToVictory+1","Judgement"],"picked":"Singing Bowl","floor":47},{"not_picked":["FlyingSleeves+1","Crescendo","Swivel+1"],"picked":"MentalFortress+1","floor":48},{"not_picked":["Crescendo+1","EmptyFist+1","FollowUp+1","JustLucky+1"],"picked":"Singing Bowl","floor":54}],"player_experience":1083062,"relics_obtained":[{"floor":7.0,"key":"Dream Catcher"},{"floor":9.0,"key":"Pen Nib"},{"floor":10.0,"key":"Blue Candle"},{"floor":14.0,"key":"Frozen Egg 2"},{"floor":17.0,"key":"Tiny Chest"},{"floor":17.0,"key":"Pantograph"},{"floor":17.0,"key":"Shovel"},{"floor":23.0,"key":"Bronze Scales"},{"floor":25.0,"key":"Happy Flower"},{"floor":27.0,"key":"Molten Egg 2"},{"floor":28.0,"key":"Singing Bowl"},{"floor":31.0,"key":"Du-Vu Doll"},{"floor":32.0,"key":"Smiling Mask"},{"floor":39.0,"key":"Yang"},{"floor":40.0,"key":"TeardropLocket"},{"floor":41.0,"key":"Question Card"},{"floor":42,"key":"Girya"},{"floor":43,"key":"Pear"},{"floor":44,"key":"Bottled Lightning"},{"floor":45,"key":"Pocketwatch"},{"floor":47,"key":"Thread and Needle"},{"floor":52,"key":"Shuriken"},{"floor":54,"key":"Strawberry"}],"event_choices":[{"damage_healed":0.0,"max_hp_gain":0.0,"max_hp_loss":0.0,"gold_gain":0.0,"event_name":"Accursed Blacksmith","player_choice":"Rummage","floor":3.0,"gold_loss":0.0,"damage_taken":0.0,"relics_obtained":["WarpedTongs"],"cards_obtained":["Pain"]},{"cards_removed":["Pain"],"damage_healed":0.0,"max_hp_gain":0.0,"max_hp_loss":0.0,"gold_gain":0.0,"event_name":"The Cleric","player_choice":"Card Removal","floor":8.0,"gold_loss":50.0,"damage_taken":0.0},{"damage_healed":0.0,"max_hp_gain":0.0,"max_hp_loss":0.0,"gold_gain":0.0,"event_name":"Match and Keep!","player_choice":"1 cards matched","floor":13.0,"gold_loss":0.0,"damage_taken":0.0,"cards_obtained":["TalkToTheHand"]},{"cards_removed":["Vigilance"],"damage_healed":0.0,"max_hp_gain":0.0,"max_hp_loss":0.0,"gold_gain":0.0,"event_name":"Back to Basics","player_choice":"Elegance","floor":24.0,"gold_loss":0.0,"damage_taken":0.0},{"damage_healed":0.0,"max_hp_gain":0.0,"max_hp_loss":0.0,"gold_gain":0.0,"event_name":"SensoryStone","player_choice":"Memory 3","floor":38.0,"gold_loss":0.0,"damage_taken":10.0},{"damage_healed":0,"gold_gain":0,"player_choice":"Fight","damage_taken":0,"max_hp_gain":0,"max_hp_loss":0,"event_name":"MindBloom","floor":45,"gold_loss":0}],"is_beta":false,"boss_relics":[{"not_picked":["Ectoplasm","Runic Dome"],"picked":"Calling Bell"},{"not_picked":["VioletLotus","Astrolabe"],"picked":"Coffee Dripper"}],"items_purged_floors":[21,29,53],"is_endless":false,"potions_floor_spawned":[2,5,14,18,19,27,30,40,44,45,46,47],"ascension_level":9}}