{"host":"ix2a18c4ohfsrslv","time":1609141198,"event":{"mods":["BaseMod","Better Third Choice","Downfall","Minty Spire (QoL Compilation)","Replay The Spire","StSLib","The Disciple"],"gold_per_floor":[112,112,14,32,48,48,48,61,61,61,80,80,80,92,92,195,195,205,22,33,33,8,8,8],"floor_reached":23,"playtime":1072,"items_purged":[],"score":206,"play_id":"91a59322-7f49-444f-ad62-1f3aaa457332","local_time":"20201227233958","is_ascension_mode":false,"campfire_choices":[{"data":"ReapSow","floor":6,"key":"SMITH"},{"data":"Allegro","floor":10,"key":"SMITH"},{"floor":15,"key":"REST"}],"circlet_count":0,"master_deck":["Strike_Br","Strike_Br","Strike_Br","Strike_Br","Defend_Br","Defend_Br","Defend_Br","Defend_Br","SecondHand","PatternShift","LockedBlood","ReapSow+7","LockedBlood","LockedUrn+1","Allegro+1","CrunchTime","LockedMercury","Decay","CurseOfTheBell","LockedWarPaint","LockedAnchor+1","LockedBlood","LockedBlood+1"],"relics":["Chronometer","NeowsBlessing","champ:DuelingGlove","Letter Opener","Bottled Flame","Scales?","Calling Bell","Ancient Tea Set","Golden Egg","Gambling Chip","Membership Card"],"acts_visited":["Exordium","TheCity"],"potions_floor_usage":[16,23],"damage_taken":[{"damage":0,"enemies":"Cultist","floor":1,"turns":1},{"damage":0,"enemies":"Small Slimes","floor":4,"turns":1},{"damage":0,"enemies":"2 Louse","floor":5,"turns":1},{"damage":34,"enemies":"Exordium Thugs","floor":8,"turns":5},{"damage":18,"enemies":"Blue Slaver","floor":11,"turns":5},{"damage":9,"enemies":"Lots of Slimes","floor":14,"turns":4},{"damage":45,"enemies":"The Guardian","floor":16,"turns":8},{"damage":18,"enemies":"Chosen","floor":18,"turns":6},{"damage":5,"enemies":"3 Byrds","floor":20,"turns":3},{"damage":104,"enemies":"Slavers","floor":23,"turns":6}],"seed_played":"-6084250457146632840","potions_obtained":[{"floor":1,"key":"DistilledChaos"},{"floor":11,"key":"CultistPotion"},{"floor":16,"key":"Dexterity Potion"}],"is_trial":false,"path_per_floor":["M","?","$","M","M","R","T","M","T","R","M","?","?","M","R","B",null,"M","$","M","?","$","E"],"character_chosen":"CHRONO_CLASS","items_purchased":["ReapSow","LockedBlood","Membership Card","LockedAnchor","LockedBlood"],"campfire_rested":1,"item_purchase_floors":[3,3,19,19,22],"current_hp_per_floor":[65,65,65,65,65,65,65,43,43,43,35,35,35,32,51,20,65,49,49,52,52,52,0,0],"gold":8,"neow_bonus":"THREE_ENEMY_KILL","is_daily":false,"chose_seed":false,"campfire_upgraded":2,"win_rate":0.0,"timestamp":1609141198,"path_taken":["M","?","$","?","M","R","?","M","T","R","M","?","?","M","R","BOSS","M","$","M","?","?","E"],"items_purchased_type":["Card","Card","Relic","Card","Card"],"build_version":"2020-12-22","purchased_purges":0,"victory":false,"max_hp_per_floor":[65,65,65,65,65,65,65,65,65,65,65,65,65,65,65,65,65,65,65,65,65,65,65,65],"card_choices":[{"not_picked":["BlueShift","Echoward"],"picked":"LockedBlood","floor":1},{"not_picked":["AlternateTimeline","CrunchTime"],"picked":"Tempo","floor":4},{"not_picked":["Engulf","Echoward"],"picked":"LockedUrn","floor":5},{"not_picked":["BiteCommand","PrimeTime"],"picked":"CrunchTime","floor":8},{"not_picked":["EscortCommand","FormalWear"],"picked":"LockedMercury","floor":11},{"not_picked":["AlternateTimeline","TiringSlam","OverTime"],"picked":"SKIP","floor":14},{"not_picked":["Recurrance","EscortCommand+1"],"picked":"LockedWarPaint","floor":18},{"not_picked":["LockedAnchor","LockedWhetstone"],"picked":"LockedBlood","floor":20}],"player_experience":152696,"relics_obtained":[{"floor":7,"key":"Letter Opener"},{"floor":9,"key":"Bottled Flame"},{"floor":17,"key":"Ancient Tea Set"},{"floor":17,"key":"Golden Egg"},{"floor":17,"key":"Gambling Chip"}],"event_choices":[{"damage_healed":0,"gold_gain":0,"player_choice":"Gave Potion","damage_taken":0,"relics_obtained":["champ:DuelingGlove"],"max_hp_gain":0,"max_hp_loss":0,"event_name":"WeMeetAgain","floor":2,"gold_loss":0},{"damage_healed":0,"gold_gain":0,"player_choice":"Cursed","damage_taken":0,"max_hp_gain":0,"max_hp_loss":0,"event_name":"Wheel of Change","floor":13,"gold_loss":0,"cards_obtained":["Decay"]},{"damage_healed":0,"gold_gain":0,"player_choice":"Upgraded","damage_taken":0,"max_hp_gain":0,"max_hp_loss":0,"event_name":"Upgrade Shrine","floor":21,"gold_loss":0,"cards_upgraded":["LockedUrn"]}],"is_beta":false,"boss_relics":[{"not_picked":["SlaversCollar","Astrolabe"],"picked":"Calling Bell"}],"items_purged_floors":[],"is_endless":false,"potions_floor_spawned":[1,11,16],"killed_by":"Slavers","ascension_level":0}}