{"host":"a5lz0e76zb3fcwkm","time":1609161414,"event":{"mods":["AchievementEnabler","BaseMod","Colored Map","Colored Powertips","Minty Spire (QoL Compilation)","StSLib","SuperFastMode"],"gold_per_floor":[114,114,189,189,209,242,242,271,296,307,307,81,101,112,112,191,191,205,223,240,155,155,155,80,109,109,137,137,148,166,66,66,144,144,157,182,182,202,218,250,250,279,351,351,351,405,194,194,194,194,194,194,194,54,85,85],"floor_reached":57,"playtime":1932,"items_purged":["Strike_R","Bite","Pain"],"score":3087,"play_id":"f991cdbe-b169-4d33-8cab-ae7d04cca9bc","local_time":"20201228221654","is_ascension_mode":true,"campfire_choices":[{"data":"Fire Breathing","floor":7.0,"key":"SMITH"},{"data":"Evolve","floor":11.0,"key":"SMITH"},{"data":"Barricade","floor":15.0,"key":"SMITH"},{"data":"Power Through","floor":23.0,"key":"SMITH"},{"data":"Entrench","floor":28,"key":"SMITH"},{"floor":32,"key":"REST"},{"data":"Apotheosis","floor":41,"key":"SMITH"},{"floor":44,"key":"RECALL"},{"data":"Offering","floor":49,"key":"SMITH"},{"data":"Master of Strategy","floor":53,"key":"SMITH"}],"circlet_count":0,"master_deck":["AscendersBane","Defend_R","Defend_R","Defend_R","Defend_R","Bash","Fire Breathing+1","Evolve+1","Burning Pact","Barricade+1","Wild Strike+1","Power Through+1","Sentinel+1","Warcry+1","Body Slam+1","Bite","Bite+1","Shrug It Off","Entrench+1","Seeing Red","Second Wind","Master of Strategy+1","Apotheosis+1","Offering+1","Battle Trance"],"relics":["Burning Blood","NeowsBlessing","Ancient Tea Set","Matryoshka","Art of War","Bronze Scales","Potion Belt","Cursed Key","Anchor","Strawberry","Akabeko","Coffee Dripper","Thread and Needle","Magic Flower","MealTicket","InkBottle","Dead Branch","Whetstone"],"acts_visited":["Exordium","TheCity","TheBeyond","TheEnding"],"potions_floor_usage":[27,27,38,42,51,56,56,56],"damage_taken":[{"damage":0.0,"enemies":"Jaw Worm","floor":1.0,"turns":1.0},{"damage":0.0,"enemies":"2 Louse","floor":5.0,"turns":1.0},{"damage":0.0,"enemies":"Gremlin Nob","floor":6.0,"turns":1.0},{"damage":15.0,"enemies":"3 Sentries","floor":8.0,"turns":4.0},{"damage":2.0,"enemies":"Cultist","floor":10.0,"turns":4.0},{"damage":15.0,"enemies":"Lots of Slimes","floor":13.0,"turns":4.0},{"damage":8.0,"enemies":"3 Louse","floor":14.0,"turns":3.0},{"damage":0.0,"enemies":"Slime Boss","floor":16.0,"turns":5.0},{"damage":0.0,"enemies":"Chosen","floor":18.0,"turns":5.0},{"damage":12.0,"enemies":"Spheric Guardian","floor":19.0,"turns":5.0},{"damage":16.0,"enemies":"Centurion and Healer","floor":20.0,"turns":7.0},{"damage":45.0,"enemies":"Book of Stabbing","floor":25.0,"turns":5.0},{"damage":33,"enemies":"Slavers","floor":27,"turns":4},{"damage":18,"enemies":"3 Cultists","floor":29,"turns":4},{"damage":0,"enemies":"Snake Plant","floor":30,"turns":4},{"damage":15,"enemies":"Collector","floor":33,"turns":9},{"damage":29,"enemies":"Orb Walker","floor":35,"turns":4},{"damage":0,"enemies":"Mind Bloom Boss Battle","floor":36,"turns":6},{"damage":0,"enemies":"3 Darklings","floor":38,"turns":4},{"damage":0,"enemies":"4 Shapes","floor":39,"turns":2},{"damage":0,"enemies":"Giant Head","floor":40,"turns":6},{"damage":0,"enemies":"Reptomancer","floor":42,"turns":5},{"damage":22,"enemies":"2 Orb Walkers","floor":46,"turns":4},{"damage":6,"enemies":"Donu and Deca","floor":50,"turns":4},{"damage":24,"enemies":"Time Eater","floor":51,"turns":8},{"damage":22,"enemies":"Shield and Spear","floor":55,"turns":5},{"damage":20,"enemies":"The Heart","floor":56,"turns":10}],"seed_played":"4519285580782347166","potions_obtained":[{"floor":6.0,"key":"Regen Potion"},{"floor":8.0,"key":"AttackPotion"},{"floor":10.0,"key":"Fire Potion"},{"floor":16.0,"key":"PowerPotion"},{"floor":25.0,"key":"Weak Potion"},{"floor":27,"key":"SteroidPotion"},{"floor":29,"key":"SkillPotion"},{"floor":33,"key":"ColorlessPotion"},{"floor":35,"key":"Regen Potion"},{"floor":38,"key":"FearPotion"},{"floor":40,"key":"Dexterity Potion"}],"is_trial":false,"path_per_floor":["M","?","?","?","M","E","R","E","T","M","R","$","M","M","R","B",null,"M","M","M","?","?","R","?","E","T","E","R","M","M","$","R","B",null,"M","?","?","M","M","E","R","E","T","R","?","?","$","?","R","B","B",null,"R","$","E","B",null],"character_chosen":"IRONCLAD","items_purchased":["Barricade","Regen Potion","BloodPotion","Battle Trance"],"campfire_rested":1,"item_purchase_floors":[12,47,54,54],"current_hp_per_floor":[74,63,52,52,60,68,68,61,61,67,67,67,60,60,60,68,73,75,69,61,61,61,61,61,39,39,28,28,22,34,34,58,69,79,62,74,64,82,82,82,82,82,82,82,82,69,82,78,78,78,78,78,78,78,78,78],"gold":85,"neow_bonus":"THREE_ENEMY_KILL","is_daily":false,"chose_seed":false,"campfire_upgraded":8,"win_rate":0.0,"timestamp":1609161414,"path_taken":["M","?","?","?","M","E","R","E","T","?","R","$","M","M","R","BOSS","M","M","?","?","?","R","?","E","T","E","R","M","?","?","R","BOSS","M","?","?","M","M","E","R","E","T","R","?","?","?","?","R","BOSS","BOSS","R","$","E","BOSS"],"items_purchased_type":["Card","Potion","Potion","Card"],"build_version":"2020-12-22","purchased_purges":3,"victory":true,"max_hp_per_floor":[75,75,75,75,75,75,75,75,75,75,75,75,75,75,75,75,75,75,75,75,75,75,75,75,82,82,82,82,82,82,82,82,82,82,82,82,82,82,82,82,82,82,82,82,82,82,82,78,78,78,78,78,78,78,78,78],"card_choices":[{"not_picked":["Headbutt","Iron Wave"],"picked":"Combust","floor":1.0},{"not_picked":["Headbutt","Anger"],"picked":"Fire Breathing","floor":5.0},{"not_picked":["Fire Breathing","Perfected Strike"],"picked":"Evolve","floor":6.0},{"not_picked":["Bloodletting","Twin Strike"],"picked":"Burning Pact","floor":8.0},{"not_picked":["Juggernaut","Heavy Blade","Pummel"],"picked":"SKIP","floor":10.0},{"not_picked":["Feel No Pain","True Grit"],"picked":"Wild Strike","floor":13.0},{"not_picked":["Rampage","Disarm"],"picked":"Power Through","floor":14.0},{"not_picked":["Headbutt","Combust"],"picked":"Sentinel+1","floor":18.0},{"not_picked":["Iron Wave","Pummel"],"picked":"Warcry+1","floor":19.0},{"not_picked":["Anger","Shrug It Off"],"picked":"Body Slam+1","floor":20.0},{"not_picked":["Flex","Demon Form"],"picked":"Shrug It Off","floor":25.0},{"not_picked":["Flex","Reckless Charge"],"picked":"Entrench","floor":27},{"not_picked":["Uppercut","Shrug It Off"],"picked":"Seeing Red","floor":29},{"not_picked":["Headbutt","True Grit","Flex"],"picked":"SKIP","floor":30},{"not_picked":["Searing Blow","Inflame"],"picked":"Second Wind","floor":35},{"not_picked":["Jack Of All Trades","Purity"],"picked":"Master of Strategy","floor":37},{"not_picked":["Transmutation","Impatience"],"picked":"Apotheosis","floor":37},{"not_picked":["Twin Strike","Heavy Blade","Body Slam"],"picked":"SKIP","floor":38},{"not_picked":["Dropkick","Perfected Strike","Pummel"],"picked":"SKIP","floor":39},{"not_picked":["Fiend Fire","Headbutt+1","Shrug It Off"],"picked":"SKIP","floor":40},{"not_picked":["Fiend Fire","Headbutt+1","Shrug It Off"],"picked":"SKIP","floor":40},{"not_picked":["True Grit+1","Feel No Pain"],"picked":"Offering","floor":42},{"not_picked":["Clash","Thunderclap","Clothesline"],"picked":"SKIP","floor":55}],"player_experience":1655540,"relics_obtained":[{"floor":6.0,"key":"Matryoshka"},{"floor":8.0,"key":"Art of War"},{"floor":9.0,"key":"Bronze Scales"},{"floor":9.0,"key":"Potion Belt"},{"floor":25.0,"key":"Strawberry"},{"floor":27,"key":"Akabeko"},{"floor":36,"key":"Thread and Needle"},{"floor":40,"key":"Magic Flower"},{"floor":42,"key":"MealTicket"},{"floor":43,"key":"InkBottle"},{"floor":46,"key":"Dead Branch"},{"floor":55,"key":"Whetstone"}],"event_choices":[{"damage_healed":0.0,"max_hp_gain":0.0,"max_hp_loss":0.0,"gold_gain":0.0,"event_name":"Scrap Ooze","player_choice":"Success","floor":2.0,"gold_loss":0.0,"damage_taken":11.0,"relics_obtained":["Ancient Tea Set"]},{"damage_healed":0.0,"max_hp_gain":0.0,"max_hp_loss":0.0,"gold_gain":75.0,"event_name":"World of Goop","player_choice":"Gather Gold","floor":3.0,"gold_loss":0.0,"damage_taken":11.0},{"cards_removed":["Combust"],"damage_healed":0.0,"max_hp_gain":0.0,"max_hp_loss":0.0,"gold_gain":0.0,"event_name":"WeMeetAgain","player_choice":"Gave Card","floor":4.0,"gold_loss":0.0,"damage_taken":0.0,"relics_obtained":["Blood Vial"]},{"damage_healed":0.0,"max_hp_gain":0.0,"max_hp_loss":0.0,"gold_gain":0.0,"event_name":"Addict","player_choice":"Obtained Relic","floor":21.0,"gold_loss":85.0,"damage_taken":0.0,"relics_obtained":["Anchor"]},{"damage_healed":0.0,"max_hp_gain":0.0,"max_hp_loss":0.0,"gold_gain":0.0,"event_name":"Vampires","player_choice":"Became a vampire (Vial)","floor":22.0,"relics_lost":["Blood Vial"],"gold_loss":0.0,"damage_taken":0.0,"cards_obtained":["Bite","Bite","Bite","Bite","Bite"]},{"cards_removed":["Bite"],"damage_healed":0.0,"max_hp_gain":0.0,"max_hp_loss":0.0,"gold_gain":0.0,"event_name":"Beggar","player_choice":"Gave Gold","floor":24.0,"gold_loss":75.0,"damage_taken":0.0},{"damage_healed":0,"gold_gain":0,"player_choice":"Fight","damage_taken":0,"max_hp_gain":0,"max_hp_loss":0,"event_name":"MindBloom","floor":36,"gold_loss":0},{"damage_healed":0,"gold_gain":0,"player_choice":"Memory 3","damage_taken":10,"max_hp_gain":0,"max_hp_loss":0,"event_name":"SensoryStone","floor":37,"gold_loss":0},{"cards_removed":["Bite"],"damage_healed":0,"gold_gain":0,"player_choice":"Removed Attack","damage_taken":0,"max_hp_gain":0,"max_hp_loss":0,"event_name":"Falling","floor":45,"gold_loss":0},{"damage_healed":0,"gold_gain":0,"player_choice":"Fight","damage_taken":0,"max_hp_gain":0,"max_hp_loss":0,"event_name":"Mysterious Sphere","floor":46,"gold_loss":0},{"damage_healed":0,"gold_gain":0,"player_choice":"Max HP","damage_taken":0,"max_hp_gain":0,"max_hp_loss":4,"event_name":"Winding Halls","floor":48,"gold_loss":0}],"is_beta":false,"boss_relics":[{"not_picked":["Sozu","SlaversCollar"],"picked":"Cursed Key"},{"not_picked":["Snecko Eye","Calling Bell"],"picked":"Coffee Dripper"}],"items_purged_floors":[12,31,47],"is_endless":false,"potions_floor_spawned":[6,8,10,16,25,27,29,33,35,38,39,40,55],"ascension_level":20}}