{"host":"Ian","time":1609150863,"event":{"mods":["BaseMod","Bestiary","Block Reminder","Colored Map","Highlight Path","Key Reminder","Minty Spire (QoL Compilation)","Relic Stats"],"gold_per_floor":[109,126,51,69,81,115,132,162,185,220,40,52,52,83,83,83,83],"floor_reached":16,"playtime":683,"items_purged":["Defend_R","Defend_R"],"score":244,"play_id":"034250d7-5790-4e0e-9c3e-0341752ef919","local_time":"20201228102103","is_ascension_mode":true,"campfire_choices":[{"floor":13,"key":"REST"},{"data":"Combust","floor":15,"key":"SMITH"}],"circlet_count":0,"master_deck":["AscendersBane","Strike_R","Strike_R","Defend_R","Defend_R","Bash","Disarm+1","Armaments+1","Impervious+1","Rampage","Body Slam","Cleave","Shrug It Off","Combust+1","Thunderclap","Burning Pact"],"relics":["Astrolabe","Shuriken","Potion Belt","Dream Catcher","Juzu Bracelet"],"acts_visited":["Exordium"],"potions_floor_usage":[7,14,14,14],"damage_taken":[{"damage":3,"enemies":"Cultist","floor":1,"turns":4},{"damage":4,"enemies":"Small Slimes","floor":2,"turns":8},{"damage":0,"enemies":"2 Louse","floor":4,"turns":3},{"damage":0,"enemies":"2 Fungi Beasts","floor":5,"turns":3},{"damage":8,"enemies":"Lagavulin","floor":6,"turns":7},{"damage":2,"enemies":"Gremlin Gang","floor":7,"turns":3},{"damage":31,"enemies":"Gremlin Nob","floor":10,"turns":4},{"damage":6,"enemies":"3 Louse","floor":12,"turns":2},{"damage":6,"enemies":"3 Sentries","floor":14,"turns":4},{"damage":54,"enemies":"Slime Boss","floor":16,"turns":7}],"seed_played":"5967978694965950532","potions_obtained":[{"floor":6,"key":"Energy Potion"},{"floor":10,"key":"Block Potion"},{"floor":12,"key":"Fire Potion"},{"floor":14,"key":"Ancient Potion"}],"is_trial":false,"path_per_floor":["M","M","$","M","M","E","M","?","T","E","$","M","R","E","R","B"],"character_chosen":"IRONCLAD","items_purchased":["Regen Potion"],"campfire_rested":1,"item_purchase_floors":[11],"current_hp_per_floor":[65,61,61,61,61,53,51,51,51,20,20,14,36,44,44,0,0],"gold":83,"neow_bonus":"BOSS_RELIC","is_daily":false,"chose_seed":false,"campfire_upgraded":1,"win_rate":0.0,"timestamp":1609150863,"path_taken":["M","M","$","?","M","E","M","?","T","E","$","M","R","E","R","BOSS"],"items_purchased_type":["Potion"],"build_version":"2020-12-18","purchased_purges":2,"victory":false,"max_hp_per_floor":[75,75,75,75,75,75,75,75,75,75,75,75,75,75,75,75,75],"relic_stats":{"Dream Catcher":1,"counters":[10,45],"Shuriken":[2],"Astrolabe":["Disarm","Armaments","Impervious"],"Juzu Bracelet":0,"obtain_stats":[{"Potion Belt":9,"Dream Catcher":10,"Shuriken":6,"Astrolabe":0,"Juzu Bracelet":14,"Burning Blood":0},{"Potion Belt":6,"Dream Catcher":7,"Shuriken":5,"Astrolabe":0,"Juzu Bracelet":9,"Burning Blood":0},{"Potion Belt":28,"Dream Catcher":32,"Shuriken":25,"Astrolabe":0,"Juzu Bracelet":38,"Burning Blood":0}]},"card_choices":[{"not_picked":["Flex","Heavy Blade","Ghostly Armor"],"picked":"SKIP","floor":1},{"not_picked":["Evolve","Cleave"],"picked":"Rampage","floor":2},{"not_picked":["Dropkick","Clothesline"],"picked":"Body Slam","floor":4},{"not_picked":["True Grit","Perfected Strike"],"picked":"Cleave","floor":5},{"not_picked":["Clash","Entrench","Anger"],"picked":"SKIP","floor":6},{"not_picked":["Whirlwind","Cleave"],"picked":"Shrug It Off","floor":7},{"not_picked":["Rupture","Infernal Blade"],"picked":"Combust","floor":10},{"not_picked":["Bloodletting","Heavy Blade","Havoc"],"picked":"SKIP","floor":12},{"not_picked":["Shrug It Off","Dark Embrace"],"picked":"Thunderclap","floor":13},{"not_picked":["Second Wind","Dark Embrace"],"picked":"Burning Pact","floor":14}],"player_experience":2597745,"relics_obtained":[{"floor":6,"key":"Shuriken"},{"floor":9,"key":"Potion Belt"},{"floor":10,"key":"Dream Catcher"},{"floor":14,"key":"Juzu Bracelet"}],"event_choices":[{"damage_healed":0,"gold_gain":30,"player_choice":"Searched \u00271\u0027 times","damage_taken":0,"max_hp_gain":0,"max_hp_loss":0,"event_name":"Dead Adventurer","floor":8,"gold_loss":0}],"is_beta":true,"boss_relics":[],"items_purged_floors":[3,11],"is_endless":false,"potions_floor_spawned":[6,10,12,14],"killed_by":"Slime Boss","ascension_level":20}}