{"host":"Alvar","time":1609138772,"event":{"mods":["AchievementEnabler","Aspiration","BaseMod","Minty Spire (QoL Compilation)","StSLib"],"gold_per_floor":[119,129,129,41,55,55,84,84,84,84,97,113,145,70,70,70,70],"floor_reached":16,"playtime":495,"items_purged":["Strike_R"],"score":220,"play_id":"787e7325-72fa-4ecc-af5a-f682ea9b9b5f","local_time":"20201228135932","is_ascension_mode":true,"campfire_choices":[{"data":"Bash","floor":6,"key":"SMITH"},{"data":"Hemokinesis","floor":8,"key":"SMITH"},{"data":"Whirlwind","floor":10,"key":"SMITH"},{"data":"Shockwave","floor":15,"key":"SMITH"}],"circlet_count":0,"master_deck":["AscendersBane","Strike_R","Strike_R","Strike_R","Defend_R","Defend_R","Defend_R","Defend_R","Bash+1","Sword Boomerang","Whirlwind+1","Hemokinesis+1","Reaper","True Grit","Shockwave+1"],"relics":["Burning Blood","aspiration:DSix","Thread and Needle","Molten Egg 2"],"acts_visited":["Exordium"],"potions_floor_usage":[16],"damage_taken":[{"damage":4,"enemies":"Small Slimes","floor":1,"turns":5},{"damage":2,"enemies":"Cultist","floor":2,"turns":4},{"damage":4,"enemies":"Jaw Worm","floor":5,"turns":3},{"damage":48,"enemies":"Lagavulin","floor":7,"turns":8},{"damage":2,"enemies":"2 Fungi Beasts","floor":11,"turns":2},{"damage":7,"enemies":"Red Slaver","floor":12,"turns":4},{"damage":29,"enemies":"Gremlin Nob","floor":13,"turns":4},{"damage":38,"enemies":"Hexaghost","floor":16,"turns":9}],"seed_played":"4153416581613572212","potions_obtained":[{"floor":5,"key":"Explosive Potion"},{"floor":7,"key":"ElixirPotion"},{"floor":11,"key":"Dexterity Potion"},{"floor":12,"key":"BloodPotion"}],"is_trial":false,"path_per_floor":["M","M","?","$","M","R","E","R","T","R","M","M","E","$","R","B"],"character_chosen":"IRONCLAD","items_purchased":["Hemokinesis"],"campfire_rested":0,"item_purchase_floors":[4],"current_hp_per_floor":[70,74,74,74,75,75,33,33,33,33,37,36,17,17,17,0,0],"gold":70,"neow_bonus":"DSIX","is_daily":false,"chose_seed":false,"campfire_upgraded":4,"win_rate":0.0,"timestamp":1609138772,"path_taken":["M","M","?","$","M","R","E","R","T","R","M","M","E","?","R","BOSS"],"items_purchased_type":["Card"],"build_version":"2020-12-18","purchased_purges":1,"victory":false,"max_hp_per_floor":[75,75,75,75,75,75,75,75,75,75,75,75,75,75,75,75,75],"card_choices":[{"not_picked":["Clash","Dark Embrace"],"picked":"Sword Boomerang","floor":1},{"not_picked":["Armaments","Shrug It Off"],"picked":"Whirlwind","floor":2},{"not_picked":["Combust","Burning Pact","Infernal Blade"],"picked":"SKIP","floor":5},{"not_picked":["Havoc","Entrench","True Grit"],"picked":"SKIP","floor":7},{"not_picked":["Flex","Bloodletting"],"picked":"Reaper","floor":11},{"not_picked":["Carnage","Thunderclap"],"picked":"True Grit","floor":12},{"not_picked":["Battle Trance","Cleave+1"],"picked":"Shockwave","floor":13}],"player_experience":747245,"relics_obtained":[{"floor":7,"key":"Thread and Needle"},{"floor":13,"key":"Molten Egg 2"}],"event_choices":[{"cards_removed":["Strike_R"],"damage_healed":0,"gold_gain":0,"player_choice":"Purged","damage_taken":0,"max_hp_gain":0,"max_hp_loss":0,"event_name":"Purifier","floor":3,"gold_loss":0}],"is_beta":true,"boss_relics":[],"items_purged_floors":[14],"is_endless":false,"potions_floor_spawned":[5,7,11,12],"killed_by":"Hexaghost","ascension_level":20}}