{"host":"qm4rv4rkpk76sbxu","time":1609177324,"event":{"mods":["BaseMod","Bestiary","Block Reminder","DeckTracker","Filter the Spire","Keyboard Shortcuts","Minty Spire (QoL Compilation)","MonsterHotkey","Potion Indicator Mod","Quick Restart","Random Character Button","Relic Stats","Slay-I","StSLib","ojb\u0027s Better Paths Mod"],"gold_per_floor":[211,1,1,67,88,126,126,166,191,229,252,265,0,25,25,115,115,131,131,9,9,34,90,126,126,126],"floor_reached":25,"playtime":891,"items_purged":["Strike_B"],"score":462,"play_id":"d5c4c660-ceb5-46a4-baf9-52605b5476d9","local_time":"20201228184204","is_ascension_mode":true,"campfire_choices":[{"data":"Streamline","floor":7.0,"key":"SMITH"},{"floor":15.0,"key":"REST"}],"circlet_count":0,"master_deck":["AscendersBane","Strike_B+1","Strike_B+1","Strike_B+1","Defend_B+1","Defend_B+1","Defend_B+1","Defend_B+1","Zap","Dualcast","Streamline+1","Conserve Battery","Ball Lightning","Biased Cognition","Leap","Defragment","Compile Driver","Capacitor","Reboot","HandOfGreed","Shame","Stack+1","Self Repair"],"relics":["Cracked Core","Centennial Puzzle","Golden Idol","Oddly Smooth Stone","Bronze Scales","Potion Belt","Odd Mushroom","Membership Card","Busted Crown","Tiny Chest","Regal Pillow"],"acts_visited":["Exordium","TheCity"],"potions_floor_usage":[23,23,23],"damage_taken":[{"damage":4.0,"enemies":"Jaw Worm","floor":1.0,"turns":3.0},{"damage":0.0,"enemies":"2 Louse","floor":5.0,"turns":3.0},{"damage":31.0,"enemies":"Gremlin Nob","floor":6.0,"turns":4.0},{"damage":10.0,"enemies":"3 Sentries","floor":8.0,"turns":4.0},{"damage":4.0,"enemies":"The Mushroom Lair","floor":10.0,"turns":3.0},{"damage":0.0,"enemies":"Small Slimes","floor":11.0,"turns":2.0},{"damage":2.0,"enemies":"Blue Slaver","floor":12.0,"turns":4.0},{"damage":3.0,"enemies":"Exordium Thugs","floor":14.0,"turns":5.0},{"damage":16.0,"enemies":"Slime Boss","floor":16.0,"turns":9.0},{"damage":19.0,"enemies":"Shell Parasite","floor":18.0,"turns":4.0},{"damage":4.0,"enemies":"2 Thieves","floor":22.0,"turns":3.0},{"damage":23,"enemies":"Gremlin Leader","floor":23,"turns":6},{"damage":15,"enemies":"Snake Plant","floor":24,"turns":3},{"damage":11,"enemies":"Slavers","floor":25,"turns":1}],"seed_played":"-9145914756742233150","potions_obtained":[{"floor":5.0,"key":"Explosive Potion"},{"floor":8.0,"key":"Explosive Potion"},{"floor":10.0,"key":"SpeedPotion"},{"floor":14.0,"key":"Weak Potion"},{"floor":16.0,"key":"FairyPotion"},{"floor":18.0,"key":"ColorlessPotion"},{"floor":22.0,"key":"Swift Potion"}],"is_trial":false,"path_per_floor":["M","$","?","?","M","E","R","E","T","?","M","M","$","M","R","B",null,"M","?","$","?","M","E","M","E"],"character_chosen":"DEFECT","items_purchased":["Centennial Puzzle","ColorlessPotion","Membership Card","Defragment","Compile Driver","HandOfGreed","BlessingOfTheForge"],"campfire_rested":1,"item_purchase_floors":[2,2,13,13,13,20,20],"current_hp_per_floor":[60,60,60,60,60,29,29,19,19,15,15,13,13,10,29,13,51,32,32,32,32,28,5,11,0,0],"gold":126,"neow_bonus":"HUNDRED_GOLD","is_daily":false,"chose_seed":false,"campfire_upgraded":1,"win_rate":0.0,"timestamp":1609177324,"path_taken":["M","$","?","?","M","E","R","E","T","?","M","M","?","M","R","BOSS","M","?","$","?","M","E","M","E"],"items_purchased_type":["Relic","Potion","Relic","Card","Card","Card","Potion"],"build_version":"2020-12-22","purchased_purges":1,"victory":false,"max_hp_per_floor":[71,71,64,64,64,64,64,64,64,64,64,64,64,64,64,64,64,64,64,64,64,64,64,64,64,64],"relic_stats":{"Centennial Puzzle":[33],"Regal Pillow":0,"Busted Crown":8,"counters":[14,54],"Golden Idol":77,"Bronze Scales":[107],"Tiny Chest":0,"obtain_stats":[{"Potion Belt":9,"Centennial Puzzle":2,"Regal Pillow":23,"Busted Crown":17,"Golden Idol":3,"Bronze Scales":8,"Oddly Smooth Stone":6,"Tiny Chest":21,"Membership Card":13,"Odd Mushroom":10,"Cracked Core":0},{"Potion Belt":4,"Centennial Puzzle":1,"Regal Pillow":12,"Busted Crown":9,"Golden Idol":1,"Bronze Scales":4,"Oddly Smooth Stone":3,"Tiny Chest":10,"Membership Card":7,"Odd Mushroom":5,"Cracked Core":0},{"Potion Belt":14,"Centennial Puzzle":3,"Regal Pillow":50,"Busted Crown":37,"Golden Idol":3,"Bronze Scales":14,"Oddly Smooth Stone":10,"Tiny Chest":41,"Membership Card":23,"Odd Mushroom":17,"Cracked Core":0}]},"card_choices":[{"not_picked":["Steam","Blizzard"],"picked":"Streamline","floor":1.0},{"not_picked":["Coolheaded","Fusion"],"picked":"Conserve Battery","floor":5.0},{"not_picked":["Storm","Undo"],"picked":"Ball Lightning","floor":6.0},{"not_picked":["Redo","Rainbow"],"picked":"Biased Cognition","floor":8.0},{"not_picked":["Stack","Redo"],"picked":"Leap","floor":11.0},{"not_picked":["Stack","Turbo","Blizzard"],"picked":"SKIP","floor":12.0},{"not_picked":["Hello World","Hologram"],"picked":"Capacitor","floor":14.0},{"not_picked":["Thunder Strike","Hyperbeam"],"picked":"Reboot","floor":16.0},{"not_picked":["Stack"],"picked":"SKIP","floor":18.0},{"not_picked":["Hello World"],"picked":"SKIP","floor":22.0},{"not_picked":[],"picked":"Stack+1","floor":23},{"not_picked":[],"picked":"Self Repair","floor":24}],"player_experience":1146267,"relics_obtained":[{"floor":6.0,"key":"Oddly Smooth Stone"},{"floor":8.0,"key":"Bronze Scales"},{"floor":9.0,"key":"Potion Belt"},{"floor":10.0,"key":"Odd Mushroom"},{"floor":23,"key":"Regal Pillow"}],"event_choices":[{"damage_healed":0.0,"max_hp_gain":0.0,"max_hp_loss":7.0,"gold_gain":0.0,"event_name":"Golden Idol","player_choice":"Lose Max HP","floor":3.0,"gold_loss":0.0,"damage_taken":0.0,"relics_obtained":["Golden Idol"]},{"damage_healed":0.0,"max_hp_gain":0.0,"max_hp_loss":0.0,"gold_gain":66.0,"event_name":"Golden Wing","player_choice":"Gained Gold","floor":4.0,"gold_loss":0.0,"damage_taken":0.0},{"damage_healed":0.0,"max_hp_gain":0.0,"max_hp_loss":0.0,"gold_gain":0.0,"event_name":"Mushrooms","player_choice":"Fought Mushrooms","floor":10.0,"gold_loss":0.0,"damage_taken":0.0},{"damage_healed":0.0,"max_hp_gain":0.0,"max_hp_loss":0.0,"gold_gain":0.0,"event_name":"Back to Basics","player_choice":"Simplicity","floor":19.0,"gold_loss":0.0,"damage_taken":0.0,"cards_upgraded":["Strike_B","Strike_B","Strike_B","Defend_B","Defend_B","Defend_B","Defend_B"]},{"damage_healed":0.0,"max_hp_gain":0.0,"max_hp_loss":0.0,"gold_gain":0.0,"event_name":"Addict","player_choice":"Stole Relic","floor":21.0,"gold_loss":0.0,"damage_taken":0.0,"relics_obtained":["Tiny Chest"],"cards_obtained":["Shame"]}],"is_beta":false,"boss_relics":[{"not_picked":["Fusion Hammer","FrozenCore"],"picked":"Busted Crown"}],"items_purged_floors":[13],"is_endless":false,"potions_floor_spawned":[5,8,10,14,16,18,22],"killed_by":"Slavers","ascension_level":20}}