{"host":"Ansgar","time":1609129606,"event":{"mods":["AchievementEnabler","BaseMod","Colored Map","Highlight Path","Minty Spire (QoL Compilation)","Relic Stats","StSLib"],"gold_per_floor":[116,116,116,136,79,105,115,115,115,115,148,148,148,148,148,227,227,241,241,241,37,37,37],"floor_reached":22,"playtime":638,"items_purged":["Regret"],"score":476,"play_id":"4a51d253-d7f7-4fa9-a399-4b3980cb8c46","local_time":"20201228052646","is_ascension_mode":true,"campfire_choices":[{"data":"Creative AI","floor":10.0,"key":"SMITH"},{"data":"Fission","floor":12.0,"key":"SMITH"},{"data":"Ball Lightning","floor":15.0,"key":"SMITH"}],"circlet_count":0,"master_deck":["AscendersBane","Strike_B","Strike_B","Strike_B","Strike_B","Defend_B","Defend_B","Defend_B","Defend_B","Zap+1","Dualcast","Ball Lightning+1","Ball Lightning+1","Creative AI+1","Stack+1","Fission+1","Core Surge+1","Heatsinks+1","Biased Cognition","Genetic Algorithm","Turbo","Coolheaded","Capacitor"],"relics":["Cracked Core","NeowsBlessing","Molten Egg 2","Juzu Bracelet","Mummified Hand","Girya","Du-Vu Doll","Potion Belt","Torii","SlaversCollar"],"acts_visited":["Exordium","TheCity"],"potions_floor_usage":[],"damage_taken":[{"damage":0.0,"enemies":"Small Slimes","floor":1.0,"turns":1.0},{"damage":0.0,"enemies":"Cultist","floor":4.0,"turns":1.0},{"damage":0.0,"enemies":"Gremlin Nob","floor":6.0,"turns":1.0},{"damage":7.0,"enemies":"Jaw Worm","floor":7.0,"turns":2.0},{"damage":4.0,"enemies":"Lagavulin","floor":11.0,"turns":5.0},{"damage":24.0,"enemies":"Hexaghost","floor":16.0,"turns":7.0},{"damage":19.0,"enemies":"2 Thieves","floor":18.0,"turns":2.0},{"damage":48,"enemies":"Shell Parasite","floor":22,"turns":3}],"seed_played":"-402703097756804315","potions_obtained":[{"floor":6.0,"key":"EssenceOfSteel"},{"floor":11.0,"key":"LiquidBronze"}],"is_trial":false,"path_per_floor":["M","?","?","M","?","E","M","?","T","R","E","R","T","?","R","B",null,"M","?","?","$","M"],"character_chosen":"DEFECT","items_purchased":["Coolheaded","Capacitor"],"campfire_rested":0,"item_purchase_floors":[21,21],"current_hp_per_floor":[64,64,64,64,64,64,57,57,57,57,53,53,53,53,53,29,61,42,42,42,42,0,0],"gold":37,"neow_bonus":"THREE_ENEMY_KILL","is_daily":false,"chose_seed":false,"campfire_upgraded":3,"win_rate":0.0,"timestamp":1609129606,"path_taken":["M","?","?","?","?","E","M","?","T","R","E","R","?","?","R","BOSS","M","?","?","$","M"],"items_purchased_type":["Card","Card"],"build_version":"2020-12-18","purchased_purges":1,"victory":false,"max_hp_per_floor":[71,71,71,71,71,71,71,71,71,71,71,71,71,71,71,71,71,71,71,71,71,71,71],"relic_stats":{"Torii":22,"counters":[8,22],"Mummified Hand":[17],"Juzu Bracelet":2,"obtain_stats":[{"Du-Vu Doll":9,"Potion Belt":11,"Girya":8,"SlaversCollar":17,"NeowsBlessing":0,"Torii":13,"Mummified Hand":6,"Molten Egg 2":3,"Juzu Bracelet":5,"Cracked Core":0},{"Du-Vu Doll":4,"Potion Belt":5,"Girya":4,"SlaversCollar":6,"NeowsBlessing":0,"Torii":5,"Mummified Hand":3,"Molten Egg 2":1,"Juzu Bracelet":2,"Cracked Core":0},{"Du-Vu Doll":5,"Potion Belt":10,"Girya":5,"SlaversCollar":17,"NeowsBlessing":0,"Torii":10,"Mummified Hand":3,"Molten Egg 2":1,"Juzu Bracelet":2,"Cracked Core":0}]},"card_choices":[{"not_picked":["Heatsinks","Leap"],"picked":"Ball Lightning","floor":1.0},{"not_picked":["Force Field","Turbo"],"picked":"Ball Lightning+1","floor":4.0},{"not_picked":["Redo","Glacier"],"picked":"Creative AI","floor":6.0},{"not_picked":["Reprogram","Aggregate"],"picked":"Stack","floor":7.0},{"not_picked":["Redo","Conserve Battery"],"picked":"Fission","floor":11.0},{"not_picked":["Hyperbeam+1","Rainbow"],"picked":"Core Surge+1","floor":16.0},{"not_picked":["Beam Cell+1","Turbo+1"],"picked":"Heatsinks","floor":18.0}],"player_experience":1225732,"relics_obtained":[{"floor":3.0,"key":"Molten Egg 2"},{"floor":6.0,"key":"Mummified Hand"},{"floor":9.0,"key":"Du-Vu Doll"},{"floor":11.0,"key":"Potion Belt"},{"floor":13.0,"key":"Torii"}],"event_choices":[{"damage_healed":0.0,"max_hp_gain":0.0,"max_hp_loss":0.0,"gold_gain":0.0,"event_name":"Living Wall","player_choice":"Grow","floor":2.0,"gold_loss":0.0,"damage_taken":0.0,"cards_upgraded":["Zap"]},{"damage_healed":0.0,"max_hp_gain":0.0,"max_hp_loss":0.0,"gold_gain":0.0,"event_name":"Wheel of Change","player_choice":"Relic","floor":3.0,"gold_loss":0.0,"damage_taken":0.0},{"damage_healed":0.0,"max_hp_gain":0.0,"max_hp_loss":0.0,"gold_gain":0.0,"event_name":"WeMeetAgain","player_choice":"Paid Gold","floor":5.0,"gold_loss":57.0,"damage_taken":0.0,"relics_obtained":["Juzu Bracelet"]},{"damage_healed":0.0,"max_hp_gain":0.0,"max_hp_loss":0.0,"gold_gain":0.0,"event_name":"Big Fish","player_choice":"Box","floor":8.0,"gold_loss":0.0,"damage_taken":0.0,"relics_obtained":["Girya"],"cards_obtained":["Regret"]},{"damage_healed":0.0,"max_hp_gain":0.0,"max_hp_loss":0.0,"gold_gain":0.0,"event_name":"Upgrade Shrine","player_choice":"Upgraded","floor":14.0,"gold_loss":0.0,"damage_taken":0.0,"cards_upgraded":["Stack"]},{"damage_healed":0,"gold_gain":0,"player_choice":"3 cards matched","damage_taken":0,"max_hp_gain":0,"max_hp_loss":0,"event_name":"Match and Keep!","floor":19,"gold_loss":0,"cards_obtained":["Biased Cognition","Genetic Algorithm","Turbo"]},{"damage_healed":0,"gold_gain":0,"player_choice":"Upgraded","damage_taken":0,"max_hp_gain":0,"max_hp_loss":0,"event_name":"Upgrade Shrine","floor":20,"gold_loss":0,"cards_upgraded":["Heatsinks"]}],"is_beta":true,"boss_relics":[{"not_picked":["Inserter","Sozu"],"picked":"SlaversCollar"}],"items_purged_floors":[21],"is_endless":false,"potions_floor_spawned":[6,11],"killed_by":"Shell Parasite","ascension_level":20}}