{"host":"raaimkojny05jekw","time":1609117804,"event":{"mods":["AchievementEnabler","BaseMod","Colored Map","Colored Powertips","DeckTracker","Minty Spire (QoL Compilation)","Quick Restart","Rare Cards Sparkle","everything is the same but u backflip on backflip"],"gold_per_floor":[117,132,147,147,160,160,179,213,213,224,242,242,242,266,266,385,385,403,422,347,347,17,17,37,37,37],"floor_reached":25,"playtime":845,"items_purged":["Strike_R","Strike_R"],"score":207,"play_id":"02b185bb-db72-4ff7-b6f8-a9cd43f9bca1","local_time":"20201228101004","is_ascension_mode":false,"campfire_choices":[{"data":"Bash","floor":6,"key":"SMITH"},{"data":"Warcry","floor":13,"key":"SMITH"},{"data":"Sword Boomerang","floor":15,"key":"SMITH"},{"data":"True Grit","floor":23,"key":"SMITH"}],"circlet_count":0,"master_deck":["Strike_R","Strike_R","Strike_R","Defend_R","Defend_R","Defend_R","Defend_R","Bash+1","Pommel Strike","Dropkick","Headbutt","Flame Barrier","Burning Pact","Twin Strike","Warcry+1","Disarm","Sword Boomerang+1","Juggernaut+1","True Grit+1","Spot Weakness","Inflame+1","Inflame+1"],"relics":["Burning Blood","NeowsBlessing","Vajra","Frozen Egg 2","Shuriken","Golden Idol","Coffee Dripper","Nilry\u0027s Codex","Akabeko"],"acts_visited":["Exordium","TheCity"],"potions_floor_usage":[8,16,19,25],"damage_taken":[{"damage":0,"enemies":"Small Slimes","floor":1,"turns":1},{"damage":0,"enemies":"Jaw Worm","floor":2,"turns":1},{"damage":0,"enemies":"2 Louse","floor":3,"turns":1},{"damage":16,"enemies":"Exordium Wildlife","floor":5,"turns":4},{"damage":4,"enemies":"Blue Slaver","floor":7,"turns":3},{"damage":38,"enemies":"3 Sentries","floor":8,"turns":14},{"damage":3,"enemies":"Red Slaver","floor":10,"turns":4},{"damage":5,"enemies":"3 Louse","floor":11,"turns":4},{"damage":9,"enemies":"2 Fungi Beasts","floor":14,"turns":2},{"damage":7,"enemies":"Hexaghost","floor":16,"turns":7},{"damage":0,"enemies":"Chosen","floor":18,"turns":4},{"damage":16,"enemies":"Spheric Guardian","floor":19,"turns":4},{"damage":17,"enemies":"Snecko","floor":24,"turns":5},{"damage":45,"enemies":"Slavers","floor":25,"turns":3}],"seed_played":"743229551367109932","potions_obtained":[{"floor":7,"key":"Dexterity Potion"},{"floor":8,"key":"SkillPotion"},{"floor":10,"key":"AttackPotion"},{"floor":16,"key":"Energy Potion"}],"is_trial":false,"path_per_floor":["M","M","M","?","M","R","M","E","T","M","M","?","R","M","R","B",null,"M","M","$","?","$","R","M","E"],"character_chosen":"IRONCLAD","items_purchased":["Inflame+1","Akabeko"],"campfire_rested":0,"item_purchase_floors":[22,22],"current_hp_per_floor":[80,80,80,77,67,67,69,37,37,40,41,21,21,18,18,17,80,80,70,70,54,54,54,43,0,0],"gold":37,"neow_bonus":"THREE_ENEMY_KILL","is_daily":false,"chose_seed":false,"campfire_upgraded":4,"win_rate":0.0,"timestamp":1609117804,"path_taken":["M","M","M","?","M","R","M","E","T","M","M","?","R","M","R","BOSS","M","M","$","?","$","R","M","E"],"items_purchased_type":["Card","Relic"],"build_version":"2020-12-22","purchased_purges":2,"victory":false,"max_hp_per_floor":[80,80,80,80,80,80,80,80,80,80,80,80,80,80,80,80,80,80,80,80,80,80,80,80,80,80],"card_choices":[{"not_picked":["Iron Wave","Armaments"],"picked":"Pommel Strike","floor":1},{"not_picked":["Havoc","True Grit"],"picked":"Dropkick","floor":2},{"not_picked":["Havoc","Dark Embrace"],"picked":"Headbutt","floor":3},{"not_picked":["Headbutt","Shrug It Off"],"picked":"Flame Barrier","floor":5},{"not_picked":["Iron Wave","Pommel Strike"],"picked":"Burning Pact","floor":7},{"not_picked":["Reckless Charge","Blood for Blood"],"picked":"Twin Strike","floor":8},{"not_picked":["Searing Blow","Entrench"],"picked":"Warcry","floor":10},{"not_picked":["Clothesline","Exhume"],"picked":"Disarm","floor":11},{"not_picked":["Twin Strike","Searing Blow"],"picked":"Sword Boomerang","floor":14},{"not_picked":["Impervious","Exhume"],"picked":"Juggernaut+1","floor":16},{"not_picked":["Clothesline","Burning Pact"],"picked":"True Grit","floor":18},{"not_picked":["Blood for Blood+1","Evolve+1"],"picked":"Spot Weakness","floor":19},{"not_picked":["Second Wind","Clash"],"picked":"Inflame+1","floor":24}],"player_experience":695648,"relics_obtained":[{"floor":8,"key":"Frozen Egg 2"},{"floor":9,"key":"Shuriken"},{"floor":21,"key":"Nilry\u0027s Codex"}],"event_choices":[{"damage_healed":0,"gold_gain":0,"player_choice":"Success","damage_taken":3,"relics_obtained":["Vajra"],"max_hp_gain":0,"max_hp_loss":0,"event_name":"Scrap Ooze","floor":4,"gold_loss":0},{"damage_healed":0,"gold_gain":0,"player_choice":"Take Damage","damage_taken":20,"relics_obtained":["Golden Idol"],"max_hp_gain":0,"max_hp_loss":0,"event_name":"Golden Idol","floor":12,"gold_loss":0},{"damage_healed":0,"gold_gain":0,"player_choice":"Obtained Book","damage_taken":16,"max_hp_gain":0,"max_hp_loss":0,"event_name":"Cursed Tome","floor":21,"gold_loss":0}],"is_beta":false,"boss_relics":[{"not_picked":["Runic Cube","SlaversCollar"],"picked":"Coffee Dripper"}],"items_purged_floors":[20,22],"is_endless":false,"potions_floor_spawned":[7,8,10,16],"killed_by":"Slavers","ascension_level":0}}