{"host":"zn0mr865d8bdqt3v","time":1609158389,"event":{"mods":["Act Like it!","BaseMod","Gensokyo","KinomotoSakuraMod(ƒæ÷Æ±æ”£)","Minty Spire (QoL Compilation)","Reimu£®≤©¿ˆ¡È√Œ£©","Remilia£®¿Ÿ√◊¿Ú—«£©","StSLib","Yakumo Yukari mod","Youmu£®ªÍ∆«—˝√Œ£©"],"gold_per_floor":[112,127,127,146,163,163,1950,1428,1428,492,520,520,595,613,613,712,712,728,738,748,176,0,0,1015,1015,1015,1015,1015,1015,798,824,824,1169,1169,1189,1208,1225,815,827,827,856,873,873,891,397,414,431,784,784,784],"floor_reached":51,"playtime":4499,"items_purged":["Defend_RM","Strike_RM","Strike_RM","Defend_RM","Strike_RM+1"],"score":1034,"play_id":"e88377c6-bdaf-43bc-b944-ab18ec82515f","local_time":"20201228202629","daily_mods":["Heirloom"],"is_ascension_mode":false,"campfire_choices":[{"data":"Stigmanizer","floor":6.0,"key":"SMITH"},{"data":"TricksterDevil","floor":15.0,"key":"SMITH"},{"data":"ScarletMeister","floor":23.0,"key":"SMITH"},{"data":"KillingBlow","floor":25.0,"key":"SMITH"},{"data":"Sadistic Nature","floor":29.0,"key":"SMITH"},{"data":"FitfulNightmare","floor":32.0,"key":"SMITH"},{"data":"RedMoon","floor":40,"key":"SMITH"},{"data":"ReincarnationDial","floor":49,"key":"SMITH"}],"circlet_count":0,"master_deck":["RedMoon+1","ScarletShoot+1","Stigmanizer+1","RedNightlessCastle+1","NightDance+1","ReincarnationDial+1","BloodyMagicSquare+1","FitfulNightmare+1","SuperhumanBloodyKnife","Ultimatum","UnstableMagic+1","MastersStateliness","NightDance","TricksterDevil+1","UnstableMagic+1","ScarletMeister+1","EternalNight+1","UnstableMagic+1","VampireClaw+1","BombardNight","Sadistic Nature+1","KillingBlow+1","DevilSight+1","ScarletImprint+1","QueenOfMidnight+1","BloodAndWine+1","UltimateOffering+1","BloodyCatastrophe+1","DevilSight+1","BloodyMagicSquare+1","BloodyCatastrophe+1","Shame","HunterOfTheNight+1","NightDance+1","UnstableMagic+1","ScarletDevilSign"],"relics":["ScarletHat","Ice Cream","Whetstone","WingedGreaves","Oddly Smooth Stone","Toxic Egg 2","Darkstone Periapt","TentaclePot:ReiMu","Singing Bowl","White Beast Statue","Empty Cage","Prayer Wheel","Mastiff:ReiMu","Frozen Egg 2","ClockworkSouvenir","Incense Burner","Smiling Mask","Cursed Key","Chemical X","Dream Catcher","Mummified Hand","Torii","Boot","Old Coin"],"acts_visited":["Exordium","Exordium","TheBeyond"],"potions_floor_usage":[],"damage_taken":[{"damage":0.0,"enemies":"2 Louse","floor":1.0,"turns":2.0},{"damage":0.0,"enemies":"Small Slimes","floor":2.0,"turns":3.0},{"damage":0.0,"enemies":"Jaw Worm","floor":4.0,"turns":4.0},{"damage":6.0,"enemies":"Looter","floor":5.0,"turns":3.0},{"damage":5.0,"enemies":"3 Sentries","floor":7.0,"turns":4.0},{"damage":26.0,"enemies":"Gremlin Nob","floor":11.0,"turns":3.0},{"damage":15.0,"enemies":"Exordium Wildlife","floor":14.0,"turns":3.0},{"damage":10.0,"enemies":"Slime Boss","floor":16.0,"turns":8.0},{"damage":0.0,"enemies":"Gensokyo:2_Gloops","floor":18.0,"turns":3.0},{"damage":21.0,"enemies":"Gensokyo:Chomper","floor":19.0,"turns":6.0},{"damage":15.0,"enemies":"Gensokyo:Wraith","floor":20.0,"turns":4.0},{"damage":17.0,"enemies":"Gensokyo:Slime_Group","floor":24.0,"turns":5.0},{"damage":20.0,"enemies":"Gensokyo:Reisen","floor":31.0,"turns":6.0},{"damage":10.0,"enemies":"Gensokyo:Kaguya","floor":33.0,"turns":7.0},{"damage":52,"enemies":"Orb Walker","floor":35,"turns":2},{"damage":53,"enemies":"3 Shapes","floor":36,"turns":3},{"damage":35,"enemies":"Spire Growth","floor":37,"turns":3},{"damage":89,"enemies":"Transient","floor":39,"turns":5},{"damage":66,"enemies":"Giant Head","floor":41,"turns":4},{"damage":73,"enemies":"Sphere and 2 Shapes","floor":42,"turns":4},{"damage":72,"enemies":"Maw","floor":44,"turns":3},{"damage":75,"enemies":"Jaw Worm Horde","floor":46,"turns":2},{"damage":93,"enemies":"Spire Growth","floor":47,"turns":2},{"damage":51,"enemies":"2 Orb Walkers","floor":48,"turns":2},{"damage":82,"enemies":"Donu and Deca","floor":50,"turns":3}],"seed_played":"332696802311189847","potions_obtained":[{"floor":7.0,"key":"Energy Potion"},{"floor":11.0,"key":"Weak Potion"},{"floor":14.0,"key":"SneckoOil"}],"is_trial":true,"path_per_floor":["M","M","?","M","M","R","E","$","T","$","E","?","T","M","R","B",null,"M","M","M","$","?","R","M","R","T","?","?","R","COS","E","R","B",null,"M","M","M","$","M","R","E","M","T","M","$","M","M","?","R","B",null],"character_chosen":"REMILIA","items_purchased":["FitfulNightmare","SuperhumanBloodyKnife","WingedGreaves","Toxic Egg 2","Darkstone Periapt","TentaclePot:ReiMu","Ultimatum","UnstableMagic+1","MastersStateliness","NightDance","Sadistic Nature","Prayer Wheel","Chemical X","BloodyCatastrophe+1","DevilSight+1","Torii","Boot"],"campfire_rested":0,"item_purchase_floors":[8,8,8,10,10,10,10,10,10,10,21,21,38,38,38,45,45],"current_hp_per_floor":[75,75,60,62,56,56,51,51,51,51,30,30,30,16,16,15,75,77,59,48,48,48,48,39,39,39,39,39,39,39,19,19,14,75,77,69,83,83,85,85,87,88,94,99,99,99,101,103,103,103],"gold":784,"neow_bonus":"","is_daily":false,"chose_seed":false,"campfire_upgraded":8,"win_rate":0.0,"timestamp":1609158389,"path_taken":["M","M","?","M","M","R","E","$","T","$","E","?","?","M","R","BOSS","M","M","M","$","?","R","M","R","T","?","?","R","COS","E","R","BOSS","M","M","M","$","?","R","E","M","T","M","$","M","M","?","R","BOSS"],"items_purchased_type":["Card","Card","Relic","Relic","Relic","Relic","Card","Card","Card","Card","Card","Relic","Relic","Card","Card","Relic","Relic"],"build_version":"2020-12-22","purchased_purges":5,"victory":true,"max_hp_per_floor":[75,75,75,75,75,75,75,75,75,75,75,75,75,75,75,75,75,77,77,79,79,79,79,81,81,81,81,75,75,75,75,75,75,75,77,79,83,83,85,85,87,91,97,99,99,99,101,103,103,103],"card_choices":[{"not_picked":["BlasphemousPunishment","RedRainbow"],"picked":"Stigmanizer","floor":1.0},{"not_picked":["HunterOfTheNight","ScarletDevilSign"],"picked":"RedNightlessCastle","floor":2.0},{"not_picked":["BombardNight","Septette"],"picked":"NightDance","floor":4.0},{"not_picked":["RedMagic","ScarletDevil"],"picked":"ReincarnationDial","floor":5.0},{"not_picked":["ScarletImprint","FavorOfDestiny"],"picked":"BloodyMagicSquare","floor":7.0},{"not_picked":["BloodHunter+1","UnstableMagic+1"],"picked":"TricksterDevil","floor":11.0},{"not_picked":["StarOfDavid","ScarletDevilSign"],"picked":"UnstableMagic+1","floor":14.0},{"not_picked":["TricksterDevil","BatForm"],"picked":"ScarletMeister","floor":16.0},{"not_picked":["UnstableMagic+1","ScarletDevil+1"],"picked":"EternalNight+1","floor":18.0},{"not_picked":["RedRainbow","EndlessAdversity","NightLord"],"picked":"Singing Bowl","floor":18.0},{"not_picked":["Septette+1","FitfulNightmare"],"picked":"UnstableMagic+1","floor":19.0},{"not_picked":["VampireFantasy+1","BloodHunter+1"],"picked":"VampireClaw+1","floor":19.0},{"not_picked":["DiffusionOfMisfortune+1","StarOfDavid","Stigmanizer"],"picked":"Singing Bowl","floor":20.0},{"not_picked":["VampireFantasy+1","ScarletImprint"],"picked":"BombardNight","floor":20.0},{"not_picked":["BadLadyScramble+1","BloodHunter+1","CharismaGuard+1"],"picked":"Singing Bowl","floor":24.0},{"not_picked":["ScarletDevil+1","UnstableMagic+1"],"picked":"KillingBlow","floor":24.0},{"not_picked":["ScarletImprint","ScarletDevil+1"],"picked":"DevilSight+1","floor":24.0},{"not_picked":["Stigmanizer","Septette+1"],"picked":"ScarletImprint+1","floor":31.0},{"not_picked":["ChaoticDestiny+1","CeilingFear+1"],"picked":"QueenOfMidnight+1","floor":33.0},{"not_picked":["LeisurelyOfLord+1","CharismaGuard+1","FavorOfDestiny+1"],"picked":"Singing Bowl","floor":35},{"not_picked":["StarOfDavid+1","UnstableMagic+1"],"picked":"BloodAndWine+1","floor":35},{"not_picked":["ScarletDevil","UnstableMagic+1","RedRainbow+1"],"picked":"Singing Bowl","floor":36},{"not_picked":["DiffusionOfMisfortune","VampirishNight+1"],"picked":"UltimateOffering+1","floor":36},{"not_picked":["BadLadyScramble+1","ForbiddenFruit+1","RedRainbow"],"picked":"Singing Bowl","floor":37},{"not_picked":["FavorOfDestiny+1","Stigmanizer+1","VampireKiss"],"picked":"Singing Bowl","floor":37},{"not_picked":["QueenOfMidnight+1","FavorOfDestiny+1"],"picked":"BloodyMagicSquare+1","floor":39},{"not_picked":["LeisurelyOfLord","BadLadyScramble+1","RedRainbow+1"],"picked":"Singing Bowl","floor":39},{"not_picked":["Maim+1","UnderTheZenith+1"],"picked":"BloodyCatastrophe+1","floor":41},{"not_picked":["VampireKiss+1","BadLadyScramble+1","BlasphemousPunishment+1"],"picked":"Singing Bowl","floor":41},{"not_picked":["StarOfDavid","BloodyCatastrophe+1","ScarletGensokyo+1"],"picked":"Singing Bowl","floor":42},{"not_picked":["BlasphemousPunishment+1","ScarletSymphony+1","VampireClaw"],"picked":"Singing Bowl","floor":42},{"not_picked":["NightDance","BlasphemousPunishment+1","ScarletSymphony+1"],"picked":"Singing Bowl","floor":44},{"not_picked":["ChainGang","Septette+1"],"picked":"HunterOfTheNight+1","floor":44},{"not_picked":["ScarletDream+1","DiffusionOfMisfortune+1"],"picked":"NightDance+1","floor":46},{"not_picked":["GlobalNightmare+1","Stigmanizer+1"],"picked":"UnstableMagic+1","floor":46},{"not_picked":["BloodHunter+1","VampirishNight+1"],"picked":"ScarletDevilSign","floor":47},{"not_picked":["UnderTheZenith+1","RedNightlessCastle+1","EndlessAdversity"],"picked":"Singing Bowl","floor":47},{"not_picked":["ScarletDevil+1","DiffusionOfMisfortune","Stigmanizer+1"],"picked":"Singing Bowl","floor":48}],"player_experience":34596,"relics_obtained":[{"floor":7.0,"key":"Whetstone"},{"floor":9.0,"key":"Oddly Smooth Stone"},{"floor":11.0,"key":"Singing Bowl"},{"floor":13.0,"key":"White Beast Statue"},{"floor":26.0,"key":"Mastiff:ReiMu"},{"floor":31.0,"key":"Incense Burner"},{"floor":41,"key":"Dream Catcher"},{"floor":43,"key":"Mummified Hand"},{"floor":48,"key":"Old Coin"}],"event_choices":[{"damage_healed":0.0,"max_hp_gain":0.0,"max_hp_loss":0.0,"gold_gain":0.0,"event_name":"Shining Light","player_choice":"Entered Light","floor":3.0,"gold_loss":0.0,"damage_taken":15.0,"cards_upgraded":["Strike_RM","Defend_RM"]},{"cards_removed":["Defend_RM"],"damage_healed":0.0,"max_hp_gain":0.0,"max_hp_loss":0.0,"gold_gain":0.0,"event_name":"Living Wall","player_choice":"Forget","floor":12.0,"gold_loss":0.0,"damage_taken":0.0},{"damage_healed":0,"gold_gain":0,"player_choice":"Fight","damage_taken":0,"max_hp_gain":0,"max_hp_loss":0,"event_name":"Mysterious Sphere","floor":48,"gold_loss":0}],"is_beta":false,"boss_relics":[{"not_picked":["SacredBark","Tiny House"],"picked":"Empty Cage"},{"not_picked":["Black Star","Astrolabe"],"picked":"Cursed Key"}],"items_purged_floors":[8,10,21,38,45],"is_endless":false,"potions_floor_spawned":[7,11,14,16,18,19,20,24,31,33,35,36,37,39,41,42,44,46,47,48],"ascension_level":0}}