{"host":"l84l8xigz5v5foa2","time":1609157392,"event":{"mods":["2.2 Compatiblity","AchievementEnabler","BaseMod","Better Note","Better Vampires","Card Filter","Colored Map","DeckTracker","Downfall","Gremlin Skip","Highlight Path","Keyboard Shortcuts","Minty Spire (QoL Compilation)","Permanent Neow","Quick Restart","Relic Filter","Relic Stats","StSLib","SuperFastMode","Transform Curses","Unknown Chances"],"gold_per_floor":[99,113,132,152,152,152,175,175,175,185,185,218,218,128,141,236,236,236,249,265,280,295,29,29,14,14,14,40,140,172,50,67,168,168,18,28,28,48,48,48,75,90,121,131,162,87,87,137,151,151,151,185,35,35,35],"floor_reached":56,"playtime":3544,"items_purged":["champ:Strike","champ:Strike","champ:Defend","champ:Execute+1"],"score":2128,"play_id":"0146d8b8-21ca-4b89-ab23-95db603ccafc","local_time":"20201228210952","is_ascension_mode":true,"campfire_choices":[{"data":"champ:Taunt","floor":1.0,"key":"SMITH"},{"data":"champ:Duel","floor":8.0,"key":"SMITH"},{"floor":11.0,"key":"RECALL"},{"data":"champ:RageSigil","floor":13.0,"key":"SMITH"},{"data":"champ:CheapShot","floor":18.0,"key":"SMITH"},{"data":"Flash of Steel","floor":26.0,"key":"SMITH"},{"data":"champ:GladiatorStyle","floor":35.0,"key":"SMITH"},{"data":"expansioncontent:Chronoboost","floor":40,"key":"SMITH"},{"data":"champ:Execute","floor":46,"key":"SMITH"},{"data":"champ:GladiatorStyle","floor":54,"key":"SMITH"}],"circlet_count":0,"master_deck":["champ:Defend+1","champ:Defend+1","champ:Taunt+1","Flash of Steel+1","champ:GladiatorStyle+1","champ:BerserkerStyle","champ:Duel+1","champ:RageSigil+1","champ:CheapShot+1","champ:FocusedGladiator+1","champ:GladiatorStyle+1","champ:EnchantShield+1","champ:Lariat+1","expansioncontent:Chronoboost+1"],"relics":["champ:ChampionCrown","Vajra","Coffee Dripper","ClockworkSouvenir","CaptainsWheel","champ:FightingForDummies","PreservedInsect","champ:BlackKnightHelmet","Toxic Egg 2","Mercury Hourglass","Singing Bowl","Empty Cage","downfall:HeartBlessingBlue","downfall:HeartBlessingRed","War Paint","Lizard Tail","Gambling Chip","downfall:HeartBlessingGreen","Turnip","White Beast Statue"],"acts_visited":["Exordium","TheCity","TheBeyond","TheEnding"],"potions_floor_usage":[55,55,55],"damage_taken":[{"damage":12.0,"enemies":"2 Louse","floor":2.0,"turns":3.0},{"damage":5.0,"enemies":"Jaw Worm","floor":3.0,"turns":4.0},{"damage":5.0,"enemies":"Cultist","floor":4.0,"turns":4.0},{"damage":6.0,"enemies":"Lots of Slimes","floor":10.0,"turns":4.0},{"damage":37.0,"enemies":"3 Sentries","floor":12.0,"turns":9.0},{"damage":10.0,"enemies":"downfall:FleeingMerchant","floor":14.0,"turns":4.0},{"damage":5.0,"enemies":"2 Fungi Beasts","floor":15.0,"turns":4.0},{"damage":29.0,"enemies":"downfall:Silent","floor":16.0,"turns":12.0},{"damage":0.0,"enemies":"Spheric Guardian","floor":19.0,"turns":4.0},{"damage":8.0,"enemies":"Cultist and Chosen","floor":20.0,"turns":10.0},{"damage":3.0,"enemies":"Snake Plant","floor":21.0,"turns":6.0},{"damage":0.0,"enemies":"Centurion and Healer","floor":22.0,"turns":6.0},{"damage":7.0,"enemies":"downfall:FleeingMerchant","floor":23.0,"turns":5.0},{"damage":10.0,"enemies":"downfall:FleeingMerchant","floor":25.0,"turns":5.0},{"damage":0.0,"enemies":"Book of Stabbing","floor":28.0,"turns":3.0},{"damage":0.0,"enemies":"Book of Stabbing","floor":29.0,"turns":3.0},{"damage":5.0,"enemies":"Gremlin Leader","floor":30.0,"turns":3.0},{"damage":5.0,"enemies":"downfall:FleeingMerchant","floor":31.0,"turns":3.0},{"damage":0.0,"enemies":"Sentry and Sphere","floor":32.0,"turns":2.0},{"damage":0.0,"enemies":"downfall:Defect","floor":33.0,"turns":3.0},{"damage":8,"enemies":"3 Shapes","floor":36,"turns":3},{"damage":5,"enemies":"Orb Walker","floor":38,"turns":3},{"damage":0,"enemies":"Writhing Mass","floor":42,"turns":3},{"damage":0,"enemies":"Giant Head","floor":43,"turns":2},{"damage":0,"enemies":"3 Darklings","floor":44,"turns":2},{"damage":3,"enemies":"Nemesis","floor":45,"turns":3},{"damage":0,"enemies":"Mind Bloom Boss Battle","floor":48,"turns":2},{"damage":0,"enemies":"4 Shapes","floor":49,"turns":5},{"damage":3,"enemies":"downfall:Ironclad","floor":50,"turns":3},{"damage":0,"enemies":"downfall:CharBossMerchant","floor":52,"turns":2},{"damage":0,"enemies":"downfall:NeowBoss","floor":55,"turns":7}],"seed_played":"1544153358486574533","potions_obtained":[{"floor":3.0,"key":"Weak Potion"},{"floor":4.0,"key":"DistilledChaos"},{"floor":12.0,"key":"BlessingOfTheForge"},{"floor":15.0,"key":"ColorlessPotion"},{"floor":22.0,"key":"sneckomod:MuddlingPotion"},{"floor":28.0,"key":"AttackPotion"},{"floor":29.0,"key":"Weak Potion"},{"floor":30.0,"key":"ColorlessPotion"},{"floor":48,"key":"PowerPotion"}],"is_trial":false,"path_per_floor":["R","M","M","M","?","?","T","R","?","M","R","E","R","$","M","B",null,"R","M","M","M","M","$","T","$","R","?","E","?","E","$","M","B",null,"R","M","?","M","?","R","T","M","E","M","E","R","$","?","M","B",null,"E","$","R","B",null],"character_chosen":"THE_CHAMP","items_purchased":["ClockworkSouvenir","champ:Lariat+1","Singing Bowl"],"campfire_rested":0,"item_purchase_floors":[23,31,31],"current_hp_per_floor":[81,74,74,74,74,84,84,84,84,80,80,55,55,55,55,39,85,85,85,82,79,79,77,77,77,77,77,77,77,77,77,79,81,98,108,110,110,112,106,106,106,108,110,112,114,114,114,116,118,118,130,132,132,132,132],"gold":35,"neow_bonus":"RANDOM_COLORLESS","is_daily":false,"chose_seed":false,"campfire_upgraded":9,"win_rate":0.0,"timestamp":1609157392,"path_taken":["R","M","M","M","?","?","T","R","?","M","R","E","R","?","M","BOSS","R","M","M","M","?","$","T","?","R","?","E","?","E","$","M","BOSS","R","M","?","M","?","R","T","M","E","M","E","R","$","?","M","BOSS","E","$","R","BOSS"],"items_purchased_type":["Relic","Card","Relic"],"build_version":"2020-12-22","purchased_purges":4,"victory":true,"max_hp_per_floor":[90,90,90,90,90,100,100,100,100,100,100,100,100,100,100,100,100,100,100,100,100,100,100,100,100,100,100,100,100,100,100,102,104,104,114,116,116,118,122,122,122,124,126,128,130,130,130,132,134,134,134,136,136,136,136],"relic_stats":{"Lizard Tail":0,"Singing Bowl":26,"counters":[31,132],"Gambling Chip":[7],"PreservedInsect":385,"Turnip":[0],"War Paint":["champ:Defend","champ:Defend"],"obtain_stats":[{"champ:BlackKnightHelmet":29,"Singing Bowl":31,"downfall:HeartBlessingRed":35,"Vajra":12,"champ:ChampionCrown":0,"downfall:HeartBlessingGreen":46,"PreservedInsect":28,"War Paint":41,"Empty Cage":34,"White Beast Statue":52,"ClockworkSouvenir":23,"Mercury Hourglass":30,"CaptainsWheel":24,"Lizard Tail":43,"downfall:HeartBlessingBlue":35,"Gambling Chip":45,"Turnip":48,"Coffee Dripper":17,"champ:FightingForDummies":27,"Toxic Egg 2":29},{"champ:BlackKnightHelmet":16,"Singing Bowl":18,"downfall:HeartBlessingRed":20,"Vajra":5,"champ:ChampionCrown":0,"downfall:HeartBlessingGreen":26,"PreservedInsect":15,"War Paint":22,"Empty Cage":20,"White Beast Statue":30,"ClockworkSouvenir":13,"Mercury Hourglass":17,"CaptainsWheel":13,"Lizard Tail":24,"downfall:HeartBlessingBlue":20,"Gambling Chip":26,"Turnip":27,"Coffee Dripper":8,"champ:FightingForDummies":14,"Toxic Egg 2":16},{"champ:BlackKnightHelmet":86,"Singing Bowl":92,"downfall:HeartBlessingRed":97,"Vajra":24,"champ:ChampionCrown":0,"downfall:HeartBlessingGreen":113,"PreservedInsect":83,"War Paint":103,"Empty Cage":97,"White Beast Statue":125,"ClockworkSouvenir":75,"Mercury Hourglass":89,"CaptainsWheel":75,"Lizard Tail":108,"downfall:HeartBlessingBlue":97,"Gambling Chip":113,"Turnip":115,"Coffee Dripper":44,"champ:FightingForDummies":80,"Toxic Egg 2":86}],"Mercury Hourglass":[152]},"card_choices":[{"not_picked":["expansioncontent:BronzeBeam","expansioncontent:SuperHexaguard"],"picked":"Flash of Steel","floor":0.0},{"not_picked":["champ:Haymaker","champ:BringItOn"],"picked":"champ:GladiatorStyle","floor":2.0},{"not_picked":["champ:FanOfKnives","champ:FlashCut"],"picked":"champ:BerserkerStyle","floor":3.0},{"not_picked":["champ:RageSigil","champ:Circumvent"],"picked":"champ:Duel","floor":4.0},{"not_picked":["champ:GutPunch","champ:DefensiveShout","champ:FalseCounter"],"picked":"SKIP","floor":10.0},{"not_picked":["champ:StanceDance","champ:DefensiveShout"],"picked":"champ:RageSigil","floor":12.0},{"not_picked":["champ:Shatter","champ:GladiatorsShout","champ:FocusedDefense"],"picked":"SKIP","floor":14.0},{"not_picked":["champ:Circumvent","champ:SkillfulDodge","champ:Riposte"],"picked":"SKIP","floor":15.0},{"not_picked":["champ:SwordThrow","champ:Devastate"],"picked":"champ:CheapShot","floor":16.0},{"not_picked":["champ:Backstep","champ:StanceDance","champ:Circumvent"],"picked":"SKIP","floor":19.0},{"not_picked":["champ:FanOfKnives","champ:FalseCounter","champ:FlashCut"],"picked":"SKIP","floor":20.0},{"not_picked":["champ:StanceDance+1","champ:FightOn"],"picked":"champ:FocusedGladiator+1","floor":21.0},{"not_picked":["champ:StanceDance","champ:Aggression","champ:ShieldSigil+1"],"picked":"SKIP","floor":22.0},{"not_picked":["champ:FanOfKnives","champ:RageSigil+1"],"picked":"champ:GladiatorStyle","floor":23.0},{"not_picked":["champ:FlashCut","champ:CrownThrow","champ:EnGarde"],"picked":"SKIP","floor":25.0},{"not_picked":["champ:RageSigil+1","champ:Backstep","champ:Improvising"],"picked":"SKIP","floor":28.0},{"not_picked":["champ:DeathBlow","champ:GutPunch","champ:Riposte+1"],"picked":"SKIP","floor":30.0},{"not_picked":["champ:StanceDance+1","champ:StrikeOfGenius"],"picked":"champ:EnchantShield+1","floor":31.0},{"not_picked":["champ:CrookedStrike","champ:Aggression+1","champ:RapidStrikes"],"picked":"Singing Bowl","floor":32.0},{"not_picked":["champ:StrikeOfGenius","champ:ShieldThrow","champ:MurderStrike"],"picked":"Singing Bowl","floor":33.0},{"not_picked":["champ:RageSigil+1","champ:TornadoPunch+1","champ:StanceDance+1"],"picked":"Singing Bowl","floor":36},{"not_picked":["champ:FightOn","champ:TornadoPunch","champ:CrookedStrike"],"picked":"Singing Bowl","floor":38},{"not_picked":["expansioncontent:SuperHexaguard+1","expansioncontent:BronzeBeam"],"picked":"expansioncontent:Chronoboost","floor":39},{"not_picked":["expansioncontent:ChargeUp+1","expansioncontent:BronzeBeam","expansioncontent:TimeRipple"],"picked":"Singing Bowl","floor":39},{"not_picked":["expansioncontent:FaceSlap","expansioncontent:Chronoboost","expansioncontent:PolyBeam"],"picked":"Singing Bowl","floor":39},{"not_picked":["champ:PerfectedStrike","champ:ViciousMockery+1","champ:PreciseThrust"],"picked":"Singing Bowl","floor":42},{"not_picked":["champ:GutPunch+1","champ:AdrenalArmor+1","champ:DefensiveShout+1"],"picked":"Singing Bowl","floor":43},{"not_picked":["champ:Backstep+1","champ:BringItOn+1","champ:FocusedBerserking+1"],"picked":"Singing Bowl","floor":44},{"not_picked":["champ:Circumvent+1","champ:CheapShot","champ:BerserkersShout+1"],"picked":"Singing Bowl","floor":45},{"not_picked":["champ:DefensiveShout+1","champ:DefensiveStyle+1","champ:FanOfKnives+1"],"picked":"Singing Bowl","floor":48},{"not_picked":["champ:AdrenalArmor+1","champ:FocusedBerserking+1","champ:PerfectedStrike"],"picked":"Singing Bowl","floor":49},{"not_picked":["champ:FocusedDefense+1","champ:FalseCounter+1","champ:GutPunch+1"],"picked":"Singing Bowl","floor":52}],"player_experience":2753797,"relics_obtained":[{"floor":12.0,"key":"Vajra"},{"floor":24.0,"key":"CaptainsWheel"},{"floor":28.0,"key":"PreservedInsect"},{"floor":29.0,"key":"champ:BlackKnightHelmet"},{"floor":29.0,"key":"Toxic Egg 2"},{"floor":30.0,"key":"Mercury Hourglass"},{"floor":41,"key":"War Paint"},{"floor":43,"key":"Lizard Tail"},{"floor":45,"key":"Gambling Chip"},{"floor":48,"key":"Turnip"},{"floor":52,"key":"White Beast Statue"}],"event_choices":[{"cards_removed":["champ:Strike"],"damage_healed":0.0,"max_hp_gain":0.0,"max_hp_loss":0.0,"gold_gain":0.0,"event_name":"The Cleric","player_choice":"Card Removal","floor":5.0,"gold_loss":0.0,"damage_taken":0.0}],"is_beta":false,"boss_relics":[{"not_picked":["champ:ChampionCrownUpgraded","Ectoplasm"],"picked":"Coffee Dripper"},{"not_picked":["Calling Bell","Cursed Key"],"picked":"Empty Cage"}],"items_purged_floors":[14,23,31,53],"is_endless":false,"potions_floor_spawned":[3,4,12,15,22,28,29,30,32,36,38,48],"ascension_level":8}}