{"host":"9y5wzm42mhwaohmn","time":1609180661,"event":{"mods":["AchievementEnabler","BaseMod","GifTheSpireLib","Highlight Path","Minty Spire (QoL Compilation)","StSLib","The Animator","The Marked","The Senshi"],"gold_per_floor":[117,132,132,144,55,55,88,88,88,106,124,135,135,154,154,154,154],"floor_reached":16,"playtime":1111,"items_purged":[],"score":104,"play_id":"1228df1b-e339-4b97-bfe4-d05cbebf550a","local_time":"20201228133741","is_ascension_mode":false,"campfire_choices":[{"data":"theMarked:MysticalArsenal","floor":6,"key":"SMITH"},{"data":"theMarked:SoldierOfQuellstein","floor":8,"key":"SMITH"},{"data":"theMarked:Reabsorb","floor":15,"key":"SMITH"}],"circlet_count":0,"master_deck":["theMarked:Strike","theMarked:Strike","theMarked:Strike","theMarked:Strike","theMarked:Strike","theMarked:Defend","theMarked:Defend","theMarked:Defend","theMarked:Defend","theMarked:SoldierOfQuellstein+1","theMarked:Aftermath","theMarked:MysticalArsenal+1","theMarked:BanishingStrike","theMarked:Opportunist","theMarked:EmpowerWeapon","theMarked:ReduceFriction","theMarked:BanishingStrike","theMarked:SoldierForm","theMarked:SwordAndMagic","theMarked:Reabsorb+1"],"relics":["theMarked:ArtifactOfAir","NeowsBlessing","White Beast Statue","HornCleat"],"acts_visited":["Exordium"],"potions_floor_usage":[11,12,14,14,14,16],"damage_taken":[{"damage":0,"enemies":"Cultist","floor":1,"turns":1},{"damage":0,"enemies":"Small Slimes","floor":2,"turns":1},{"damage":0,"enemies":"2 Louse","floor":4,"turns":1},{"damage":16,"enemies":"Lagavulin","floor":7,"turns":5},{"damage":6,"enemies":"Exordium Wildlife","floor":10,"turns":5},{"damage":7,"enemies":"Gremlin Gang","floor":11,"turns":4},{"damage":13,"enemies":"Red Slaver","floor":12,"turns":3},{"damage":3,"enemies":"Lots of Slimes","floor":14,"turns":4},{"damage":20,"enemies":"The Guardian","floor":16,"turns":9}],"seed_played":"8485842567850320602","potions_obtained":[{"floor":3,"key":"ColorlessPotion"},{"floor":3,"key":"Dexterity Potion"},{"floor":3,"key":"Block Potion"},{"floor":11,"key":"LiquidBronze"},{"floor":12,"key":"Regen Potion"},{"floor":14,"key":"BlessingOfTheForge"}],"is_trial":false,"path_per_floor":["M","M","?","M","$","R","E","R","T","M","M","M","?","M","R","B"],"character_chosen":"THE_DEFAULT","items_purchased":["theMarked:Opportunist","theMarked:EmpowerWeapon"],"campfire_rested":0,"item_purchase_floors":[5,5],"current_hp_per_floor":[70,70,70,70,70,70,54,54,54,48,41,28,10,19,19,0,0],"gold":154,"neow_bonus":"THREE_ENEMY_KILL","is_daily":false,"chose_seed":false,"campfire_upgraded":3,"win_rate":0.0,"timestamp":1609180661,"path_taken":["M","M","?","M","?","R","E","R","T","M","M","M","?","M","R","BOSS"],"items_purchased_type":["Card","Card"],"build_version":"2020-12-22","purchased_purges":0,"victory":false,"max_hp_per_floor":[70,70,70,70,70,70,70,70,70,70,70,70,70,70,70,70,70],"card_choices":[{"not_picked":["theMarked:TwofoldDefense","theMarked:HeightenedSenses"],"picked":"theMarked:Aftermath","floor":1},{"not_picked":["theMarked:EmpowerWeapon","theMarked:Parkour"],"picked":"theMarked:MysticalArsenal","floor":2},{"not_picked":["theMarked:Aftermath","theMarked:MagicAdept"],"picked":"theMarked:BanishingStrike","floor":4},{"not_picked":["theMarked:Overcharge","theMarked:ChainLightning"],"picked":"theMarked:ReduceFriction","floor":7},{"not_picked":["theMarked:EmpowerWeapon","theMarked:Parkour"],"picked":"theMarked:BanishingStrike","floor":10},{"not_picked":["theMarked:BanishingStrike","theMarked:Frustration"],"picked":"theMarked:SoldierForm","floor":11},{"not_picked":["theMarked:ContemptForTheProud","theMarked:WastefulAttack"],"picked":"theMarked:SwordAndMagic","floor":12},{"not_picked":["theMarked:TwofoldDefense","theMarked:HeightenedSenses"],"picked":"theMarked:Reabsorb","floor":14}],"player_experience":325191,"relics_obtained":[{"floor":7,"key":"White Beast Statue"}],"event_choices":[{"damage_healed":0,"gold_gain":0,"player_choice":"Got Potions","damage_taken":0,"max_hp_gain":0,"max_hp_loss":0,"event_name":"Lab","floor":3,"gold_loss":0},{"damage_healed":0,"gold_gain":0,"player_choice":"Success","damage_taken":18,"relics_obtained":["HornCleat"],"max_hp_gain":0,"max_hp_loss":0,"event_name":"Scrap Ooze","floor":13,"gold_loss":0}],"is_beta":false,"boss_relics":[],"items_purged_floors":[],"is_endless":false,"potions_floor_spawned":[7,10,11,12,14],"killed_by":"The Guardian","ascension_level":0}}