{"host":"qj91dvco5uhu9oti","time":1609156378,"event":{"mods":["BaseMod","Colored Map","Keyboard Shortcuts","Minty Spire (QoL Compilation)","Permanent Neow","Quick Restart","Relic Stats","StSLib","SuperFastMode","everything is the same but u backflip on backflip"],"gold_per_floor":[119,131,131,42,53,53,65,97,97,108,108,124,49,75,75,153,153,166,166,186,205,405,405,431,431,431,447,447,118,147,161,161,240,240,253,253,303,203,213,238,249,249,249,274,289,289,308,321,321,321,321,321,321,141,170,170,170],"floor_reached":56,"playtime":1610,"items_purged":["Strike_R","Strike_R","Strike_R"],"score":1968,"play_id":"bd2409ee-ad32-43a2-8b6d-8f4615cc548a","local_time":"20201228205258","is_ascension_mode":true,"campfire_choices":[{"data":"Inflame","floor":6.0,"key":"SMITH"},{"data":"Flame Barrier","floor":11.0,"key":"SMITH"},{"data":"Dual Wield","floor":15.0,"key":"SMITH"},{"data":"Limit Break","floor":23.0,"key":"SMITH"},{"data":"Limit Break","floor":25.0,"key":"SMITH"},{"data":"Sword Boomerang","floor":32.0,"key":"SMITH"},{"data":"Shockwave","floor":42.0,"key":"SMITH"},{"floor":49.0,"key":"RECALL"},{"data":"Battle Trance","floor":53.0,"key":"SMITH"}],"circlet_count":0,"master_deck":["AscendersBane","Defend_R","Defend_R","Defend_R","Defend_R","Bash","Reaper","Flame Barrier+1","Inflame+1","Burning Pact","Shockwave+1","Dual Wield+1","Limit Break+1","Spot Weakness","Limit Break+1","Sword Boomerang+1","Exhume","Offering","Inflame","Offering","Inflame","Battle Trance+1","Second Wind+1"],"relics":["Burning Blood","Singing Bowl","FossilizedHelix","Ginger","Runic Pyramid","Regal Pillow","Shuriken","Gremlin Horn","Eternal Feather","Coffee Dripper","Juzu Bracelet","Lantern","Strawberry"],"acts_visited":["Exordium","TheCity","TheBeyond","TheEnding"],"potions_floor_usage":[],"damage_taken":[{"damage":14.0,"enemies":"Small Slimes","floor":1.0,"turns":5.0},{"damage":2.0,"enemies":"2 Louse","floor":2.0,"turns":4.0},{"damage":11.0,"enemies":"Cultist","floor":5.0,"turns":5.0},{"damage":13.0,"enemies":"2 Fungi Beasts","floor":7.0,"turns":5.0},{"damage":70.0,"enemies":"3 Sentries","floor":8.0,"turns":12.0},{"damage":19.0,"enemies":"Exordium Thugs","floor":10.0,"turns":5.0},{"damage":6.0,"enemies":"Looter","floor":12.0,"turns":3.0},{"damage":32.0,"enemies":"Gremlin Nob","floor":14.0,"turns":5.0},{"damage":39.0,"enemies":"The Guardian","floor":16.0,"turns":13.0},{"damage":6.0,"enemies":"3 Byrds","floor":18.0,"turns":2.0},{"damage":11.0,"enemies":"Chosen","floor":20.0,"turns":5.0},{"damage":17.0,"enemies":"Centurion and Healer","floor":21.0,"turns":6.0},{"damage":95.0,"enemies":"Gremlin Leader","floor":24.0,"turns":5.0},{"damage":144.0,"enemies":"3 Cultists","floor":27.0,"turns":6.0},{"damage":88.0,"enemies":"Book of Stabbing","floor":30.0,"turns":5.0},{"damage":76.0,"enemies":"Cultist and Chosen","floor":31.0,"turns":7.0},{"damage":33.0,"enemies":"Automaton","floor":33.0,"turns":6.0},{"damage":57.0,"enemies":"3 Shapes","floor":35.0,"turns":4.0},{"damage":49.0,"enemies":"Orb Walker","floor":39.0,"turns":4.0},{"damage":18.0,"enemies":"Reptomancer","floor":40.0,"turns":2.0},{"damage":6.0,"enemies":"Maw","floor":41.0,"turns":5.0},{"damage":44.0,"enemies":"Nemesis","floor":44.0,"turns":7.0},{"damage":24.0,"enemies":"3 Darklings","floor":45.0,"turns":3.0},{"damage":74.0,"enemies":"Transient","floor":47.0,"turns":5.0},{"damage":6.0,"enemies":"Maw","floor":48.0,"turns":4.0},{"damage":134.0,"enemies":"Awakened One","floor":50.0,"turns":7.0},{"damage":122.0,"enemies":"Time Eater","floor":51.0,"turns":7.0},{"damage":152.0,"enemies":"Shield and Spear","floor":55.0,"turns":6.0},{"damage":80,"enemies":"The Heart","floor":56,"turns":3}],"seed_played":"-1067334588070218234","potions_obtained":[{"floor":1.0,"key":"AttackPotion"},{"floor":7.0,"key":"GamblersBrew"},{"floor":16.0,"key":"AttackPotion"},{"floor":21.0,"key":"ColorlessPotion"},{"floor":33.0,"key":"Energy Potion"},{"floor":45.0,"key":"Fruit Juice"}],"is_trial":false,"path_per_floor":["M","M","?","$","M","R","M","E","T","M","R","M","?","E","R","B",null,"M","?","M","M","?","R","E","R","T","M","?","$","E","M","R","B",null,"M","?","?","$","M","E","M","R","T","E","M","?","M","M","R","B","B",null,"R","$","E","B"],"character_chosen":"IRONCLAD","items_purchased":["Burning Pact","Offering","Inflame","BloodPotion"],"campfire_rested":0,"item_purchase_floors":[4,29,29,54],"current_hp_per_floor":[49,59,52,52,51,51,58,24,24,25,25,37,37,23,23,9,62,70,70,83,83,83,83,50,50,50,30,30,30,16,60,72,91,91,93,88,88,88,90,90,92,92,92,92,94,94,96,98,98,98,103,103,103,103,80,0,0],"gold":170,"neow_bonus":"THREE_RARE_CARDS","is_daily":false,"chose_seed":true,"campfire_upgraded":8,"win_rate":0.0,"timestamp":1609156378,"path_taken":["M","M","?","$","M","R","M","E","T","M","R","M","?","E","R","BOSS","M","?","M","?","?","R","E","R","T","?","?","$","E","M","R","BOSS","M","?","?","$","M","E","M","R","T","E","M","?","M","M","R","BOSS","BOSS","R","$","E","BOSS"],"items_purchased_type":["Card","Card","Card","Potion"],"build_version":"2020-12-22","purchased_purges":3,"victory":false,"max_hp_per_floor":[75,75,75,75,75,75,75,75,75,75,75,77,77,79,79,79,79,81,81,83,83,83,83,85,85,85,87,87,87,89,91,91,91,91,93,88,88,88,90,90,92,92,92,92,94,94,96,98,98,98,103,103,103,103,110,110,110],"relic_stats":{"Regal Pillow":0,"Singing Bowl":28,"Gremlin Horn":[11,14],"counters":[29,156],"Shuriken":[4],"Eternal Feather":12,"Juzu Bracelet":1,"Ginger":[21],"obtain_stats":[{"Regal Pillow":19,"Lantern":44,"Singing Bowl":8,"Gremlin Horn":26,"Eternal Feather":30,"Juzu Bracelet":40,"Ginger":14,"Burning Blood":0,"Shuriken":24,"Strawberry":55,"Coffee Dripper":34,"FossilizedHelix":9,"Runic Pyramid":17},{"Regal Pillow":10,"Lantern":22,"Singing Bowl":5,"Gremlin Horn":13,"Eternal Feather":15,"Juzu Bracelet":20,"Ginger":8,"Burning Blood":0,"Shuriken":13,"Strawberry":28,"Coffee Dripper":17,"FossilizedHelix":5,"Runic Pyramid":9},{"Regal Pillow":59,"Lantern":121,"Singing Bowl":31,"Gremlin Horn":75,"Eternal Feather":86,"Juzu Bracelet":109,"Ginger":44,"Burning Blood":0,"Shuriken":75,"Strawberry":153,"Coffee Dripper":99,"FossilizedHelix":31,"Runic Pyramid":57}],"Burning Blood":96},"card_choices":[{"not_picked":["Demon Form","Barricade"],"picked":"Reaper","floor":0.0},{"not_picked":["Searing Blow","Ghostly Armor"],"picked":"Flame Barrier","floor":1.0},{"not_picked":["Twin Strike","Shockwave"],"picked":"Inflame","floor":2.0},{"not_picked":["Feel No Pain","Fire Breathing"],"picked":"Shockwave","floor":5.0},{"not_picked":["Twin Strike","Body Slam"],"picked":"Dual Wield","floor":7.0},{"not_picked":["Fire Breathing","Pommel Strike"],"picked":"Limit Break","floor":8.0},{"not_picked":["Armaments","Dropkick"],"picked":"Spot Weakness","floor":10.0},{"not_picked":["Rampage","Wild Strike","Iron Wave"],"picked":"Singing Bowl","floor":12.0},{"not_picked":["Havoc","Rampage","Warcry"],"picked":"Singing Bowl","floor":14.0},{"not_picked":["Fiend Fire","Demon Form"],"picked":"Limit Break","floor":16.0},{"not_picked":["Iron Wave","Havoc","Combust"],"picked":"Singing Bowl","floor":18.0},{"not_picked":["Body Slam","Dropkick","Uppercut"],"picked":"Singing Bowl","floor":20.0},{"not_picked":["Pommel Strike","Flame Barrier"],"picked":"Sword Boomerang","floor":21.0},{"not_picked":["Sever Soul","Iron Wave","Shrug It Off"],"picked":"Singing Bowl","floor":24.0},{"not_picked":["Rampage+1","Iron Wave","Perfected Strike"],"picked":"Singing Bowl","floor":27.0},{"not_picked":["Burning Pact","Thunderclap","Rampage"],"picked":"Singing Bowl","floor":30.0},{"not_picked":["Dark Embrace+1","Shockwave+1","Inflame"],"picked":"Singing Bowl","floor":31.0},{"not_picked":["Berserk","Fiend Fire"],"picked":"Offering","floor":33.0},{"not_picked":["Warcry","Combust","Reckless Charge"],"picked":"Singing Bowl","floor":35.0},{"not_picked":["Rupture","Headbutt","Clash+1"],"picked":"Singing Bowl","floor":39.0},{"not_picked":["Clash","Intimidate"],"picked":"Inflame","floor":40.0},{"not_picked":["Shrug It Off","Armaments","Shockwave"],"picked":"Singing Bowl","floor":41.0},{"not_picked":["Anger","Armaments+1"],"picked":"Battle Trance","floor":44.0},{"not_picked":["Wild Strike","Sever Soul+1","Demon Form"],"picked":"Singing Bowl","floor":45.0},{"not_picked":["Iron Wave","Twin Strike+1","Flex"],"picked":"Singing Bowl","floor":47.0},{"not_picked":["Pommel Strike","Thunderclap","Twin Strike"],"picked":"Singing Bowl","floor":48.0},{"not_picked":["Thunderclap","Feel No Pain"],"picked":"Second Wind+1","floor":55.0}],"player_experience":315989,"relics_obtained":[{"floor":8.0,"key":"Singing Bowl"},{"floor":9.0,"key":"FossilizedHelix"},{"floor":14.0,"key":"Ginger"},{"floor":24.0,"key":"Shuriken"},{"floor":26.0,"key":"Gremlin Horn"},{"floor":30.0,"key":"Eternal Feather"},{"floor":40.0,"key":"Juzu Bracelet"},{"floor":44.0,"key":"Lantern"},{"floor":55.0,"key":"Strawberry"}],"event_choices":[{"cards_removed":["Strike_R"],"damage_healed":0.0,"max_hp_gain":0.0,"max_hp_loss":0.0,"gold_gain":0.0,"event_name":"Golden Wing","player_choice":"Card Removal","floor":3.0,"gold_loss":0.0,"damage_taken":7.0},{"cards_removed":["Strike_R"],"damage_healed":0.0,"max_hp_gain":0.0,"max_hp_loss":0.0,"gold_gain":0.0,"event_name":"The Cleric","player_choice":"Card Removal","floor":13.0,"gold_loss":75.0,"damage_taken":0.0},{"damage_healed":0.0,"max_hp_gain":0.0,"max_hp_loss":0.0,"gold_gain":0.0,"event_name":"WeMeetAgain","player_choice":"Gave Potion","floor":19.0,"gold_loss":0.0,"damage_taken":0.0,"relics_obtained":["Regal Pillow"]},{"damage_healed":0.0,"max_hp_gain":0.0,"max_hp_loss":0.0,"gold_gain":250.0,"event_name":"The Joust","player_choice":"Bet on Owner","floor":22.0,"gold_loss":50.0,"damage_taken":0.0},{"damage_healed":0.0,"max_hp_gain":0.0,"max_hp_loss":0.0,"gold_gain":0.0,"event_name":"Match and Keep!","player_choice":"1 cards matched","floor":28.0,"gold_loss":0.0,"damage_taken":0.0,"cards_obtained":["Exhume"]},{"damage_healed":0.0,"max_hp_gain":0.0,"max_hp_loss":5.0,"gold_gain":0.0,"event_name":"Winding Halls","player_choice":"Max HP","floor":36.0,"gold_loss":0.0,"damage_taken":0.0},{"damage_healed":0.0,"max_hp_gain":0.0,"max_hp_loss":0.0,"gold_gain":50.0,"event_name":"Golden Shrine","player_choice":"Pray","floor":37.0,"gold_loss":0.0,"damage_taken":0.0},{"damage_healed":0.0,"max_hp_gain":0.0,"max_hp_loss":0.0,"gold_gain":0.0,"event_name":"SecretPortal","player_choice":"Ignored","floor":46.0,"gold_loss":0.0,"damage_taken":0.0}],"is_beta":false,"boss_relics":[{"not_picked":["Busted Crown","Fusion Hammer"],"picked":"Runic Pyramid"},{"not_picked":["Empty Cage","Tiny House"],"picked":"Coffee Dripper"}],"items_purged_floors":[29,38,54],"is_endless":false,"potions_floor_spawned":[1,7,8,10,16,18,21,27,31,33,39,44,45],"killed_by":"The Heart","ascension_level":20}}