{"host":"sxnl403xm2xmiyj1","time":1609127636,"event":{"mods":["AchievementEnabler","BaseMod","Colored Map","Keyboard Shortcuts","Minty Spire (QoL Compilation)","Quick Restart","StSLib","SuperFastMode"],"gold_per_floor":[111,131,131,141,155,190,190,190,271,302,302,302,332,46,46,144,144,158,183,183,193,211,211,242,259,312,329,17,17,52,52,52,148,148,166,166,183,193,211,242,242,270,347,357,357,369,383,415,415,415],"floor_reached":51,"playtime":1497,"items_purged":[],"score":1391,"play_id":"08e3ca1f-143b-428f-9712-66c759cffd99","local_time":"20201228125356","is_ascension_mode":true,"campfire_choices":[{"data":"Venomology","floor":8.0,"key":"SMITH"},{"data":"Cloak And Dagger","floor":12.0,"key":"SMITH"},{"data":"Blade Dance","floor":15.0,"key":"SMITH"},{"data":"Blade Dance","floor":23.0,"key":"SMITH"},{"data":"After Image","floor":29.0,"key":"SMITH"},{"data":"Cloak And Dagger","floor":32.0,"key":"SMITH"},{"data":"Envenom","floor":41.0,"key":"SMITH"},{"data":"Envenom","floor":49.0,"key":"SMITH"}],"circlet_count":0,"master_deck":["Strike_G","Defend_G","Defend_G+1","Defend_G+1","Defend_G","Defend_G","Survivor","Neutralize","Venomology+1","Blade Dance+1","Dash","Cloak And Dagger+1","Cloak And Dagger+1","Eviscerate","Blade Dance+1","After Image+1","Infinite Blades","Tools of the Trade","Acrobatics","Calculated Gamble+1","Deflect+1","Underhanded Strike","Deflect","Backflip+1","Dagger Throw","PiercingWail","Envenom+1","Blade Dance+1","Madness","Madness","Sucker Punch+1","Backstab+1","Blade Dance+1","Phantasmal Killer+1","Envenom+1","Panacea+1","Eviscerate+1","Escape Plan+1","Terror+1"],"relics":["Ring of the Snake","Ice Cream","Question Card","PreservedInsect","Ninja Scroll","Kunai","SlaversCollar","Vajra","Smiling Mask","MealTicket","Tingsha","Regal Pillow","Empty Cage","Toxic Egg 2","Blood Vial","Bronze Scales"],"acts_visited":["Exordium","TheCity","TheBeyond"],"potions_floor_usage":[50,50],"damage_taken":[{"damage":2.0,"enemies":"Jaw Worm","floor":1.0,"turns":5.0},{"damage":0.0,"enemies":"Cultist","floor":2.0,"turns":5.0},{"damage":0.0,"enemies":"2 Louse","floor":4.0,"turns":1.0},{"damage":0.0,"enemies":"Blue Slaver","floor":5.0,"turns":5.0},{"damage":19.0,"enemies":"3 Sentries","floor":6.0,"turns":11.0},{"damage":1.0,"enemies":"Lagavulin","floor":10.0,"turns":5.0},{"damage":0.0,"enemies":"3 Sentries","floor":13.0,"turns":5.0},{"damage":1.0,"enemies":"Hexaghost","floor":16.0,"turns":9.0},{"damage":0.0,"enemies":"2 Thieves","floor":18.0,"turns":2.0},{"damage":10.0,"enemies":"Chosen","floor":21.0,"turns":5.0},{"damage":12.0,"enemies":"Centurion and Healer","floor":22.0,"turns":6.0},{"damage":0.0,"enemies":"Slavers","floor":24.0,"turns":4.0},{"damage":0.0,"enemies":"3 Cultists","floor":25.0,"turns":4.0},{"damage":9.0,"enemies":"Snake Plant","floor":27.0,"turns":6.0},{"damage":0.0,"enemies":"Gremlin Leader","floor":30.0,"turns":2.0},{"damage":0.0,"enemies":"Automaton","floor":33.0,"turns":9.0},{"damage":0.0,"enemies":"Orb Walker","floor":35.0,"turns":3.0},{"damage":4.0,"enemies":"3 Shapes","floor":37.0,"turns":6.0},{"damage":0.0,"enemies":"3 Darklings","floor":38.0,"turns":8.0},{"damage":6.0,"enemies":"Maw","floor":39.0,"turns":6.0},{"damage":0.0,"enemies":"Nemesis","floor":40.0,"turns":5.0},{"damage":0.0,"enemies":"Giant Head","floor":42.0,"turns":5.0},{"damage":50.0,"enemies":"Transient","floor":44.0,"turns":5.0},{"damage":0.0,"enemies":"Sphere and 2 Shapes","floor":46.0,"turns":4.0},{"damage":0.0,"enemies":"Spire Growth","floor":47.0,"turns":4.0},{"damage":13.0,"enemies":"Nemesis","floor":48.0,"turns":5.0},{"damage":12,"enemies":"Donu and Deca","floor":50,"turns":8}],"seed_played":"4712609909821768457","potions_obtained":[{"floor":2.0,"key":"LiquidMemories"},{"floor":5.0,"key":"Regen Potion"},{"floor":6.0,"key":"Poison Potion"},{"floor":10.0,"key":"BlessingOfTheForge"},{"floor":25.0,"key":"LiquidMemories"},{"floor":27.0,"key":"DistilledChaos"},{"floor":44.0,"key":"Swift Potion"}],"is_trial":false,"path_per_floor":["M","M","?","M","M","E","?","R","T","E","?","R","E","$","R","B",null,"M","T","?","M","M","R","E","M","T","M","$","R","E","?","R","B",null,"M","?","M","M","M","E","R","E","T","M","?","M","M","E","R","B",null],"character_chosen":"THE_SILENT","items_purchased":["Infinite Blades","Kunai","Tingsha","Dagger Throw"],"campfire_rested":0,"item_purchase_floors":[14,14,28,28],"current_hp_per_floor":[61,61,61,61,61,57,43,43,43,42,42,42,42,42,42,41,63,63,63,63,53,41,41,41,41,41,32,47,47,47,34,34,34,65,65,56,52,52,46,46,46,46,46,22,22,24,26,15,15,5],"gold":415,"neow_bonus":"ONE_RANDOM_RARE_CARD","is_daily":false,"chose_seed":false,"campfire_upgraded":8,"win_rate":0.0,"timestamp":1609127636,"path_taken":["M","M","?","M","?","E","?","R","T","E","?","R","E","$","R","BOSS","M","?","?","M","M","R","E","M","T","M","?","R","E","?","R","BOSS","M","?","M","M","M","E","R","E","T","M","?","M","M","E","R","BOSS"],"items_purchased_type":["Card","Relic","Relic","Card"],"build_version":"2020-12-22","purchased_purges":0,"victory":true,"max_hp_per_floor":[70,70,70,70,70,70,70,70,70,70,70,70,70,70,70,70,70,70,70,70,70,70,70,70,70,70,70,70,70,70,75,75,75,75,75,75,75,75,75,75,75,75,75,75,75,75,75,75,75,75],"card_choices":[{"not_picked":["Slice","Expertise"],"picked":"Blade Dance","floor":1.0},{"not_picked":["Flechettes","Riddle With Holes"],"picked":"Dash","floor":2.0},{"not_picked":["Poisoned Stab","Underhanded Strike"],"picked":"Cloak And Dagger","floor":4.0},{"not_picked":["Tactician","Outmaneuver"],"picked":"Cloak And Dagger","floor":5.0},{"not_picked":["Distraction","Concentrate"],"picked":"Eviscerate","floor":6.0},{"not_picked":["PiercingWail","Well Laid Plans","Heel Hook"],"picked":"Blade Dance","floor":10.0},{"not_picked":["Sucker Punch","Leg Sweep","Concentrate"],"picked":"After Image","floor":13.0},{"not_picked":["Venomology","Die Die Die","Storm of Steel"],"picked":"Tools of the Trade","floor":16.0},{"not_picked":["Bane","Flying Knee","Backstab"],"picked":"Acrobatics","floor":18.0},{"not_picked":["Well Laid Plans","Dagger Spray","Bane"],"picked":"Calculated Gamble+1","floor":21.0},{"not_picked":["Crippling Poison+1","Poisoned Stab","Backflip"],"picked":"Deflect+1","floor":22.0},{"not_picked":["Expertise","Catalyst","Riddle With Holes"],"picked":"Underhanded Strike","floor":24.0},{"not_picked":["Bane","Catalyst+1","Dodge and Roll"],"picked":"Deflect","floor":25.0},{"not_picked":["Expertise+1","Well Laid Plans","Deadly Poison+1"],"picked":"Backflip+1","floor":27.0},{"not_picked":["Well Laid Plans+1","Backflip+1","Night Terror"],"picked":"PiercingWail","floor":30.0},{"not_picked":["Malaise","Phantasmal Killer","Night Terror"],"picked":"Envenom","floor":33.0},{"not_picked":["Caltrops","Catalyst+1","Dodge and Roll"],"picked":"Blade Dance+1","floor":35.0},{"not_picked":["All Out Attack+1","Masterful Stab","Dodge and Roll+1"],"picked":"Sucker Punch+1","floor":37.0},{"not_picked":["Well Laid Plans+1","Bane+1","Dagger Throw+1"],"picked":"Backstab+1","floor":38.0},{"not_picked":["Deadly Poison","Flying Knee+1","Cloak And Dagger"],"picked":"Blade Dance+1","floor":39.0},{"not_picked":["Slice","Cloak And Dagger+1","Acrobatics+1"],"picked":"Phantasmal Killer+1","floor":40.0},{"not_picked":["Choke","Tactician+1","Distraction+1"],"picked":"Envenom","floor":42.0},{"not_picked":["Sucker Punch+1","Catalyst+1","Quick Slash","Deadly Poison+1"],"picked":"SKIP","floor":44.0},{"not_picked":["Mind Blast","HandOfGreed","Enlightenment+1"],"picked":"Panacea+1","floor":45.0},{"not_picked":["Bane","Dagger Spray+1","Slice"],"picked":"Eviscerate+1","floor":46.0},{"not_picked":["Concentrate+1","Prepared+1","Quick Slash+1"],"picked":"Escape Plan+1","floor":47.0},{"not_picked":["Backstab+1","Dash","Reflex+1"],"picked":"Terror+1","floor":48.0}],"player_experience":129917,"relics_obtained":[{"floor":6.0,"key":"Ice Cream"},{"floor":9.0,"key":"Question Card"},{"floor":10.0,"key":"PreservedInsect"},{"floor":13.0,"key":"Ninja Scroll"},{"floor":19.0,"key":"Vajra"},{"floor":24.0,"key":"Smiling Mask"},{"floor":26.0,"key":"MealTicket"},{"floor":30.0,"key":"Regal Pillow"},{"floor":40.0,"key":"Toxic Egg 2"},{"floor":42.0,"key":"Blood Vial"},{"floor":48.0,"key":"Bronze Scales"}],"event_choices":[{"cards_removed":["Strike_G"],"damage_healed":0.0,"max_hp_gain":0.0,"max_hp_loss":0.0,"gold_gain":0.0,"event_name":"Purifier","player_choice":"Purged","floor":3.0,"gold_loss":0.0,"damage_taken":0.0},{"damage_healed":0.0,"max_hp_gain":0.0,"max_hp_loss":0.0,"gold_gain":0.0,"event_name":"Shining Light","player_choice":"Entered Light","floor":7.0,"gold_loss":0.0,"damage_taken":14.0,"cards_upgraded":["Defend_G","Defend_G"]},{"cards_removed":["Strike_G"],"damage_healed":0.0,"max_hp_gain":0.0,"max_hp_loss":0.0,"gold_gain":0.0,"event_name":"Wheel of Change","player_choice":"Card Removal","floor":11.0,"gold_loss":0.0,"damage_taken":0.0},{"damage_healed":0.0,"max_hp_gain":0.0,"max_hp_loss":0.0,"gold_gain":0.0,"event_name":"Vampires","player_choice":"Ignored","floor":20.0,"gold_loss":0.0,"damage_taken":0.0},{"damage_healed":0.0,"max_hp_gain":5.0,"max_hp_loss":0.0,"gold_gain":0.0,"event_name":"Forgotten Altar","player_choice":"Shed Blood","floor":31.0,"gold_loss":0.0,"damage_taken":18.0},{"damage_healed":0.0,"max_hp_gain":0.0,"max_hp_loss":0.0,"gold_gain":0.0,"event_name":"Winding Halls","player_choice":"Embrace Madness","floor":36.0,"gold_loss":0.0,"damage_taken":9.0,"cards_obtained":["Madness","Madness"]},{"damage_healed":0.0,"max_hp_gain":0.0,"max_hp_loss":0.0,"gold_gain":0.0,"event_name":"SensoryStone","player_choice":"Memory 1","floor":45.0,"gold_loss":0.0,"damage_taken":0.0}],"is_beta":false,"boss_relics":[{"not_picked":["Velvet Choker","Runic Pyramid"],"picked":"SlaversCollar"},{"not_picked":["Pandora\u0027s Box","Fusion Hammer"],"picked":"Empty Cage"}],"items_purged_floors":[],"is_endless":false,"potions_floor_spawned":[2,5,6,10,24,25,27,38,40,44,47],"ascension_level":8}}