{"host":"6ko66ogg91i6g7xq","time":1609136255,"event":{"mods":["AchievementEnabler","Act Like it!","BaseMod","Colored Map","Colored Powertips","Downfall","Hermit","Minty Spire (QoL Compilation)","Quick Restart","Relic Stats","StSLib","The Jungle","everything is the same but u backflip on backflip"],"gold_per_floor":[116,38,58,58,58,83,83,83,108,183,210,229,264,439,439,439,439],"floor_reached":16,"playtime":422,"items_purged":[],"score":155,"play_id":"df404cc7-2890-4665-b55c-c1452e6df381","local_time":"20201228011735","is_ascension_mode":true,"campfire_choices":[{"floor":8,"key":"RECALL"},{"data":"Infinite Blades","floor":15,"key":"SMITH"}],"circlet_count":0,"master_deck":["Strike_G","Strike_G","Strike_G","Strike_G","Strike_G","Defend_G","Defend_G","Defend_G","Defend_G","Defend_G","Survivor","Neutralize","Blade Dance","Infinite Blades+1","Leg Sweep","After Image","Doubt"],"relics":["Ring of the Snake","NeowsBlessing","The Courier","PreservedInsect","Akabeko","HornCleat","Mango"],"acts_visited":["Exordium"],"potions_floor_usage":[13,16],"damage_taken":[{"damage":0,"enemies":"2 Louse","floor":1,"turns":1},{"damage":0,"enemies":"Small Slimes","floor":3,"turns":1},{"damage":0,"enemies":"3 Sentries","floor":6,"turns":2},{"damage":8,"enemies":"Gremlin Nob","floor":11,"turns":3},{"damage":2,"enemies":"Jaw Worm","floor":12,"turns":3},{"damage":8,"enemies":"3 Sentries","floor":13,"turns":5},{"damage":4,"enemies":"The Guardian","floor":16,"turns":10}],"seed_played":"-1049946042044969328","potions_obtained":[{"floor":11,"key":"Explosive Potion"},{"floor":12,"key":"Energy Potion"},{"floor":13,"key":"Poison Potion"}],"is_trial":false,"path_per_floor":["M","$","M","$","?","E","?","R","T","?","E","M","E","?","R","B"],"character_chosen":"THE_SILENT","items_purchased":["Infinite Blades"],"campfire_rested":0,"item_purchase_floors":[2],"current_hp_per_floor":[70,70,70,70,70,70,70,70,70,59,51,49,55,55,55,51,51],"gold":439,"neow_bonus":"THREE_ENEMY_KILL","is_daily":false,"chose_seed":false,"campfire_upgraded":1,"win_rate":0.0,"timestamp":1609136255,"path_taken":["M","$","M","$","?","E","?","R","T","?","E","M","E","?","R","BOSS"],"items_purchased_type":["Card"],"build_version":"2020-12-22","purchased_purges":0,"victory":false,"max_hp_per_floor":[70,70,70,70,70,70,70,70,70,70,70,70,84,84,84,84,84],"relic_stats":{"counters":[7,25],"PreservedInsect":53,"obtain_stats":[{"HornCleat":11,"NeowsBlessing":0,"Mango":13,"The Courier":6,"PreservedInsect":7,"Akabeko":9,"Ring of the Snake":0},{"HornCleat":4,"NeowsBlessing":0,"Mango":6,"The Courier":3,"PreservedInsect":3,"Akabeko":3,"Ring of the Snake":0},{"HornCleat":7,"NeowsBlessing":0,"Mango":15,"The Courier":4,"PreservedInsect":4,"Akabeko":4,"Ring of the Snake":0}],"Ring of the Snake":[14]},"card_choices":[{"not_picked":["PiercingWail","Masterful Stab"],"picked":"Blade Dance","floor":1},{"not_picked":["Poisoned Stab","Tactician","Prepared"],"picked":"SKIP","floor":3},{"not_picked":["Flying Knee","Deadly Poison","Deflect"],"picked":"SKIP","floor":6},{"not_picked":["Dodge and Roll","Acrobatics"],"picked":"Leg Sweep","floor":11},{"not_picked":["Crippling Poison","Expertise","Sucker Punch"],"picked":"SKIP","floor":12},{"not_picked":["Concentrate","Outmaneuver"],"picked":"After Image","floor":13}],"player_experience":264682,"relics_obtained":[{"floor":6,"key":"The Courier"},{"floor":9,"key":"Akabeko"},{"floor":11,"key":"HornCleat"},{"floor":13,"key":"Mango"}],"event_choices":[{"damage_healed":0,"gold_gain":0,"player_choice":"Ignored","damage_taken":0,"max_hp_gain":0,"max_hp_loss":0,"event_name":"Golden Wing","floor":5,"gold_loss":0},{"damage_healed":0,"gold_gain":0,"player_choice":"Searched \u00272\u0027 times","damage_taken":0,"relics_obtained":["PreservedInsect"],"max_hp_gain":0,"max_hp_loss":0,"event_name":"Dead Adventurer","floor":7,"gold_loss":0},{"damage_healed":0,"gold_gain":75,"player_choice":"Gather Gold","damage_taken":11,"max_hp_gain":0,"max_hp_loss":0,"event_name":"World of Goop","floor":10,"gold_loss":0},{"damage_healed":0,"gold_gain":175,"player_choice":"AGREE","damage_taken":0,"max_hp_gain":0,"max_hp_loss":0,"event_name":"Liars Game","floor":14,"gold_loss":0,"cards_obtained":["Doubt"]}],"is_beta":false,"boss_relics":[],"items_purged_floors":[],"is_endless":false,"potions_floor_spawned":[11,12,13],"killed_by":"The Guardian","ascension_level":2}}