{"host":"Shugu","time":1609169733,"event":{"mods":["BaseMod","Colored Powertips","Minty Spire (QoL Compilation)","Waifu the Spire"],"gold_per_floor":[119,119,133,58,133,161,61,61,61,61,72,172,183,198,198,302,352,372,386,401,401,401],"floor_reached":21,"playtime":636,"items_purged":["Strike_R","Strike_R"],"score":299,"play_id":"d1ce39e2-a851-408c-9791-f6869759d9d8","local_time":"20201228233533","is_ascension_mode":true,"campfire_choices":[{"data":"Searing Blow+1","floor":10.0,"key":"SMITH"},{"data":"Searing Blow+2","floor":15.0,"key":"SMITH"}],"circlet_count":0,"master_deck":["Strike_R","Strike_R","Strike_R","Defend_R","Defend_R","Defend_R","Defend_R+1","Bash+1","Searing Blow+3","Shrug It Off+1","Pommel Strike","Shrug It Off","Pommel Strike","Uppercut+1"],"relics":["Burning Blood","NeowsBlessing","Omamori","Tiny House"],"acts_visited":["Exordium","TheCity"],"potions_floor_usage":[19,21],"damage_taken":[{"damage":0.0,"enemies":"2 Louse","floor":1.0,"turns":1.0},{"damage":0.0,"enemies":"Cultist","floor":3.0,"turns":1.0},{"damage":0.0,"enemies":"3 Sentries","floor":6.0,"turns":2.0},{"damage":5.0,"enemies":"Small Slimes","floor":11.0,"turns":3.0},{"damage":4.0,"enemies":"2 Fungi Beasts","floor":13.0,"turns":3.0},{"damage":9.0,"enemies":"Looter","floor":14.0,"turns":3.0},{"damage":26.0,"enemies":"Slime Boss","floor":16.0,"turns":8.0},{"damage":6,"enemies":"Chosen","floor":18,"turns":6},{"damage":24,"enemies":"Shell Parasite","floor":19,"turns":4},{"damage":29,"enemies":"Snake Plant","floor":20,"turns":4},{"damage":31,"enemies":"3 Cultists","floor":21,"turns":6}],"seed_played":"-8259387435099206901","potions_obtained":[{"floor":1.0,"key":"Block Potion"},{"floor":3.0,"key":"CultistPotion"},{"floor":16.0,"key":"LiquidBronze"},{"floor":17.0,"key":"LiquidMemories"}],"is_trial":false,"path_per_floor":["M","?","M","$","?","E","$","?","T","R","M","?","M","M","R","B",null,"M","M","M","M"],"character_chosen":"IRONCLAD","items_purchased":[],"campfire_rested":0,"item_purchase_floors":[],"current_hp_per_floor":[78,78,80,80,69,75,75,59,59,59,60,60,62,59,59,39,75,75,57,34,3,3],"gold":401,"neow_bonus":"THREE_ENEMY_KILL","is_daily":false,"chose_seed":false,"campfire_upgraded":2,"win_rate":0.0,"timestamp":1609169733,"path_taken":["M","?","?","$","?","E","$","?","T","R","M","?","?","M","R","BOSS","M","M","?","M"],"items_purchased_type":[],"build_version":"2020-12-18","purchased_purges":2,"victory":false,"max_hp_per_floor":[80,80,80,80,80,80,80,80,80,80,80,80,80,80,80,80,85,85,85,85,85,85],"card_choices":[{"not_picked":["Perfected Strike","Thunderclap"],"picked":"Searing Blow","floor":1.0},{"not_picked":["Pommel Strike","Iron Wave","Clash"],"picked":"SKIP","floor":3.0},{"not_picked":["Cleave","Body Slam"],"picked":"Shrug It Off","floor":6.0},{"not_picked":["Fiend Fire","Wild Strike"],"picked":"Pommel Strike","floor":11.0},{"not_picked":["Iron Wave","Dropkick","Infernal Blade"],"picked":"SKIP","floor":13.0},{"not_picked":["Sword Boomerang","Shockwave","Wild Strike"],"picked":"SKIP","floor":14.0},{"not_picked":["Cleave","Evolve"],"picked":"Shrug It Off","floor":17.0},{"not_picked":["Rage","Flame Barrier"],"picked":"Pommel Strike","floor":18},{"not_picked":["Infernal Blade","Wild Strike+1","Clothesline"],"picked":"SKIP","floor":19},{"not_picked":["Warcry","Clothesline"],"picked":"Uppercut+1","floor":20}],"player_experience":372578,"relics_obtained":[{"floor":6.0,"key":"Omamori"}],"event_choices":[{"damage_healed":0.0,"max_hp_gain":0.0,"max_hp_loss":0.0,"gold_gain":0.0,"event_name":"Accursed Blacksmith","player_choice":"Forge","floor":2.0,"gold_loss":0.0,"damage_taken":0.0,"cards_upgraded":["Searing Blow"]},{"damage_healed":0.0,"max_hp_gain":0.0,"max_hp_loss":0.0,"gold_gain":75.0,"event_name":"World of Goop","player_choice":"Gather Gold","floor":5.0,"gold_loss":0.0,"damage_taken":11.0},{"damage_healed":0.0,"max_hp_gain":0.0,"max_hp_loss":0.0,"gold_gain":0.0,"event_name":"Shining Light","player_choice":"Entered Light","floor":8.0,"gold_loss":0.0,"damage_taken":16.0,"cards_upgraded":["Defend_R","Bash"]},{"damage_healed":0.0,"max_hp_gain":0.0,"max_hp_loss":0.0,"gold_gain":100.0,"event_name":"Golden Shrine","player_choice":"Pray","floor":12.0,"gold_loss":0.0,"damage_taken":0.0}],"is_beta":true,"boss_relics":[{"not_picked":["Runic Cube","SlaversCollar"],"picked":"Tiny House"}],"items_purged_floors":[4,7],"is_endless":false,"potions_floor_spawned":[1,3,16,18],"killed_by":"3 Cultists","ascension_level":9}}