{"host":"f5gffvlv6a66yqkd","time":1609136182,"event":{"mods":["2.2 Compatiblity","BaseMod","Colored Map","DeckTracker","Keyboard Shortcuts","Lobotomy","Minty Spire (QoL Compilation)","Permanent Neow","Quick Restart","Relic Stats","StSLib","SuperFastMode"],"gold_per_floor":[110,30,205,216,216,216,245,261,287,287,305,305,195,218,218,321,321,339,351,365,383,395,425,425,425],"floor_reached":24,"playtime":1046,"items_purged":["QueenOfHatred"],"score":229,"play_id":"4c24b3c9-2fc3-4c3d-9998-ed1030ceb52f","local_time":"20201228151622","is_ascension_mode":true,"campfire_choices":[{"data":"Zap","floor":6.0,"key":"SMITH"},{"data":"Genetic Algorithm","floor":12.0,"key":"SMITH"},{"floor":15.0,"key":"REST"}],"circlet_count":0,"master_deck":["Strike_B","Strike_B","Strike_B","Strike_B","Defend_B","Defend_B","Defend_B","Defend_B","Zap+1","Dualcast","Wellcheers","Turbo","Barrage","Biased Cognition","BigBird","Ball Lightning","Freischutz","Genetic Algorithm+1","Defragment","Stack","BlackSwan","Core Surge","ShyLook","Ball Lightning","Go for the Eyes","Echo Form","MeltingLove","Cold Snap","Mercenary","Electrodynamics","VoidDream","Defragment+1"],"relics":["Cracked Core","CogitoBucket","Regal Pillow","Potion Belt","Art of War","Odd Mushroom","Nuclear Battery","ChangeAnything","Gambling Chip"],"acts_visited":["Exordium","TheCity"],"potions_floor_usage":[16,16,16,21],"damage_taken":[{"damage":2.0,"enemies":"2 Louse","floor":1.0,"turns":3.0},{"damage":7.0,"enemies":"Small Slimes","floor":4.0,"turns":5.0},{"damage":24.0,"enemies":"3 Sentries","floor":7.0,"turns":10.0},{"damage":0.0,"enemies":"Cultist","floor":8.0,"turns":2.0},{"damage":11.0,"enemies":"Red Slaver","floor":11.0,"turns":2.0},{"damage":21.0,"enemies":"The Mushroom Lair","floor":14.0,"turns":3.0},{"damage":60,"enemies":"The Guardian","floor":16,"turns":10},{"damage":13,"enemies":"Shell Parasite","floor":18,"turns":5},{"damage":37,"enemies":"3 Byrds","floor":19,"turns":5},{"damage":24,"enemies":"Snecko","floor":20,"turns":5},{"damage":6,"enemies":"3 Cultists","floor":21,"turns":3},{"damage":20,"enemies":"Sentry and Sphere","floor":22,"turns":5},{"damage":25,"enemies":"Gremlin Leader","floor":23,"turns":6},{"damage":20,"enemies":"Centurion and Healer","floor":24,"turns":2}],"seed_played":"221480987597495016","potions_obtained":[{"floor":1.0,"key":"ColorlessPotion"},{"floor":4.0,"key":"DuplicationPotion"},{"floor":8.0,"key":"BlessingOfTheForge"},{"floor":18,"key":"GamblersBrew"},{"floor":19,"key":"Regen Potion"},{"floor":21,"key":"EssenceOfSteel"}],"is_trial":false,"path_per_floor":["M","$","?","M","?","R","E","M","T","?","M","R","$","?","R","B",null,"M","M","M","M","M","E","M"],"character_chosen":"DEFECT","items_purchased":["Cold Snap","Barrage","Defragment"],"campfire_rested":1,"item_purchase_floors":[2,2,13],"current_hp_per_floor":[73,73,73,66,54,54,42,48,48,48,43,43,43,22,59,11,75,62,28,4,61,44,19,0,0],"gold":425,"neow_bonus":"","is_daily":false,"chose_seed":false,"campfire_upgraded":2,"win_rate":0.0,"timestamp":1609136182,"path_taken":["M","$","?","M","?","R","E","M","T","?","?","R","?","?","R","BOSS","M","?","M","M","M","E","M"],"items_purchased_type":["Card","Card","Card"],"build_version":"2020-12-22","purchased_purges":1,"victory":false,"max_hp_per_floor":[75,75,75,75,75,75,75,75,75,75,75,75,75,75,75,75,75,75,75,75,75,75,75,75,75],"relic_stats":{"Regal Pillow":15,"counters":[16,68],"Gambling Chip":[4],"Art of War":[6],"obtain_stats":[{"Potion Belt":7,"Yang_Lob":20,"CogitoBucket":0,"Regal Pillow":5,"Gambling Chip":23,"Art of War":9,"Odd Mushroom":14,"ChangeAnything":18,"Cracked Core":0,"Nuclear Battery":17},{"Potion Belt":3,"Yang_Lob":11,"CogitoBucket":0,"Regal Pillow":2,"Gambling Chip":14,"Art of War":4,"Odd Mushroom":6,"ChangeAnything":9,"Cracked Core":0,"Nuclear Battery":7},{"Potion Belt":18,"Yang_Lob":51,"CogitoBucket":0,"Regal Pillow":8,"Gambling Chip":65,"Art of War":20,"Odd Mushroom":25,"ChangeAnything":41,"Cracked Core":0,"Nuclear Battery":35}]},"card_choices":[{"not_picked":["WallGazer","CherryBlossoms"],"picked":"Wellcheers","floor":1.0},{"not_picked":["Beam Cell","Static Discharge"],"picked":"Turbo","floor":1.0},{"not_picked":["Scorched","SpiderBud"],"picked":"QueenOfHatred","floor":4.0},{"not_picked":["Gash","Darkness"],"picked":"Biased Cognition","floor":4.0},{"not_picked":["DreamingCurrent","BeautyBeast"],"picked":"BigBird","floor":7.0},{"not_picked":["Sweeping Beam","Streamline"],"picked":"Ball Lightning","floor":7.0},{"not_picked":["Streamline","Static Discharge","Leap"],"picked":"SKIP","floor":8.0},{"not_picked":["CherryBlossoms","BeautyBeast"],"picked":"Freischutz","floor":11.0},{"not_picked":["Steam","Scrape"],"picked":"Genetic Algorithm","floor":11.0},{"not_picked":["QueenOfHatred","HappyTeddy"],"picked":"Woodsman","floor":14.0},{"not_picked":["Rebound","Hyperbeam"],"picked":"Stack","floor":14.0},{"not_picked":["OldLady","Alriune"],"picked":"BlackSwan","floor":16},{"not_picked":["Fission","All For One"],"picked":"Core Surge","floor":16},{"not_picked":["BeautyBeast","CrumblingArmor"],"picked":"ShyLook","floor":18},{"not_picked":["Tempest","Storm"],"picked":"Ball Lightning","floor":18},{"not_picked":["LongBird","MHz"],"picked":"Yin","floor":19},{"not_picked":["Hyperbeam","Sunder"],"picked":"Go for the Eyes","floor":19},{"not_picked":["Rebound","Hologram"],"picked":"Echo Form","floor":20},{"not_picked":["CrumblingArmor","MHz"],"picked":"MeltingLove","floor":21},{"not_picked":["Barrage","Ball Lightning+1"],"picked":"Cold Snap","floor":21},{"not_picked":["SpiderBud","PunishingBird","MeatLantern"],"picked":"Singing Bowl","floor":22},{"not_picked":["MeatLantern","LittleHelper"],"picked":"Mercenary","floor":22},{"not_picked":["Barrage","Hologram"],"picked":"Electrodynamics","floor":22},{"not_picked":["PunishingBird","NakedNest"],"picked":"VoidDream","floor":23},{"not_picked":["Cold Snap","Gash"],"picked":"Defragment+1","floor":23}],"player_experience":1499034,"relics_obtained":[{"floor":7.0,"key":"Potion Belt"},{"floor":9.0,"key":"Art of War"},{"floor":14.0,"key":"Odd Mushroom"},{"floor":23,"key":"Gambling Chip"}],"event_choices":[{"damage_healed":0.0,"max_hp_gain":0.0,"max_hp_loss":0.0,"gold_gain":175.0,"event_name":"Liars Game","player_choice":"AGREE","floor":3.0,"gold_loss":0.0,"damage_taken":0.0,"cards_obtained":["Doubt"]},{"damage_healed":0.0,"max_hp_gain":0.0,"max_hp_loss":0.0,"gold_gain":0.0,"event_name":"Scrap Ooze","player_choice":"Success","floor":5.0,"gold_loss":0.0,"damage_taken":12.0,"relics_obtained":["Regal Pillow"]},{"cards_removed":["Doubt"],"damage_healed":0.0,"max_hp_gain":0.0,"max_hp_loss":0.0,"gold_gain":0.0,"event_name":"Purifier","player_choice":"Purged","floor":10.0,"gold_loss":0.0,"damage_taken":0.0},{"damage_healed":0.0,"max_hp_gain":0.0,"max_hp_loss":0.0,"gold_gain":0.0,"event_name":"Mushrooms","player_choice":"Fought Mushrooms","floor":14.0,"gold_loss":0.0,"damage_taken":0.0}],"is_beta":false,"boss_relics":[{"not_picked":["Coffee Dripper","Sozu"],"picked":"Nuclear Battery"}],"items_purged_floors":[13],"is_endless":false,"potions_floor_spawned":[1,4,8,18,19,21],"killed_by":"Centurion and Healer","ascension_level":1}}