{"host":"gfybn4j1d26rvz5e","time":1609116466,"event":{"mods":["BaseMod","Better Altar","Better Match","Better Note","Better Sensory Stone","Better Skull","Better Third Choice","BetterRewards","Highlight Path","Minty Spire (QoL Compilation)","Random Character Button","Relic Stats","StSLib"],"gold_per_floor":[116,116,116,116,128,154,154,181,181,181,104,117,117,117,117,216,216,229,229,189,206,136,136,163,163,189,215,244,256,268,307,319,433,445,471,495,495],"floor_reached":36,"playtime":2258,"items_purged":[],"score":628,"play_id":"b3b24e39-66c2-4f58-a8d5-7da0ab8675fd","local_time":"20201227184746","daily_mods":["SealedDeck","Diverse","Binary"],"is_ascension_mode":true,"campfire_choices":[{"data":"Conclude","floor":7.0,"key":"SMITH"},{"data":"Rampage","floor":10.0,"key":"SMITH"},{"data":"BootSequence","floor":15.0,"key":"SMITH"},{"data":"Noxious Fumes","floor":23.0,"key":"SMITH"},{"data":"Conserve Battery","floor":29.0,"key":"SMITH"},{"data":"DevaForm","floor":32.0,"key":"SMITH"}],"circlet_count":0,"master_deck":["Conclude+1","Cloak And Dagger+1","Rampage+1","ThirdEye","Auto Shields+1","Conserve Battery+1","Dagger Spray","Ball Lightning","Ball Lightning","Footwork+1","DevaForm+1","BootSequence+1","Malaise+1","Noxious Fumes+1","Acrobatics+1","Echo Form"],"relics":["Burning Blood","Unceasing Top","Du-Vu Doll","Bird Faced Urn","Art of War","SlaversCollar","Paper Frog","Pantograph","MawBank","The Courier","Snecko Eye"],"acts_visited":["Exordium","TheCity","TheBeyond"],"potions_floor_usage":[],"damage_taken":[{"damage":0.0,"enemies":"Cultist","floor":1.0,"turns":3.0},{"damage":0.0,"enemies":"2 Louse","floor":5.0,"turns":2.0},{"damage":6.0,"enemies":"Lagavulin","floor":6.0,"turns":6.0},{"damage":10.0,"enemies":"3 Sentries","floor":8.0,"turns":3.0},{"damage":0.0,"enemies":"Small Slimes","floor":12.0,"turns":2.0},{"damage":10.0,"enemies":"Slime Boss","floor":16.0,"turns":6.0},{"damage":16.0,"enemies":"Spheric Guardian","floor":18.0,"turns":4.0},{"damage":1.0,"enemies":"Shell Parasite","floor":21.0,"turns":5.0},{"damage":6.0,"enemies":"Book of Stabbing","floor":24.0,"turns":6.0},{"damage":13.0,"enemies":"Snecko","floor":27.0,"turns":6.0},{"damage":3.0,"enemies":"Snake Plant","floor":28.0,"turns":5.0},{"damage":0.0,"enemies":"Gremlin Leader","floor":31.0,"turns":5.0},{"damage":14.0,"enemies":"Champ","floor":33.0,"turns":9.0},{"damage":0.0,"enemies":"Orb Walker","floor":35.0,"turns":4.0},{"damage":21.0,"enemies":"3 Darklings","floor":36.0,"turns":5.0}],"seed_played":"-1159183208726087116","potions_obtained":[{"floor":8.0,"key":"LiquidBronze"},{"floor":12.0,"key":"Fire Potion"},{"floor":16.0,"key":"FearPotion"},{"floor":18.0,"key":"Regen Potion"},{"floor":21.0,"key":"DuplicationPotion"}],"is_trial":true,"path_per_floor":["M","$","?","?","M","E","R","E","T","R","$","M","?","?","R","B",null,"M","T","?","M","$","R","E","?","T","M","M","R","?","E","R","B",null,"M","M"],"character_chosen":"IRONCLAD","items_purchased":["BootSequence","Noxious Fumes"],"campfire_rested":0,"item_purchase_floors":[11,22],"current_hp_per_floor":[78,78,78,83,85,85,85,81,81,81,81,85,68,68,68,68,81,73,73,73,80,80,80,85,85,85,80,85,85,85,85,85,77,83,85,72,72],"gold":495,"neow_bonus":"","is_daily":false,"chose_seed":false,"campfire_upgraded":6,"win_rate":0.0,"timestamp":1609116466,"path_taken":["M","$","?","?","M","E","R","E","T","R","$","M","?","?","R","BOSS","M","?","?","?","$","R","E","?","T","M","M","R","?","E","R","BOSS","M","M"],"items_purchased_type":["Card","Card"],"build_version":"2020-12-22","purchased_purges":0,"victory":false,"max_hp_per_floor":[80,80,80,85,85,85,85,85,85,85,85,85,85,85,85,85,85,85,85,85,85,85,85,85,85,85,85,85,85,85,85,85,85,85,85,85,85],"relic_stats":{"counters":[15,71],"Bird Faced Urn":[26],"Pantograph":0,"Snecko Eye":[18,17,14,20],"Art of War":[5],"MawBank":120,"obtain_stats":[{"Du-Vu Doll":8,"SlaversCollar":17,"Bird Faced Urn":9,"Pantograph":24,"Snecko Eye":34,"The Courier":31,"Art of War":14,"MawBank":26,"Burning Blood":0,"Unceasing Top":6,"Paper Frog":19},{"Du-Vu Doll":4,"SlaversCollar":6,"Bird Faced Urn":4,"Pantograph":9,"Snecko Eye":13,"The Courier":12,"Art of War":5,"MawBank":9,"Burning Blood":0,"Unceasing Top":3,"Paper Frog":7},{"Du-Vu Doll":14,"SlaversCollar":22,"Bird Faced Urn":14,"Pantograph":37,"Snecko Eye":62,"The Courier":53,"Art of War":16,"MawBank":37,"Burning Blood":0,"Unceasing Top":11,"Paper Frog":26}],"Burning Blood":67,"Unceasing Top":[15]},"card_choices":[{"not_picked":["Rebound","Barrage"],"picked":"SKIP","floor":1.0},{"not_picked":["Glacier","Flechettes"],"picked":"SKIP","floor":5.0},{"not_picked":["Thunderclap"],"picked":"DevaForm","floor":6.0},{"not_picked":["Berserk","Storm"],"picked":"SKIP","floor":8.0},{"not_picked":["Redo","Finisher"],"picked":"SKIP","floor":12.0},{"not_picked":["Biased Cognition"],"picked":"Malaise","floor":16.0},{"not_picked":["Deflect","Compile Driver+1"],"picked":"SKIP","floor":18.0},{"not_picked":["Steam","Cleave"],"picked":"SKIP","floor":21.0},{"not_picked":["Headbutt+1"],"picked":"Acrobatics+1","floor":24.0},{"not_picked":["WreathOfFlame+1","Endless Agony+1"],"picked":"SKIP","floor":27.0},{"not_picked":["Flechettes+1","Flex"],"picked":"SKIP","floor":28.0},{"not_picked":["Tools of the Trade","Perfected Strike"],"picked":"SKIP","floor":31.0},{"not_picked":["Reboot"],"picked":"Echo Form","floor":33.0},{"not_picked":["Sword Boomerang+1","Catalyst"],"picked":"SKIP","floor":35.0}],"player_experience":646279,"relics_obtained":[{"floor":6.0,"key":"Unceasing Top"},{"floor":8.0,"key":"Du-Vu Doll"},{"floor":9.0,"key":"Bird Faced Urn"},{"floor":19.0,"key":"Paper Frog"},{"floor":24.0,"key":"Pantograph"},{"floor":26.0,"key":"MawBank"},{"floor":31.0,"key":"The Courier"}],"event_choices":[{"damage_healed":0.0,"max_hp_gain":0.0,"max_hp_loss":0.0,"gold_gain":0.0,"event_name":"Living Wall","player_choice":"Grow","floor":3.0,"gold_loss":0.0,"damage_taken":0.0,"cards_upgraded":["Footwork"]},{"damage_healed":0.0,"max_hp_gain":5.0,"max_hp_loss":0.0,"gold_gain":0.0,"event_name":"Big Fish","player_choice":"Donut","floor":4.0,"gold_loss":0.0,"damage_taken":0.0},{"damage_healed":85.0,"max_hp_gain":0.0,"max_hp_loss":85.0,"gold_gain":0.0,"event_name":"betterThird:BetterShining","player_choice":"Upgrade","floor":13.0,"gold_loss":0.0,"damage_taken":17.0,"cards_upgraded":["Auto Shields","Cloak And Dagger"]},{"damage_healed":0.0,"max_hp_gain":0.0,"max_hp_loss":0.0,"gold_gain":0.0,"event_name":"WeMeetAgain","player_choice":"Gave Potion","floor":14.0,"gold_loss":0.0,"damage_taken":0.0,"relics_obtained":["Art of War"]},{"damage_healed":0.0,"max_hp_gain":0.0,"max_hp_loss":0.0,"gold_gain":0.0,"event_name":"Designer","player_choice":"Upgrade","floor":20.0,"gold_loss":40.0,"damage_taken":0.0,"cards_upgraded":["Malaise"]},{"damage_healed":0.0,"max_hp_gain":0.0,"max_hp_loss":0.0,"gold_gain":0.0,"event_name":"betterNote:BetterNote","player_choice":"Ignored","floor":25.0,"gold_loss":0.0,"damage_taken":0.0,"cards_obtained":["Strike_R"]},{"damage_healed":0.0,"max_hp_gain":0.0,"max_hp_loss":0.0,"gold_gain":0.0,"event_name":"Lab","player_choice":"Got Potions","floor":30.0,"gold_loss":0.0,"damage_taken":0.0}],"is_beta":false,"boss_relics":[{"not_picked":["Tiny House","Runic Cube"],"picked":"SlaversCollar"},{"not_picked":["Cursed Key","Sozu"],"picked":"Snecko Eye"}],"items_purged_floors":[],"is_endless":false,"potions_floor_spawned":[8,12,16,18,21,31,33,35],"killed_by":"3 Darklings","ascension_level":9}}