{"host":"151yr9p79rpn1su6","time":1609116840,"event":{"mods":["BaseMod","Colored Map","Downfall","Minty Spire (QoL Compilation)","Replay The Spire","StSLib"],"gold_per_floor":[0,14,0,0,20,20,20,20,20,46,46,61,77,107,122,222,222,147,247,247,259,259,290,290,308,308,308,308],"floor_reached":26,"playtime":1529,"items_purged":[],"score":259,"play_id":"5734b2c1-cc76-4786-8a95-7d54febaaf60","local_time":"20201227195400","is_ascension_mode":false,"campfire_choices":[{"data":"Slimebound:Split","floor":1.0,"key":"SMITH"},{"data":"Slimebound:Recycling","floor":9.0,"key":"SMITH"},{"floor":11.0,"key":"REST"},{"data":"Slimebound:SelfFormingGoo","floor":18,"key":"SMITH"}],"circlet_count":0,"master_deck":["Slimebound:Strike_Slimebound","Slimebound:Tackle","Slimebound:Defend_Slimebound","Slimebound:Defend_Slimebound","Slimebound:Defend_Slimebound","Slimebound:Defend_Slimebound","Slimebound:Split+1","Slimebound:CorrosiveSpit","Slimebound:Recycling+1","Slimebound:SplitAcid","Slimebound:FirmFortitude","Slimebound:RejuvenatingLick","Slimebound:SlimeSpikes","Slimebound:SplitMire","Slimebound:GoopSpray","Slimebound:SelfFormingGoo+1","Slimebound:SlimeSpikes","Slimebound:Replication","Slimebound:Grow"],"relics":["Slimebound:AbsorbEndCombat","Replay:Ringing Soul","Eternal Feather","Sundial","Bag of Marbles","Runic Pyramid","downfall:HeartBlessingGreen","MutagenicStrength","Happy Flower","Frozen Egg 2"],"acts_visited":["Exordium","TheCity"],"potions_floor_usage":[19],"damage_taken":[{"damage":20.0,"enemies":"2 Louse","floor":2.0,"turns":3.0},{"damage":39.0,"enemies":"downfall:FleeingMerchant","floor":3.0,"turns":4.0},{"damage":18.0,"enemies":"Jaw Worm","floor":5.0,"turns":4.0},{"damage":0.0,"enemies":"Cultist","floor":8.0,"turns":1.0},{"damage":69.0,"enemies":"Gremlin Nob","floor":10.0,"turns":7.0},{"damage":33.0,"enemies":"Gremlin Gang","floor":12.0,"turns":4.0},{"damage":18.0,"enemies":"Large Slime","floor":13.0,"turns":5.0},{"damage":34.0,"enemies":"Lagavulin","floor":14.0,"turns":7.0},{"damage":27.0,"enemies":"2 Fungi Beasts","floor":15.0,"turns":4.0},{"damage":95.0,"enemies":"downfall:Silent","floor":16.0,"turns":8.0},{"damage":73,"enemies":"downfall:Augmenter","floor":19,"turns":5},{"damage":41,"enemies":"Spheric Guardian","floor":21,"turns":7},{"damage":57,"enemies":"Replay:Snechameleon","floor":23,"turns":7},{"damage":14,"enemies":"3 Byrds","floor":25,"turns":2},{"damage":15,"enemies":"Snake Plant","floor":26,"turns":2}],"seed_played":"6943806573817524190","potions_obtained":[{"floor":5.0,"key":"AttackPotion"},{"floor":10.0,"key":"sneckomod:MuddlingPotion"},{"floor":12.0,"key":"Elixir"},{"floor":14.0,"key":"Regen Potion"},{"floor":16.0,"key":"Weak Potion"},{"floor":21,"key":"SteroidPotion"}],"is_trial":false,"path_per_floor":["R","M","$","?","M","T","T","M","R","E","R","M","M","E","M","B",null,"R","?","?","M","?","E","T","M","M"],"character_chosen":"SLIMEBOUND","items_purchased":[],"campfire_rested":1,"item_purchase_floors":[],"current_hp_per_floor":[60,60,56,56,54,54,54,57,63,20,47,35,54,64,68,62,72,72,50,50,61,61,50,50,44,29,29,29],"gold":308,"neow_bonus":"THREE_RARE_CARDS","is_daily":false,"chose_seed":false,"campfire_upgraded":3,"win_rate":0.0,"timestamp":1609116840,"path_taken":["R","M","$","?","M","?","T","?","R","E","R","?","M","E","M","BOSS","R","?","?","M","?","E","T","M","M"],"items_purchased_type":[],"build_version":"2020-12-22","purchased_purges":0,"victory":false,"max_hp_per_floor":[60,60,60,60,60,60,60,63,63,63,63,66,69,69,72,72,72,72,75,75,75,75,75,75,75,75,75,75],"card_choices":[{"not_picked":["Slimebound:SelfFormingGoo","Slimebound:RallyTheTroops"],"picked":"Slimebound:Recycling","floor":0.0},{"not_picked":["Slimebound:SlimeSpikes","Slimebound:ServeAndProtect"],"picked":"Slimebound:SplitAcid","floor":2.0},{"not_picked":["Slimebound:DisruptingSlam","Slimebound:GrowthPunch"],"picked":"Slimebound:FirmFortitude","floor":3.0},{"not_picked":["Slimebound:RollThrough","Slimebound:ItLooksTasty"],"picked":"Slimebound:RejuvenatingLick","floor":5.0},{"not_picked":["Slimebound:SlimeBrawl","Slimebound:WasteNot"],"picked":"Slimebound:SlimeSpikes","floor":8.0},{"not_picked":["Slimebound:ServeAndProtect","Slimebound:RollThrough","Slimebound:DisruptingSlam"],"picked":"SKIP","floor":10.0},{"not_picked":["Slimebound:LeechEnergy","Slimebound:ServeAndProtect"],"picked":"Slimebound:SplitMire","floor":12.0},{"not_picked":["Slimebound:Recollect","Slimebound:SamplingLick"],"picked":"Slimebound:GoopSpray","floor":13.0},{"not_picked":["Slimebound:ComboTackle","Slimebound:GrowthPunch","Slimebound:ViciousTackle"],"picked":"SKIP","floor":14.0},{"not_picked":["Slimebound:LeadByExample","Slimebound:MegaLick"],"picked":"Slimebound:SelfFormingGoo","floor":15.0},{"not_picked":[],"picked":"J.A.X.","floor":19},{"not_picked":["Slimebound:ServeAndProtect+1","Slimebound:FinishingTackle"],"picked":"Slimebound:Grow","floor":19},{"not_picked":["Slimebound:SplitMire","Slimebound:SplitLeeching+1","Slimebound:ItLooksTasty"],"picked":"SKIP","floor":21},{"not_picked":["Slimebound:GrowthPunch+1","Slimebound:ComboTackle+1","Slimebound:RollThrough"],"picked":"SKIP","floor":23},{"not_picked":["Slimebound:ComboTackle","Slimebound:SplitBruiser","Slimebound:ForwardTackle"],"picked":"SKIP","floor":25}],"player_experience":1054996,"relics_obtained":[{"floor":6.0,"key":"Replay:Ringing Soul"},{"floor":7.0,"key":"Eternal Feather"},{"floor":10.0,"key":"Sundial"},{"floor":14.0,"key":"Bag of Marbles"},{"floor":19,"key":"MutagenicStrength"},{"floor":23,"key":"Happy Flower"},{"floor":24,"key":"Frozen Egg 2"}],"event_choices":[],"is_beta":false,"boss_relics":[{"not_picked":["Replay:Ancient Bell","Ring of Chaos"],"picked":"Runic Pyramid"}],"items_purged_floors":[],"is_endless":false,"potions_floor_spawned":[5,10,12,14,16,21,23],"killed_by":"Snake Plant","ascension_level":0}}