{"host":"k4et7hlhlqy8fuoz","time":1609159858,"event":{"mods":["2.2 Compatiblity","AchievementEnabler","BaseMod","Colored Map","DeckTracker","Highlight Path","Minty Spire (QoL Compilation)","Random Character Button","Rare Cards Sparkle"],"gold_per_floor":[109,11,28,3,3,3,17,17,17,32,32,32,50,65,65,194,194,217,233,251,269,269,269],"floor_reached":22,"playtime":1448,"items_purged":[],"score":180,"play_id":"52df9fe8-2592-46e1-9e94-562c816a697b","local_time":"20201228135058","is_ascension_mode":false,"campfire_choices":[{"data":"Deflect","floor":6,"key":"SMITH"},{"floor":8,"key":"REST"},{"data":"Quick Slash","floor":12,"key":"SMITH"},{"floor":15,"key":"REST"}],"circlet_count":0,"master_deck":["Strike_G","Strike_G","Strike_G","Strike_G","Strike_G","Defend_G","Defend_G","Defend_G","Defend_G","Defend_G","Survivor","Neutralize","Deflect+1","Bane","Masterful Stab","Quick Slash+1","Deadly Poison","Sucker Punch","Dagger Spray+1","Poisoned Stab","Backstab","Corpse Explosion","Slice","Skewer","Blade Dance","Outmaneuver"],"relics":["Ring of the Snake","Golden Idol","Strawberry","WristBlade"],"acts_visited":["Exordium","TheCity"],"potions_floor_usage":[],"damage_taken":[{"damage":3,"enemies":"2 Louse","floor":1,"turns":4},{"damage":0,"enemies":"Jaw Worm","floor":3,"turns":3},{"damage":6,"enemies":"Cultist","floor":7,"turns":3},{"damage":9,"enemies":"Blue Slaver","floor":10,"turns":3},{"damage":1,"enemies":"Gremlin Gang","floor":13,"turns":2},{"damage":0,"enemies":"Lots of Slimes","floor":14,"turns":1},{"damage":66,"enemies":"Hexaghost","floor":16,"turns":11},{"damage":7,"enemies":"2 Thieves","floor":18,"turns":2},{"damage":9,"enemies":"Chosen","floor":19,"turns":4},{"damage":23,"enemies":"Snecko","floor":20,"turns":4},{"damage":26,"enemies":"Chosen and Byrds","floor":21,"turns":5},{"damage":23,"enemies":"Shelled Parasite and Fungi","floor":22,"turns":3}],"seed_played":"5660536460357572207","potions_obtained":[{"floor":16,"key":"Strength Potion"},{"floor":21,"key":"Poison Potion"}],"is_trial":false,"path_per_floor":["M","$","M","$","?","R","M","R","T","M","?","R","M","M","R","B",null,"M","M","M","M","M"],"character_chosen":"THE_SILENT","items_purchased":["Bane","Masterful Stab","Deadly Poison"],"campfire_rested":2,"item_purchase_floors":[2,2,4],"current_hp_per_floor":[74,74,74,74,55,55,49,72,79,70,70,70,69,69,84,18,84,77,68,45,19,0,0],"gold":269,"neow_bonus":"TEN_PERCENT_HP_BONUS","is_daily":false,"chose_seed":false,"campfire_upgraded":2,"win_rate":0.0,"timestamp":1609159858,"path_taken":["M","$","M","$","?","R","M","R","T","M","?","R","M","M","R","BOSS","M","M","M","M","M"],"items_purchased_type":["Card","Card","Card"],"build_version":"2020-12-22","purchased_purges":0,"victory":false,"max_hp_per_floor":[77,77,77,77,77,77,77,77,84,84,84,84,84,84,84,84,84,84,84,84,84,84,84],"card_choices":[{"not_picked":["Deadly Poison","Poisoned Stab"],"picked":"Deflect","floor":1},{"not_picked":["Underhanded Strike","Prepared"],"picked":"Quick Slash","floor":3},{"not_picked":["Eviscerate","Acrobatics"],"picked":"Sucker Punch","floor":7},{"not_picked":["Dagger Throw","Blur"],"picked":"Dagger Spray","floor":10},{"not_picked":["Deflect","Deadly Poison"],"picked":"Poisoned Stab","floor":13},{"not_picked":["Phantasmal Killer","Poisoned Stab"],"picked":"Backstab","floor":14},{"not_picked":["Night Terror","Burst"],"picked":"Corpse Explosion","floor":16},{"not_picked":["PiercingWail","Expertise"],"picked":"Slice","floor":18},{"not_picked":["Slice","Dagger Spray"],"picked":"Skewer","floor":19},{"not_picked":["All Out Attack","Deflect+1"],"picked":"Blade Dance","floor":20},{"not_picked":["Backflip","Slice"],"picked":"Outmaneuver","floor":21}],"player_experience":19808,"relics_obtained":[{"floor":9,"key":"Strawberry"}],"event_choices":[{"damage_healed":0,"gold_gain":0,"player_choice":"Take Damage","damage_taken":19,"relics_obtained":["Golden Idol"],"max_hp_gain":0,"max_hp_loss":0,"event_name":"Golden Idol","floor":5,"gold_loss":0},{"damage_healed":0,"gold_gain":0,"player_choice":"Grow","damage_taken":0,"max_hp_gain":0,"max_hp_loss":0,"event_name":"Living Wall","floor":11,"gold_loss":0,"cards_upgraded":["Dagger Spray"]}],"is_beta":false,"boss_relics":[{"not_picked":["SacredBark","Runic Dome"],"picked":"WristBlade"}],"items_purged_floors":[],"is_endless":false,"potions_floor_spawned":[16,21],"killed_by":"Shelled Parasite and Fungi","ascension_level":0}}