{"host":"0z6l31g9ps0v9zzp","time":1609163542,"event":{"mods":["Act Like it!","BaseMod","CapriCore","Gensokyo","Minty Spire (QoL Compilation)","Remilia£®¿Ÿ√◊¿Ú—«£©","StSLib"],"gold_per_floor":[110,122,122,52,26,26,55,55,55,55,11,29,45,45,45,45,45],"floor_reached":16,"playtime":374,"items_purged":[],"score":186,"play_id":"337f326c-42e9-4878-a550-18d5b5b0a77c","local_time":"20201228215222","daily_mods":["Heirloom","Flight"],"is_ascension_mode":true,"campfire_choices":[{"data":"1","floor":6,"key":"LIFT"},{"data":"RedMoon","floor":8,"key":"SMITH"},{"data":"BloodHunter","floor":10,"key":"SMITH"},{"floor":15,"key":"REST"}],"circlet_count":0,"master_deck":["AscendersBane","Strike_RM","Strike_RM","Strike_RM+1","Strike_RM","Defend_RM","Defend_RM+1","Defend_RM","Defend_RM","RedMoon+1","ScarletShoot","BloodHunter+1","Gensokyo:ScrapIron"],"relics":["ScarletHat","Girya","Strawberry","PreservedInsect","Happy Flower"],"acts_visited":["Gensokyo:Gensokyo"],"potions_floor_usage":[],"damage_taken":[{"damage":1,"enemies":"Gensokyo:Gryphon","floor":1,"turns":5},{"damage":0,"enemies":"Gensokyo:3_Fairies","floor":2,"turns":6},{"damage":67,"enemies":"Gensokyo:Aya","floor":7,"turns":9},{"damage":0,"enemies":"Gensokyo:Python","floor":12,"turns":2},{"damage":7,"enemies":"Gensokyo:Gryphon_and_Rabbit","floor":13,"turns":5},{"damage":0,"enemies":"Gensokyo:Yukari","floor":16,"turns":1}],"seed_played":"-6587514726205376664","potions_obtained":[{"floor":12,"key":"FearPotion"},{"floor":13,"key":"SpeedPotion"}],"is_trial":true,"path_per_floor":["M","M","?","?","$","R","E","R","T","R","COS","M","M","?","R","B"],"character_chosen":"REMILIA","items_purchased":["BloodHunter"],"campfire_rested":1,"item_purchase_floors":[5],"current_hp_per_floor":[62,62,62,62,62,62,8,8,8,8,8,9,5,5,28,28,28],"gold":45,"neow_bonus":"","is_daily":false,"chose_seed":false,"campfire_upgraded":2,"win_rate":0.0,"timestamp":1609163542,"path_taken":["M","M","?","?","?","R","E","R","T","R","COS","?","?","?","R","BOSS"],"items_purchased_type":["Card"],"build_version":"2020-12-22","purchased_purges":0,"victory":false,"max_hp_per_floor":[70,70,70,70,70,70,77,77,77,77,77,77,77,77,77,77,77],"card_choices":[{"not_picked":["UnstableMagic","FavorOfDestiny","MastersStateliness"],"picked":"SKIP","floor":1},{"not_picked":["MastersStateliness","TwelveNightmare","BlasphemousPunishment"],"picked":"SKIP","floor":2},{"not_picked":["MastersStateliness","TwelveNightmare","BlasphemousPunishment"],"picked":"SKIP","floor":2},{"not_picked":["HellCatastrophe","CharismaGuard"],"picked":"NightDance","floor":7},{"not_picked":["DiffusionOfMisfortune","UnderTheZenith","BombardNight"],"picked":"SKIP","floor":12},{"not_picked":["ScarletSymphony","ReincarnationDial","BloodyTrap"],"picked":"SKIP","floor":13}],"player_experience":346570,"relics_obtained":[{"floor":7,"key":"Strawberry"},{"floor":9,"key":"PreservedInsect"}],"event_choices":[],"is_beta":false,"boss_relics":[],"items_purged_floors":[],"is_endless":false,"potions_floor_spawned":[12,13],"killed_by":"Gensokyo:Yukari","ascension_level":20}}