{"host":"fj97s2ebyjeio3oc","time":1609183931,"event":{"mods":["AchievementEnabler","BaseMod","Colored Map","Colored Powertips","Hermit","Hubris","Infinite Spire","Koishi","Minty Spire (QoL Compilation)","StSLib","The Animator","The Bug Knight","The Cursed","The Disciple","The Jungle","The Necromancer"],"gold_per_floor":[114,126,126,146,32,32,42,42,67,45,45,78,178,195,195,292,292,311,328,70,70,70,101,101,132,185,199,199,199,231,249,249,354,354,367,50,63,73,73,73,33,33,33,64,64,64],"floor_reached":45,"playtime":4407,"items_purged":["Strike_B"],"score":724,"play_id":"ce65fc13-c84d-4a65-9e85-dbddca9e7785","local_time":"20201228203211","is_ascension_mode":true,"campfire_choices":[{"data":"Redo","floor":6,"key":"SMITH"},{"data":"Zap","floor":8,"key":"SMITH"},{"floor":15,"key":"RECALL"},{"data":"Gash","floor":24,"key":"SMITH"},{"floor":32,"key":"REST"},{"floor":40,"key":"REST"},{"data":"hubris:DuctTapeCard","floor":42,"key":"SMITH"}],"circlet_count":0,"master_deck":["Defend_B","Defend_B","Defend_B","Defend_B","Zap+1","Dualcast","Auto Shields","Redo+1","Double Energy","Glacier","Coolheaded","Static Discharge","FTL","Thunder Strike","Stack+1","Conserve Battery+1","Bite","Bite","Bite","Bite","Bite","Gash+1","Stack","Redo","Stack","Electrodynamics","hubris:DuctTapeCard+2","Turbo","Aggregate+1"],"relics":["Cracked Core","infinitespire:Beetle Shell","hubris:Towel","Strawberry","SlaversCollar","infinitespire:FocusingShard","Orichalcum","hubris:TinFlute","Centennial Puzzle","MutagenicStrength","Juzu Bracelet","Inserter","hubris:DuctTape","Blue Candle","infinitespire:Freezer"],"acts_visited":["Exordium","TheCity","TheBeyond"],"potions_floor_usage":[12,16,23,25,31,33,33,38,38,38,38,38,44,45],"damage_taken":[{"damage":12,"enemies":"Small Slimes","floor":1,"turns":3},{"damage":0,"enemies":"Cultist","floor":2,"turns":4},{"damage":9,"enemies":"2 Louse","floor":4,"turns":3},{"damage":3,"enemies":"Large Slime","floor":7,"turns":12},{"damage":25,"enemies":"HollowMod:MossKnight","floor":12,"turns":23},{"damage":7,"enemies":"3 Louse","floor":14,"turns":4},{"damage":24,"enemies":"The Guardian","floor":16,"turns":14},{"damage":25,"enemies":"2 Thieves","floor":18,"turns":4},{"damage":15,"enemies":"Spheric Guardian","floor":19,"turns":6},{"damage":1,"enemies":"HollowMod:Nosk","floor":23,"turns":12},{"damage":33,"enemies":"Slavers","floor":25,"turns":7},{"damage":22,"enemies":"Snecko","floor":27,"turns":8},{"damage":11,"enemies":"HollowMod:Nosk","floor":30,"turns":10},{"damage":33,"enemies":"Sentry and Sphere","floor":31,"turns":6},{"damage":40,"enemies":"Automaton","floor":33,"turns":11},{"damage":17,"enemies":"3 Darklings","floor":35,"turns":4},{"damage":0,"enemies":"3 Shapes","floor":37,"turns":5},{"damage":37,"enemies":"Transient","floor":38,"turns":5},{"damage":31,"enemies":"HollowMod:StalkingDevout","floor":44,"turns":9},{"damage":34,"enemies":"Spire Growth","floor":45,"turns":7}],"seed_played":"565758248699698583","potions_obtained":[{"floor":2,"key":"DistilledChaos"},{"floor":4,"key":"Strength Potion"},{"floor":7,"key":"Regen Potion"},{"floor":14,"key":"LiquidBronze"},{"floor":18,"key":"Swift Potion"},{"floor":19,"key":"PotionOfCapacity"},{"floor":27,"key":"Ancient Potion"},{"floor":30,"key":"Explosive Potion"},{"floor":35,"key":"EntropicBrew"},{"floor":37,"key":"EssenceOfDarkness"},{"floor":41,"key":"BlessingOfTheForge"},{"floor":41,"key":"PotionOfCapacity"},{"floor":41,"key":"Explosive Potion"},{"floor":44,"key":"Ancient Potion"}],"is_trial":false,"path_per_floor":["M","M","?","M","$","R","M","R","T","$","?","E","?","M","R","B",null,"M","M","$","?","?","E","R","E","T","M","?","?","E","M","R","B",null,"M","$","M","M","?","R","?","R","T","E","M"],"character_chosen":"DEFECT","items_purchased":["Glacier","Coolheaded","infinitespire:FocusingShard","Defragment","hubris:DuctTape"],"campfire_rested":2,"item_purchase_floors":[5,10,20,36,36],"current_hp_per_floor":[56,56,56,47,47,47,44,44,44,44,44,41,41,34,34,10,64,39,24,24,24,43,57,57,34,34,26,26,26,37,16,33,19,48,37,37,41,14,14,31,31,31,31,22,0,0],"gold":64,"neow_bonus":"REMOVE_CARD","is_daily":false,"chose_seed":false,"campfire_upgraded":4,"win_rate":0.0,"timestamp":1609183931,"path_taken":["M","M","?","M","$","R","?","R","T","$","?","E","?","M","R","BOSS","M","?","$","?","?","E","R","E","T","M","?","?","E","M","R","BOSS","M","$","M","M","?","R","?","R","T","E","M"],"items_purchased_type":["Card","Card","Relic","Card","Relic"],"build_version":"2020-12-22","purchased_purges":1,"victory":false,"max_hp_per_floor":[75,75,75,75,75,75,75,75,75,75,75,82,82,82,82,82,82,82,82,82,57,57,57,57,57,57,57,57,57,57,57,57,57,57,57,57,57,57,57,57,57,57,57,57,57,57],"card_choices":[{"not_picked":["Beam Cell","Go for the Eyes"],"picked":"Auto Shields","floor":1},{"not_picked":["Rebound","Hologram"],"picked":"Redo","floor":2},{"not_picked":["Barrage","Hologram"],"picked":"Double Energy","floor":4},{"not_picked":["Heatsinks","Steam","Fusion"],"picked":"SKIP","floor":7},{"not_picked":["Darkness","Blizzard"],"picked":"Static Discharge","floor":12},{"not_picked":["Sweeping Beam","Rip and Tear"],"picked":"FTL","floor":14},{"not_picked":["Meteor Strike","hubris:DoWhile"],"picked":"Thunder Strike","floor":16},{"not_picked":["hubris:Ukulele","Sweeping Beam"],"picked":"Stack+1","floor":18},{"not_picked":["Coolheaded","Turbo"],"picked":"Conserve Battery+1","floor":19},{"not_picked":["Go for the Eyes","Machine Learning"],"picked":"Gash","floor":23},{"not_picked":["Hyperbeam","Rebound","hubris:SpecializedCircuitry"],"picked":"SKIP","floor":25},{"not_picked":["Skim+1","Reinforced Body"],"picked":"Stack","floor":27},{"not_picked":["Reprogram","Compile Driver+1"],"picked":"Redo","floor":30},{"not_picked":["Recycle","Go for the Eyes"],"picked":"Stack","floor":31},{"not_picked":["Creative AI","hubris:Prefetch"],"picked":"Electrodynamics","floor":33},{"not_picked":["Conserve Battery","Leap"],"picked":"Capacitor","floor":35},{"not_picked":["Compile Driver+1","Sunder+1","Force Field+1"],"picked":"SKIP","floor":37},{"not_picked":["Beam Cell+1","Glacier+1"],"picked":"Turbo","floor":38},{"not_picked":["Sweeping Beam+1","Hologram"],"picked":"Aggregate+1","floor":44}],"player_experience":450879,"relics_obtained":[{"floor":12,"key":"Strawberry"},{"floor":23,"key":"Orichalcum"},{"floor":25,"key":"hubris:TinFlute"},{"floor":26,"key":"Centennial Puzzle"},{"floor":30,"key":"Juzu Bracelet"},{"floor":43,"key":"Blue Candle"},{"floor":44,"key":"infinitespire:Freezer"}],"event_choices":[{"damage_healed":0,"gold_gain":0,"player_choice":"Gave Potion","damage_taken":0,"relics_obtained":["infinitespire:Beetle Shell"],"max_hp_gain":0,"max_hp_loss":0,"event_name":"WeMeetAgain","floor":3,"gold_loss":0},{"damage_healed":0,"gold_gain":100,"player_choice":"Pray","damage_taken":0,"max_hp_gain":0,"max_hp_loss":0,"event_name":"Golden Shrine","floor":13,"gold_loss":0},{"damage_healed":0,"gold_gain":0,"player_choice":"Became a vampire","damage_taken":0,"max_hp_gain":0,"max_hp_loss":25,"event_name":"Vampires","floor":21,"gold_loss":0,"cards_obtained":["Bite","Bite","Bite","Bite","Bite"]},{"damage_healed":19,"gold_gain":0,"player_choice":"Heal","damage_taken":0,"max_hp_gain":0,"max_hp_loss":0,"event_name":"The Library","floor":22,"gold_loss":0},{"damage_healed":0,"gold_gain":0,"player_choice":"Inject Mutagens","damage_taken":0,"relics_obtained":["MutagenicStrength"],"max_hp_gain":0,"max_hp_loss":0,"event_name":"Drug Dealer","floor":28,"gold_loss":0},{"damage_healed":0,"gold_gain":0,"player_choice":"Bought 3 Potions","damage_taken":0,"max_hp_gain":0,"max_hp_loss":0,"event_name":"The Woman in Blue","floor":41,"gold_loss":0}],"is_beta":false,"boss_relics":[{"not_picked":["hubris:BlackHole","Snecko Eye"],"picked":"SlaversCollar"},{"not_picked":["Sozu","hubris:VirtuousBlindfold"],"picked":"Inserter"}],"items_purged_floors":[5],"is_endless":false,"potions_floor_spawned":[2,4,7,14,18,19,27,30,35,37,44],"killed_by":"Spire Growth","ascension_level":8}}