{"host":"vtat3rddyckbno30","time":1609192310,"event":{"mods":["AchievementEnabler","BaseMod","BetterRewards","Colored Map","Downfall","Highlight Path","Minty Spire (QoL Compilation)","Replay The Spire","StSLib","everything is the same but u backflip on backflip"],"gold_per_floor":[116,135,135,135,153,191,191,191,245,288,315,315,352,377,377,383,383],"floor_reached":16,"playtime":943,"items_purged":["Defend_B"],"score":170,"play_id":"6e16b37f-2fc4-4cde-897a-e3ab84b09121","local_time":"20201228225150","is_ascension_mode":false,"campfire_choices":[{"data":"Self Repair","floor":8,"key":"SMITH"},{"floor":12,"key":"REST"},{"data":"Rainbow","floor":15,"key":"SMITH"}],"circlet_count":0,"master_deck":["Strike_B","Strike_B","Strike_B","Strike_B","Defend_B","Defend_B","Defend_B","Zap","Dualcast","Self Repair+1","Ball Lightning","Ball Lightning","Stack","Leap","Storm","Leap","ReplaySolidLightProjector+1","Auto Shields","Leap","Rainbow+1"],"relics":["Cracked Core","BargainBundle","Regal Pillow","Replay:Bandana","PreservedInsect","Bag of Marbles","Gremlin Food","Sundial"],"acts_visited":["Exordium"],"potions_floor_usage":[6,6,13,16],"damage_taken":[{"damage":3,"enemies":"Jaw Worm","floor":1,"turns":3},{"damage":2,"enemies":"Small Slimes","floor":2,"turns":3},{"damage":0,"enemies":"Cultist","floor":5,"turns":3},{"damage":25,"enemies":"Lagavulin","floor":6,"turns":6},{"damage":22,"enemies":"Replay:BlueRogue","floor":10,"turns":4},{"damage":11,"enemies":"2 Fungi Beasts","floor":11,"turns":3},{"damage":21,"enemies":"3 Sentries","floor":13,"turns":5},{"damage":3,"enemies":"Blue Slaver","floor":14,"turns":3},{"damage":96,"enemies":"Fading Forest","floor":16,"turns":9}],"seed_played":"-5695590990438271115","potions_obtained":[{"floor":2,"key":"PowerPotion"},{"floor":11,"key":"champ:CounterPotion"}],"is_trial":false,"path_per_floor":["M","M","?","?","M","E","?","R","T","E","M","R","E","M","R","B"],"character_chosen":"DEFECT","items_purchased":["BargainBundle","Regal Pillow","Self Repair","Ball Lightning","Block Potion","Death Potion","Guardian:BlockOnCardUsePotion"],"campfire_rested":1,"item_purchase_floors":[0,0,0,0,0,0,0],"current_hp_per_floor":[63,68,68,61,68,50,50,50,50,38,37,74,63,70,70,0,0],"gold":383,"neow_bonus":"","is_daily":false,"chose_seed":false,"campfire_upgraded":2,"win_rate":0.0,"timestamp":1609192310,"path_taken":["M","M","?","?","M","E","?","R","T","E","?","R","E","M","R","BOSS"],"items_purchased_type":["Relic","Relic","Card","Card","Potion","Potion","Potion"],"build_version":"2020-12-22","purchased_purges":1,"victory":false,"max_hp_per_floor":[75,75,75,75,75,75,75,75,75,75,75,75,75,75,75,75,75],"card_choices":[{"not_picked":["Redo","BootSequence"],"picked":"Leap","floor":1},{"not_picked":["Steam","Hologram"],"picked":"Storm","floor":2},{"not_picked":["Fusion","Ball Lightning"],"picked":"Leap","floor":5},{"not_picked":["Ball Lightning","Heatsinks","Coolheaded"],"picked":"SKIP","floor":6},{"not_picked":["Stack","Darkness"],"picked":"ReplaySolidLightProjector","floor":10},{"not_picked":["Gash","Coolheaded"],"picked":"Auto Shields","floor":11},{"not_picked":["Streamline","Sunder"],"picked":"Leap","floor":13},{"not_picked":["Heatsinks","Coolheaded"],"picked":"Rainbow","floor":14}],"player_experience":541019,"relics_obtained":[{"floor":6,"key":"PreservedInsect"},{"floor":9,"key":"Bag of Marbles"},{"floor":10,"key":"Gremlin Food"},{"floor":13,"key":"Sundial"}],"event_choices":[{"damage_healed":0,"gold_gain":0,"player_choice":"Box","damage_taken":0,"relics_obtained":["Replay:Bandana"],"max_hp_gain":0,"max_hp_loss":0,"event_name":"Big Fish","floor":3,"gold_loss":0,"cards_obtained":["Regret"]},{"cards_removed":["Regret"],"damage_healed":0,"gold_gain":0,"player_choice":"Card Removal","damage_taken":7,"max_hp_gain":0,"max_hp_loss":0,"event_name":"Golden Wing","floor":4,"gold_loss":0},{"damage_healed":0,"gold_gain":0,"player_choice":"Bought 0 Potions","damage_taken":0,"max_hp_gain":0,"max_hp_loss":0,"event_name":"The Woman in Blue","floor":7,"gold_loss":0}],"is_beta":false,"boss_relics":[],"items_purged_floors":[0],"is_endless":false,"potions_floor_spawned":[1,2,5,11],"killed_by":"Fading Forest","ascension_level":0}}