{"host":"grli52lbdph2722t","time":1609164409,"event":{"mods":["AchievementEnabler","BaseMod","Downfall","Minty Spire (QoL Compilation)","Quick Restart","StSLib"],"gold_per_floor":[99,117,131,131,41,41,64,84,109,109,123,223,1,13,33,33,33,33],"floor_reached":16,"playtime":961,"items_purged":["champ:Strike","champ:Strike"],"score":148,"play_id":"7b06555c-9a0e-432e-8f23-cb0e4e97687a","local_time":"20201228150649","is_ascension_mode":true,"campfire_choices":[{"data":"champ:Taunt","floor":1,"key":"SMITH"},{"data":"champ:EndlessRage","floor":10,"key":"SMITH"}],"circlet_count":0,"master_deck":["champ:Strike","champ:Defend","champ:Defend","champ:Defend","champ:Defend","champ:Execute","champ:Taunt+1","champ:EndlessRage+1","champ:Aggression","champ:HoldFirm","champ:ShieldWall","champ:HeartStrike","champ:ShieldThrow","champ:BringItOn","champ:Haymaker","champ:PerfectForm"],"relics":["Runic Pyramid","downfall:ShatteredFragment","Pen Nib","Mango","Potion Belt","Membership Card"],"acts_visited":["Exordium"],"potions_floor_usage":[16,16,16],"damage_taken":[{"damage":5,"enemies":"2 Louse","floor":2,"turns":3},{"damage":8,"enemies":"Cultist","floor":3,"turns":4},{"damage":10,"enemies":"downfall:FleeingMerchant","floor":5,"turns":4},{"damage":0,"enemies":"Small Slimes","floor":8,"turns":3},{"damage":28,"enemies":"Gremlin Nob","floor":9,"turns":3},{"damage":0,"enemies":"Gremlin Gang","floor":11,"turns":3},{"damage":34,"enemies":"downfall:LadyInBlue","floor":12,"turns":8},{"damage":11,"enemies":"downfall:FleeingMerchant","floor":13,"turns":4},{"damage":5,"enemies":"Exordium Thugs","floor":14,"turns":6},{"damage":0,"enemies":"Blue Slaver","floor":15,"turns":5},{"damage":50,"enemies":"downfall:Defect","floor":16,"turns":10}],"seed_played":"1485579263284500912","potions_obtained":[{"floor":2,"key":"champ:CounterPotion"},{"floor":9,"key":"SkillPotion"},{"floor":11,"key":"Block Potion"},{"floor":12,"key":"Regen Potion"},{"floor":12,"key":"Block Potion"},{"floor":12,"key":"SkillPotion"},{"floor":14,"key":"SteroidPotion"}],"is_trial":false,"path_per_floor":["R","M","M","?","$","?","T","M","E","R","M","?","$","M","M","B"],"character_chosen":"THE_CHAMP","items_purchased":["Membership Card"],"campfire_rested":0,"item_purchase_floors":[13],"current_hp_per_floor":[81,81,81,81,81,54,54,54,52,52,52,36,36,36,36,0,0,0],"gold":33,"neow_bonus":"BOSS_RELIC","is_daily":false,"chose_seed":false,"campfire_upgraded":2,"win_rate":0.0,"timestamp":1609164409,"path_taken":["R","M","M","?","?","?","T","M","E","R","M","?","$","M","M","BOSS"],"items_purchased_type":["Relic"],"build_version":"2020-12-22","purchased_purges":2,"victory":false,"max_hp_per_floor":[90,90,90,90,90,90,90,90,104,104,104,104,104,104,104,104,104,104],"card_choices":[{"not_picked":["champ:FanOfKnives","champ:ArenaPreparation"],"picked":"champ:EndlessRage","floor":2},{"not_picked":["champ:Control","champ:BladeFlurry"],"picked":"champ:Aggression","floor":3},{"not_picked":["champ:StanceDance","champ:DefensiveShout"],"picked":"champ:ShieldWall","floor":5},{"not_picked":["champ:Backstep","champ:GutPunch"],"picked":"champ:HeartStrike","floor":8},{"not_picked":["champ:RageSigil","champ:SwordSigil"],"picked":"champ:ShieldThrow","floor":9},{"not_picked":["champ:FlashCut","champ:BladeFlurry","champ:TornadoPunch"],"picked":"SKIP","floor":11},{"not_picked":["champ:FightOn","champ:EnragedBash"],"picked":"champ:BringItOn","floor":12},{"not_picked":["champ:BringItOn","champ:PerfectedStrike","champ:GladiatorsShout"],"picked":"SKIP","floor":13},{"not_picked":["champ:FanOfKnives","champ:GladiatorsShout"],"picked":"champ:Haymaker","floor":14},{"not_picked":["champ:StanceDance","champ:DeathBlow"],"picked":"champ:PerfectForm","floor":15}],"player_experience":4882447,"relics_obtained":[{"floor":7,"key":"Pen Nib"},{"floor":9,"key":"Mango"},{"floor":12,"key":"Potion Belt"}],"event_choices":[{"damage_healed":0,"gold_gain":0,"cards_transformed":["champ:Strike"],"player_choice":"Transformed","damage_taken":0,"max_hp_gain":0,"max_hp_loss":0,"event_name":"Transmorgrifier","floor":4,"gold_loss":0,"cards_obtained":["champ:HoldFirm"]}],"is_beta":false,"boss_relics":[],"items_purged_floors":[5,13],"is_endless":false,"potions_floor_spawned":[2,9,11,14],"killed_by":"downfall:Defect","ascension_level":9}}