{"host":"69bxgjr0sv0a6xc4","time":1609153010,"event":{"mods":["Act Like it!","BaseMod","Better Altar","Better Match","Better Note","Better Sensory Stone","Better Skull","Better Third Choice","BetterRewards","DeckTracker","Downfall","Friendly Minions","Hermit","Hubris","Jorbs\u0027s Wanderer Trilogy","Minty Spire (QoL Compilation)","Relic Stats","Spicy Shops","StSLib","The Animator","The Bladedancer","Unceasing Turn Reminder","Waifu the Spire","Wandering Minibosses"],"gold_per_floor":[99,99,99,24,24,39,39,39,39,59,89,101,113,113,133,133,133,133],"floor_reached":16,"playtime":668,"items_purged":["Slimebound:Tackle"],"score":90,"play_id":"61b3de1a-37be-41ef-a4ab-5e2b4f0ed677","local_time":"20201228115650","is_ascension_mode":false,"campfire_choices":[{"data":"Slimebound:Split","floor":1,"key":"SMITH"},{"floor":8,"key":"RECALL"}],"circlet_count":0,"master_deck":["Slimebound:Strike_Slimebound","Slimebound:Strike_Slimebound+1","Slimebound:Strike_Slimebound","Slimebound:Defend_Slimebound","Slimebound:Defend_Slimebound","Slimebound:Defend_Slimebound","Slimebound:Defend_Slimebound","Slimebound:Split+1","Slimebound:CorrosiveSpit+1","Slimebound:SlimeTap+1","Regret","Slimebound:SplitBruiser","Slimebound:Replication","Slimebound:LevelUp+1","Slimebound:SlimeBrawl"],"relics":["Slimebound:AbsorbEndCombat","downfall:HeartsMalice","downfall:BrokenWingStatue","Bronze Scales"],"acts_visited":["Exordium"],"potions_floor_usage":[13],"damage_taken":[{"damage":0,"enemies":"Small Slimes","floor":2,"turns":1},{"damage":0,"enemies":"2 Louse","floor":3,"turns":1},{"damage":0,"enemies":"downfall:FleeingMerchant","floor":4,"turns":1},{"damage":11,"enemies":"Jaw Worm","floor":6,"turns":3},{"damage":12,"enemies":"3 Louse","floor":10,"turns":2},{"damage":30,"enemies":"Gremlin Gang","floor":12,"turns":4},{"damage":16,"enemies":"Lots of Slimes","floor":13,"turns":3},{"damage":15,"enemies":"Blue Slaver","floor":15,"turns":2},{"damage":44,"enemies":"downfall:Ironclad","floor":16,"turns":3}],"seed_played":"1051351218717698090","potions_obtained":[{"floor":12,"key":"SkillPotion"},{"floor":13,"key":"FearPotion"}],"is_trial":false,"path_per_floor":["R","M","M","$","?","M","T","R","?","M","?","M","M","?","M","B"],"character_chosen":"SLIMEBOUND","items_purchased":[],"campfire_rested":0,"item_purchase_floors":[],"current_hp_per_floor":[60,60,60,60,60,57,57,57,57,59,59,43,39,39,36,0,0,0],"gold":133,"neow_bonus":"THREE_ENEMY_KILL","is_daily":false,"chose_seed":false,"campfire_upgraded":1,"win_rate":0.0,"timestamp":1609153010,"path_taken":["R","M","M","$","?","M","T","R","?","M","?","M","?","?","M","BOSS"],"items_purchased_type":[],"build_version":"2020-12-22","purchased_purges":1,"victory":false,"max_hp_per_floor":[60,60,60,60,60,60,60,60,60,60,60,60,60,60,60,60,60,60],"relic_stats":{"counters":[9,16],"Bronze Scales":[42],"obtain_stats":[{"downfall:BrokenWingStatue":9,"Bronze Scales":11,"downfall:HeartsMalice":0,"Slimebound:AbsorbEndCombat":0},{"downfall:BrokenWingStatue":4,"Bronze Scales":5,"downfall:HeartsMalice":0,"Slimebound:AbsorbEndCombat":0},{"downfall:BrokenWingStatue":3,"Bronze Scales":5,"downfall:HeartsMalice":0,"Slimebound:AbsorbEndCombat":0}]},"card_choices":[{"not_picked":["Slimebound:SplitBruiser","Slimebound:ItLooksTasty"],"picked":"Slimebound:SlimeTap","floor":2},{"not_picked":["Slimebound:LeechEnergy","Slimebound:MegaLick","Slimebound:LeechingTouch"],"picked":"SKIP","floor":3},{"not_picked":["Slimebound:ProtectTheBoss","Slimebound:ComboTackle","Slimebound:Schlurp"],"picked":"SKIP","floor":4},{"not_picked":["Slimebound:ComboTackle","Slimebound:FlameTackle"],"picked":"Slimebound:SplitBruiser","floor":6},{"not_picked":["Slimebound:FinishingTackle","Slimebound:LeechingTouch"],"picked":"Slimebound:Replication","floor":10},{"not_picked":["Slimebound:HauntingLick","Slimebound:FormOfPuddle"],"picked":"Slimebound:LevelUp","floor":12},{"not_picked":["Slimebound:FlameTackle","Slimebound:SplitBruiser"],"picked":"Slimebound:SlimeBrawl","floor":13},{"not_picked":["Slimebound:FormOfPuddle","Slimebound:FinishingTackle","Slimebound:SamplingLick"],"picked":"SKIP","floor":15}],"player_experience":910739,"relics_obtained":[],"event_choices":[{"damage_healed":0,"gold_gain":0,"player_choice":"Upgraded","damage_taken":0,"max_hp_gain":0,"max_hp_loss":0,"event_name":"Upgrade Shrine","floor":14,"gold_loss":0,"cards_upgraded":["Slimebound:LevelUp"]}],"is_beta":false,"boss_relics":[],"items_purged_floors":[4],"is_endless":false,"potions_floor_spawned":[12,13],"killed_by":"downfall:Ironclad","ascension_level":0}}