{"host":"n7mxhpjy89lltbhc","time":1609153521,"event":{"mods":["2.2 Compatiblity","Act Like it!","Bard","BaseMod","Better Match","Better Sensory Stone","Better Synergies","Better Third Choice","Better Vampires","BetterRewards","Challenge The Spire","Colored Map","Colored Powertips","Downfall","Gensokyo","Hubris","Infinite Spire","Jedi Mod","Marisa????????","Marked Mod","Minty Spire (QoL Compilation)","Permanent Neow","Rare Cards Sparkle","Relic Sorter","Relic Stats","Replay The Spire","Shop Mod","Small Relic Pack","Spicy Shops","StSLib","Strawberry Spire","The Blue Laboratory","The Disciple","The Servant 0.9.4","Uncapped","Waifu the Spire","Wandering Minibosses","vexMod"],"gold_per_floor":[113,113,113,128,128,128,155,155,209,243,262,294,294,294,294,371,371,389,184,184,64,78,105,105,137,137,168,184,209,227,239,239,318,318,332,332,389,37,37,69,69,19,71,106,106,122,122,156,156,156],"floor_reached":51,"playtime":2018,"items_purged":["Strike_S","Strike_S"],"score":1909,"play_id":"b09b6b13-2798-4ca4-8d25-97e4516b2d46","local_time":"25631228180521","is_ascension_mode":true,"campfire_choices":[{"floor":6,"key":"REST"},{"data":"Replace","floor":8,"key":"SMITH"},{"data":"ShatteredReality","floor":13,"key":"SMITH"},{"data":"Deny","floor":15,"key":"SMITH"},{"data":"ShatteredReality","floor":24,"key":"SMITH"},{"data":"Comet","floor":32,"key":"SMITH"},{"data":"Rewind","floor":41,"key":"SMITH"},{"data":"ShatteredReality","floor":49,"key":"SMITH"}],"circlet_count":0,"master_deck":["AscendersBane","Strike_S","Defend_S","Defend_S","Defend_S","Defend_S","KidneyShot","Exchange","hubris:Fate+1","DualDimension+1","Replace+1","Deny+1","Rewind+1","ShatteredReality+1","Defy+1","FastForward","Rearm","ShatteredReality+1","Alleviate","BottledTime","Comet+1","GearUp+1","StarChef","DoubleEdge","Gensokyo:ShootingStar","Gouge+1","PendulumOfEternity","ShatteredReality+1"],"relics":["strawberrySpire:SolarisEssence","Gensokyo:Justice","Snack Pack","jedi:shrinkray","hubris:Potato","InkBottle","Replay:Bronze Core","wanderingMiniBosses:Inkheart","Gensokyo:RedStar","Gensokyo:DemonMask","vexMod:MemoryStick","Replay:Wax Seal","PaperSwan","Smiling Mask","ReplayTheSpireMod:Lightbulb","relicPack:OneForAll","vexMod:InvisibilityCloak","Pan","Guide Book","relicPack:DSword","Replay:Ringing Soul","strawberrySpire:ElefentMask","Gremlin Food","Regal Pillow","wanderingMiniBosses:Inkheart","infinitespire:Joker Card","strawberrySpire:DirtyLipstick"],"acts_visited":["Gensokyo:Gensokyo","Gensokyo:Gensokyoer","Gensokyo:Gensokyoest"],"potions_floor_usage":[10,16,33,50],"damage_taken":[{"damage":17,"enemies":"Gensokyo:3_Fairies","floor":1,"turns":6},{"damage":8,"enemies":"Gensokyo:Gryphon","floor":4,"turns":3},{"damage":0,"enemies":"Gensokyo:Mamizou","floor":7,"turns":3},{"damage":16,"enemies":"Gensokyo:Aya","floor":10,"turns":6},{"damage":0,"enemies":"Gensokyo:2_Kodama","floor":11,"turns":3},{"damage":0,"enemies":"Gensokyo:Mamizou","floor":12,"turns":5},{"damage":0,"enemies":"Gensokyo:Kokoro","floor":16,"turns":4},{"damage":2,"enemies":"Gensokyo:AngelMirror","floor":18,"turns":3},{"damage":0,"enemies":"Gensokyo:Chomper","floor":22,"turns":2},{"damage":13,"enemies":"Gensokyo:Tenshi","floor":23,"turns":2},{"damage":0,"enemies":"Gensokyo:Koishi","floor":25,"turns":2},{"damage":0,"enemies":"Gensokyo:Tenshi","floor":27,"turns":1},{"damage":0,"enemies":"Gensokyo:3_Gloops","floor":28,"turns":1},{"damage":0,"enemies":"Gensokyo:Reisen","floor":29,"turns":4},{"damage":0,"enemies":"Gensokyo:Chomper_and_Gloop","floor":30,"turns":1},{"damage":0,"enemies":"Gensokyo:Wraith","floor":31,"turns":2},{"damage":0,"enemies":"Gensokyo:Eiki","floor":33,"turns":8},{"damage":0,"enemies":"Gensokyo:3_Boulders","floor":35,"turns":2},{"damage":0,"enemies":"Gensokyo:Marisa","floor":40,"turns":2},{"damage":0,"enemies":"Nightmare","floor":44,"turns":5},{"damage":0,"enemies":"Gensokyo:3_Bats","floor":46,"turns":5},{"damage":0,"enemies":"Gensokyo:Doremy","floor":48,"turns":4},{"damage":0,"enemies":"Gensokyo:Yuyuko","floor":50,"turns":4}],"seed_played":"7711437934889778956","potions_obtained":[{"floor":1,"key":"Swift Potion"},{"floor":7,"key":"blueLaboratory:FruitPunch"},{"floor":11,"key":"CultistPotion"},{"floor":16,"key":"SkillPotion"},{"floor":30,"key":"blueLaboratory:FrostheartPotion"},{"floor":33,"key":"Milkshake"},{"floor":37,"key":"jedi:StrikingPotion"}],"is_trial":false,"path_per_floor":["M","?","?","M","?","R","E","R","T","E","M","E","R","?","R","B",null,"M","$","?","?","M","E","R","E","T","E","M","E","M","M","R","B",null,"M","?","?","COS","?","E","R","$","T","NM","T","M","?","E","R","B",null],"character_chosen":"THE_SERVANT","items_purchased":["Rearm","ShatteredReality","Alleviate"],"campfire_rested":1,"item_purchase_floors":[19,19,19],"current_hp_per_floor":[42,42,26,18,18,37,37,37,37,33,35,37,37,37,37,37,60,58,58,58,58,60,47,47,47,47,47,47,49,49,49,49,67,67,67,67,67,67,32,36,36,36,36,43,43,64,36,41,41,41],"gold":156,"neow_bonus":"BOSS_RELIC","is_daily":false,"chose_seed":false,"campfire_upgraded":7,"win_rate":0.0,"timestamp":1609153521,"path_taken":["M","?","?","M","?","R","E","R","T","E","M","E","R","?","R","BOSS","M","$","?","?","?","E","R","E","T","E","M","E","M","M","R","BOSS","M","?","?","COS","?","E","R","?","T","NM","?","?","?","E","R","BOSS"],"items_purchased_type":["Card","Card","Card"],"build_version":"2020-12-22","purchased_purges":2,"victory":true,"max_hp_per_floor":[65,65,65,65,65,65,65,65,65,67,67,67,67,67,67,67,67,67,67,67,67,67,67,67,67,67,67,67,67,67,67,67,67,67,67,67,67,67,67,67,67,67,67,70,70,70,70,73,73,73],"relic_stats":{"Regal Pillow":0,"counters":[23,78],"Smiling Mask":50,"obtain_stats":[{"strawberrySpire:SolarisEssence":0,"Gensokyo:DemonMask":21,"vexMod:MemoryStick":23,"Regal Pillow":45,"relicPack:DSword":39,"Uniform":0,"Gensokyo:Justice":2,"Smiling Mask":27,"jedi:shrinkray":9,"relicPack:OneForAll":36,"Frozen Eye":25,"vexMod:InvisibilityCloak":37,"Replay:Ringing Soul":40,"Replay:Bronze Core":17,"Replay:Wax Seal":25,"InkBottle":12,"strawberrySpire:ElefentMask":43,"Gremlin Food":44,"Guide Book":38,"infinitespire:Joker Card":47,"PaperSwan":26,"Gensokyo:RedStar":20,"strawberrySpire:DirtyLipstick":48,"Snack Pack":7,"Pan":38,"ReplayTheSpireMod:Lightbulb":29,"hubris:Potato":10,"wanderingMiniBosses:Inkheart":18},{"strawberrySpire:SolarisEssence":0,"Gensokyo:DemonMask":8,"vexMod:MemoryStick":10,"Regal Pillow":20,"relicPack:DSword":18,"Uniform":0,"Gensokyo:Justice":1,"Smiling Mask":12,"jedi:shrinkray":3,"relicPack:OneForAll":18,"Frozen Eye":10,"vexMod:InvisibilityCloak":18,"Replay:Ringing Soul":19,"Replay:Bronze Core":7,"Replay:Wax Seal":11,"InkBottle":6,"strawberrySpire:ElefentMask":19,"Gremlin Food":20,"Guide Book":18,"infinitespire:Joker Card":21,"PaperSwan":11,"Gensokyo:RedStar":8,"strawberrySpire:DirtyLipstick":22,"Snack Pack":3,"Pan":18,"ReplayTheSpireMod:Lightbulb":14,"hubris:Potato":4,"wanderingMiniBosses:Inkheart":8},{"strawberrySpire:SolarisEssence":0,"Gensokyo:DemonMask":33,"vexMod:MemoryStick":37,"Regal Pillow":65,"relicPack:DSword":58,"Uniform":0,"Gensokyo:Justice":6,"Smiling Mask":40,"jedi:shrinkray":12,"relicPack:OneForAll":58,"Frozen Eye":37,"vexMod:InvisibilityCloak":58,"Replay:Ringing Soul":60,"Replay:Bronze Core":30,"Replay:Wax Seal":39,"InkBottle":26,"strawberrySpire:ElefentMask":60,"Gremlin Food":65,"Guide Book":58,"infinitespire:Joker Card":70,"PaperSwan":39,"Gensokyo:RedStar":33,"strawberrySpire:DirtyLipstick":74,"Snack Pack":12,"Pan":58,"ReplayTheSpireMod:Lightbulb":45,"hubris:Potato":18,"wanderingMiniBosses:Inkheart":33}],"InkBottle":[28]},"card_choices":[{"not_picked":["Revamp","Replace"],"picked":"Deadline","floor":1},{"not_picked":["hubris:InfiniteBlow+8","hubris:Rewind"],"picked":"hubris:Fate","floor":3},{"not_picked":["FastForward","Ricochet"],"picked":"DualDimension","floor":4},{"not_picked":["Revamp","ShatteredReality"],"picked":"Replace","floor":7},{"not_picked":["Replace","TimeWarp"],"picked":"Deny","floor":10},{"not_picked":["TimeWarp","Replace"],"picked":"Rewind","floor":11},{"not_picked":["Starlight","Rearm"],"picked":"ShatteredReality","floor":12},{"not_picked":["Ricochet+1","Replace+1"],"picked":"Defy+1","floor":14},{"not_picked":["Revamp","Replace"],"picked":"FastForward","floor":18},{"not_picked":["Ricochet","Replace"],"picked":"BottledTime","floor":22},{"not_picked":["InstantArmor","Shuttle+1","RealityMarble+1"],"picked":"SKIP","floor":23},{"not_picked":["DancingSilver+1","Unruled+1"],"picked":"Comet","floor":25},{"not_picked":["Snipe","Orbit","Potential"],"picked":"SKIP","floor":27},{"not_picked":["TimeWarp","Orbit","Rearm"],"picked":"SKIP","floor":28},{"not_picked":["Spin","SpecialFormula","GearUp"],"picked":"SKIP","floor":29},{"not_picked":["Spin","SpecialFormula"],"picked":"GearUp","floor":29},{"not_picked":["FanOfKnives","Ricochet"],"picked":"StarChef","floor":30},{"not_picked":["Revamp","Replace"],"picked":"DoubleEdge","floor":31},{"not_picked":[],"picked":"Gensokyo:ShootingStar","floor":33},{"not_picked":["DancingSilver","ShiftingGears"],"picked":"Gouge+1","floor":35},{"not_picked":["FanOfKnives","Ricochet","DoubleEdge+1"],"picked":"SKIP","floor":40},{"not_picked":["TheWorld","FlawlessForm"],"picked":"PendulumOfEternity","floor":44},{"not_picked":["RealityMarble","Replace","Unruled"],"picked":"SKIP","floor":44},{"not_picked":["Spin","Ricochet","Unruled"],"picked":"SKIP","floor":46},{"not_picked":["Replace+1","Rearm"],"picked":"ShatteredReality","floor":48}],"player_experience":1016242,"relics_obtained":[{"floor":7,"key":"Snack Pack"},{"floor":9,"key":"jedi:shrinkray"},{"floor":10,"key":"hubris:Potato"},{"floor":12,"key":"InkBottle"},{"floor":18,"key":"wanderingMiniBosses:Inkheart"},{"floor":23,"key":"vexMod:MemoryStick"},{"floor":25,"key":"Replay:Wax Seal"},{"floor":26,"key":"PaperSwan"},{"floor":27,"key":"Smiling Mask"},{"floor":29,"key":"ReplayTheSpireMod:Lightbulb"},{"floor":37,"key":"vexMod:InvisibilityCloak"},{"floor":40,"key":"Replay:Ringing Soul"},{"floor":43,"key":"strawberrySpire:ElefentMask"},{"floor":44,"key":"Gremlin Food"},{"floor":45,"key":"Regal Pillow"},{"floor":46,"key":"wanderingMiniBosses:Inkheart"},{"floor":48,"key":"strawberrySpire:DirtyLipstick"}],"event_choices":[{"damage_healed":0,"gold_gain":0,"player_choice":"2","damage_taken":0,"max_hp_gain":0,"max_hp_loss":0,"event_name":"betterMatch:BetterMatch","floor":14,"gold_loss":0,"cards_obtained":["betterMatch:CommonCard"]}],"is_beta":false,"boss_relics":[{"not_picked":["SacredBark","hubris:GrandSneckoEye"],"picked":"Replay:Bronze Core"},{"not_picked":["Snecko Eye","Pandora\u0027s Box","ReplayTheSpireMod:DimensionalGlitch"]}],"items_purged_floors":[19,42],"is_endless":false,"potions_floor_spawned":[1,7,11,16,18,29,30,33,40,48],"ascension_level":13}}