{"host":"lhth1efayex2023z","time":1609114079,"event":{"mods":["BaseMod","Colored Map","Googly Eyes","Minty Spire (QoL Compilation)","StSLib"],"gold_per_floor":[111,111,76,1,19,50,50,69,69,98,115,146,96,122,122,227,227,241,156,156,206,225,225,225],"floor_reached":23,"playtime":1168,"items_purged":["Normality","Strike_R"],"score":387,"play_id":"1d317f6c-3ebd-405d-b654-8d6d3df420b3","local_time":"20201227170759","is_ascension_mode":true,"campfire_choices":[{"data":"Body Slam","floor":7.0,"key":"SMITH"},{"floor":15.0,"key":"REST"}],"circlet_count":0,"master_deck":["AscendersBane","Strike_R","Strike_R","Strike_R","Strike_R+1","Defend_R","Defend_R","Defend_R+1","Defend_R","Bash","Armaments+1","Body Slam+1","Entrench+1","Brutality","Battle Trance"],"relics":["Burning Blood","StoneCalendar","Bird Faced Urn","FossilizedHelix","Unceasing Top","Smiling Mask","War Paint","Philosopher\u0027s Stone","Magic Flower"],"acts_visited":["Exordium","TheCity"],"potions_floor_usage":[22],"damage_taken":[{"damage":14.0,"enemies":"Small Slimes","floor":1.0,"turns":7.0},{"damage":9.0,"enemies":"2 Louse","floor":5.0,"turns":3.0},{"damage":10.0,"enemies":"Lagavulin","floor":6.0,"turns":8.0},{"damage":1.0,"enemies":"Cultist","floor":8.0,"turns":3.0},{"damage":30.0,"enemies":"3 Sentries","floor":10.0,"turns":7.0},{"damage":1.0,"enemies":"Exordium Thugs","floor":11.0,"turns":4.0},{"damage":27.0,"enemies":"Lagavulin","floor":12.0,"turns":7.0},{"damage":0.0,"enemies":"Gremlin Nob","floor":14.0,"turns":2.0},{"damage":25.0,"enemies":"Slime Boss","floor":16.0,"turns":14.0},{"damage":17.0,"enemies":"Spheric Guardian","floor":18.0,"turns":6.0},{"damage":18,"enemies":"3 Byrds","floor":22,"turns":6},{"damage":77,"enemies":"Book of Stabbing","floor":23,"turns":6}],"seed_played":"1144502396793706597","potions_obtained":[{"floor":6.0,"key":"SneckoOil"},{"floor":12.0,"key":"AttackPotion"},{"floor":16.0,"key":"LiquidMemories"},{"floor":18.0,"key":"PowerPotion"},{"floor":22,"key":"Strength Potion"}],"is_trial":false,"path_per_floor":["M","?","?","$","M","E","R","M","T","E","M","E","$","E","R","B",null,"M","?","?","?","M","E"],"character_chosen":"IRONCLAD","items_purchased":[],"campfire_rested":1,"item_purchase_floors":[],"current_hp_per_floor":[64,48,68,68,65,61,61,66,66,42,47,26,26,32,56,37,69,60,60,60,60,57,0,0],"gold":225,"neow_bonus":"ONE_RARE_RELIC","is_daily":false,"chose_seed":false,"campfire_upgraded":1,"win_rate":0.0,"timestamp":1609114079,"path_taken":["M","?","?","$","M","E","R","M","T","E","M","E","$","E","R","BOSS","M","?","?","?","?","E"],"items_purchased_type":[],"build_version":"2020-12-22","purchased_purges":2,"victory":false,"max_hp_per_floor":[80,80,80,80,80,80,80,80,80,80,80,80,80,80,80,80,80,80,80,80,80,80,80,80],"card_choices":[{"not_picked":["Warcry","Sentinel"],"picked":"Armaments","floor":1.0},{"not_picked":["Spot Weakness","True Grit"],"picked":"Body Slam","floor":5.0},{"not_picked":["Wild Strike","Sword Boomerang","Hemokinesis"],"picked":"SKIP","floor":6.0},{"not_picked":["Anger","Second Wind","Sever Soul"],"picked":"SKIP","floor":8.0},{"not_picked":["Sword Boomerang","Whirlwind"],"picked":"Entrench","floor":10.0},{"not_picked":["Dual Wield","Rupture","Flex"],"picked":"SKIP","floor":11.0},{"not_picked":["Perfected Strike","Cleave","Armaments"],"picked":"SKIP","floor":12.0},{"not_picked":["Sword Boomerang","Shockwave","Combust"],"picked":"SKIP","floor":14.0},{"not_picked":["Corruption","Fiend Fire"],"picked":"Brutality","floor":16.0},{"not_picked":["Havoc","Intimidate"],"picked":"Battle Trance","floor":18.0},{"not_picked":["Sever Soul","Havoc","Armaments"],"picked":"SKIP","floor":22}],"player_experience":422667,"relics_obtained":[{"floor":6.0,"key":"Bird Faced Urn"},{"floor":9.0,"key":"FossilizedHelix"},{"floor":10.0,"key":"Unceasing Top"},{"floor":12.0,"key":"Smiling Mask"},{"floor":14.0,"key":"War Paint"}],"event_choices":[{"damage_healed":0.0,"max_hp_gain":0.0,"max_hp_loss":0.0,"gold_gain":0.0,"event_name":"Shining Light","player_choice":"Entered Light","floor":2.0,"gold_loss":0.0,"damage_taken":16.0,"cards_upgraded":["Armaments","Strike_R"]},{"damage_healed":20.0,"max_hp_gain":0.0,"max_hp_loss":0.0,"gold_gain":0.0,"event_name":"The Cleric","player_choice":"Healed","floor":3.0,"gold_loss":35.0,"damage_taken":0.0},{"damage_healed":0.0,"max_hp_gain":0.0,"max_hp_loss":0.0,"gold_gain":0.0,"event_name":"Addict","player_choice":"Obtained Relic","floor":19.0,"gold_loss":85.0,"damage_taken":0.0,"relics_obtained":["Magic Flower"]},{"damage_healed":0.0,"max_hp_gain":0.0,"max_hp_loss":0.0,"gold_gain":0.0,"event_name":"Ghosts","player_choice":"Ignored","floor":20.0,"gold_loss":0.0,"damage_taken":0.0},{"damage_healed":0,"gold_gain":100,"player_choice":"Bet on Murderer","damage_taken":0,"max_hp_gain":0,"max_hp_loss":0,"event_name":"The Joust","floor":21,"gold_loss":50}],"is_beta":false,"boss_relics":[{"not_picked":["Black Blood","Snecko Eye"],"picked":"Philosopher\u0027s Stone"}],"items_purged_floors":[4,13],"is_endless":false,"potions_floor_spawned":[6,12,16,18,22],"killed_by":"Book of Stabbing","ascension_level":12}}