{"host":"vydapxfau6612551","time":1609125756,"event":{"mods":["AchievementEnabler","BaseMod","Minty Spire (QoL Compilation)","StSLib","SuperFastMode"],"gold_per_floor":[116,116,149,209,241,289,324,356,425,425,490,26,26,51,51,156,156,166,209,247,285,327,352,352,277,352,203,237,237,293,307,307,404,404,415,236,286,298,308,308,362,362,362,393,393,427,427,427,427,427,427,427,19,45,45,45],"floor_reached":55,"playtime":3188,"items_purged":["Strike_R"],"score":1338,"play_id":"172b217c-438a-4cde-a9bc-4204d54e2c85","local_time":"20201228122236","is_ascension_mode":true,"campfire_choices":[{"data":"HandOfGreed","floor":10.0,"key":"SMITH"},{"floor":13.0,"key":"REST"},{"data":"Apotheosis","floor":15.0,"key":"SMITH"},{"floor":24.0,"key":"REST"},{"floor":32.0,"key":"DIG"},{"floor":40.0,"key":"DIG"},{"floor":42.0,"key":"DIG"},{"floor":47.0,"key":"RECALL"},{"floor":49.0,"key":"DIG"},{"floor":52.0,"key":"DIG"}],"circlet_count":0,"master_deck":["Strike_R","Strike_R","Strike_R","Defend_R","Defend_R","Defend_R","Bash","HandOfGreed+1","Shrug It Off","Wild Strike","Burning Pact","Pommel Strike","Twin Strike","Twin Strike","Flex","Twin Strike","Apotheosis+1","Sword Boomerang","Perfected Strike","Offering","Pommel Strike","Sword Boomerang+1","Battle Trance","Uppercut","Intimidate+1","Double Tap","Apotheosis","Dropkick","Second Wind","Power Through","Flex+1","Wild Strike+1","Havoc+1","Evolve","Secret Weapon","Exhume"],"relics":["Burning Blood","FaceOfCleric","CaptainsWheel","Happy Flower","Pantograph","Fusion Hammer","Shovel","Self Forming Clay","Red Skull","Bag of Preparation","MealTicket","Bag of Marbles","SacredBark","Ice Cream","Kunai","Bottled Flame","Toy Ornithopter","Sundial","HornCleat","Turnip","Incense Burner","Gremlin Horn","Orrery","Thread and Needle"],"acts_visited":["Exordium","TheCity","TheBeyond","TheEnding"],"potions_floor_usage":[55],"damage_taken":[{"damage":7.0,"enemies":"Jaw Worm","floor":1.0,"turns":3.0},{"damage":1.0,"enemies":"Cultist","floor":3.0,"turns":3.0},{"damage":0.0,"enemies":"Small Slimes","floor":4.0,"turns":4.0},{"damage":12.0,"enemies":"Looter","floor":5.0,"turns":4.0},{"damage":24.0,"enemies":"Gremlin Nob","floor":6.0,"turns":4.0},{"damage":8.0,"enemies":"Blue Slaver","floor":7.0,"turns":2.0},{"damage":18.0,"enemies":"Large Slime","floor":8.0,"turns":4.0},{"damage":17.0,"enemies":"Lots of Slimes","floor":11.0,"turns":6.0},{"damage":0.0,"enemies":"Lagavulin","floor":14.0,"turns":4.0},{"damage":0.0,"enemies":"Slime Boss","floor":16.0,"turns":5.0},{"damage":6.0,"enemies":"Spheric Guardian","floor":18.0,"turns":2.0},{"damage":28.0,"enemies":"Shell Parasite","floor":19.0,"turns":3.0},{"damage":0.0,"enemies":"Snecko","floor":20.0,"turns":2.0},{"damage":15.0,"enemies":"Centurion and Healer","floor":21.0,"turns":4.0},{"damage":17.0,"enemies":"Snake Plant","floor":22.0,"turns":2.0},{"damage":28.0,"enemies":"Slavers","floor":23.0,"turns":3.0},{"damage":16.0,"enemies":"Book of Stabbing","floor":28.0,"turns":4.0},{"damage":6.0,"enemies":"Gremlin Leader","floor":30.0,"turns":3.0},{"damage":6.0,"enemies":"Snecko","floor":31.0,"turns":2.0},{"damage":53.0,"enemies":"Champ","floor":33.0,"turns":7.0},{"damage":34.0,"enemies":"3 Darklings","floor":35.0,"turns":5.0},{"damage":26.0,"enemies":"Mind Bloom Boss Battle","floor":37.0,"turns":4.0},{"damage":0.0,"enemies":"3 Shapes","floor":38.0,"turns":2.0},{"damage":22.0,"enemies":"Sphere and 2 Shapes","floor":39.0,"turns":3.0},{"damage":24.0,"enemies":"Nemesis","floor":41.0,"turns":3.0},{"damage":7.0,"enemies":"Reptomancer","floor":44.0,"turns":5.0},{"damage":6.0,"enemies":"Giant Head","floor":46.0,"turns":5.0},{"damage":71.0,"enemies":"Awakened One","floor":50.0,"turns":11.0},{"damage":16.0,"enemies":"Shield and Spear","floor":54.0,"turns":6.0},{"damage":96,"enemies":"The Heart","floor":55,"turns":6}],"seed_played":"-53367223767439696","potions_obtained":[{"floor":3.0,"key":"DuplicationPotion"},{"floor":8.0,"key":"FearPotion"},{"floor":11.0,"key":"PowerPotion"},{"floor":14.0,"key":"EntropicBrew"},{"floor":16.0,"key":"FearPotion"},{"floor":22.0,"key":"LiquidBronze"},{"floor":23.0,"key":"BlessingOfTheForge"},{"floor":30.0,"key":"DistilledChaos"},{"floor":37.0,"key":"Regen Potion"},{"floor":39.0,"key":"Block Potion"},{"floor":41.0,"key":"Energy Potion"},{"floor":54.0,"key":"BlessingOfTheForge"}],"is_trial":false,"path_per_floor":["M","?","M","M","M","E","M","M","T","R","M","$","R","E","R","B",null,"M","M","M","M","M","E","R","?","T","$","E","?","E","M","R","B",null,"M","$","?","M","M","R","E","R","T","E","?","E","R","?","R","B",null,"R","$","E","B"],"character_chosen":"IRONCLAD","items_purchased":["Apotheosis","Sword Boomerang","Happy Flower","Red Skull","Apotheosis","Orrery","Evolve","Secret Weapon"],"campfire_rested":2,"item_purchase_floors":[12,12,12,27,36,53,53,53],"current_hp_per_floor":[71,71,73,74,69,52,51,40,40,40,30,30,53,60,60,81,81,82,61,68,60,50,29,55,55,55,55,46,46,47,48,48,27,75,48,63,69,76,61,61,63,63,63,68,68,74,74,74,74,29,78,78,93,84,0,0],"gold":45,"neow_bonus":"RANDOM_COLORLESS_2","is_daily":false,"chose_seed":false,"campfire_upgraded":2,"win_rate":0.0,"timestamp":1609125756,"path_taken":["M","?","M","M","M","E","M","M","T","R","?","$","R","E","R","BOSS","M","M","M","M","M","E","R","?","T","$","E","?","E","M","R","BOSS","M","$","?","M","M","R","E","R","T","E","?","E","R","?","R","BOSS","R","$","E","BOSS"],"items_purchased_type":["Card","Card","Relic","Relic","Card","Relic","Card","Card"],"build_version":"2020-12-22","purchased_purges":1,"victory":false,"max_hp_per_floor":[72,72,73,74,75,76,77,78,78,78,79,79,79,80,80,81,81,82,83,84,85,86,87,87,87,87,87,88,88,89,90,90,91,91,92,92,93,94,95,95,96,96,96,97,97,98,98,93,93,94,94,94,94,95,95,95],"card_choices":[{"not_picked":["The Bomb","Magnetism"],"picked":"HandOfGreed","floor":0.0},{"not_picked":["Headbutt","Bloodletting"],"picked":"Shrug It Off","floor":1.0},{"not_picked":["Combust","Headbutt"],"picked":"Wild Strike","floor":3.0},{"not_picked":["Headbutt","Hemokinesis"],"picked":"Burning Pact","floor":4.0},{"not_picked":["Havoc","Clothesline"],"picked":"Pommel Strike","floor":5.0},{"not_picked":["Flex","Inflame"],"picked":"Twin Strike","floor":6.0},{"not_picked":["Body Slam","Dark Embrace"],"picked":"Twin Strike","floor":7.0},{"not_picked":["Cleave","Clash"],"picked":"Flex","floor":8.0},{"not_picked":["Burning Pact","Berserk"],"picked":"Twin Strike","floor":11.0},{"not_picked":["Body Slam","Havoc"],"picked":"Perfected Strike","floor":14.0},{"not_picked":["Feed","Barricade"],"picked":"Offering","floor":16.0},{"not_picked":["Shrug It Off+1","Clothesline"],"picked":"Pommel Strike","floor":18.0},{"not_picked":["Heavy Blade","Sever Soul","Anger"],"picked":"SKIP","floor":19.0},{"not_picked":["Power Through+1","Flex"],"picked":"Sword Boomerang+1","floor":20.0},{"not_picked":["Intimidate","Twin Strike+1"],"picked":"Battle Trance","floor":21.0},{"not_picked":["True Grit","Dual Wield"],"picked":"Uppercut","floor":22.0},{"not_picked":["Heavy Blade","Inflame","Dual Wield"],"picked":"SKIP","floor":23.0},{"not_picked":["Clothesline","Corruption","Brutality"],"picked":"SKIP","floor":28.0},{"not_picked":["Armaments","Rage"],"picked":"Intimidate+1","floor":30.0},{"not_picked":["Body Slam","Clothesline","Pummel"],"picked":"SKIP","floor":31.0},{"not_picked":["Corruption","Fiend Fire"],"picked":"Double Tap","floor":33.0},{"not_picked":["Pummel","Blood for Blood","Clash"],"picked":"SKIP","floor":35.0},{"not_picked":["Warcry","True Grit"],"picked":"Dropkick","floor":38.0},{"not_picked":["Immolate","Metallicize+1","Anger"],"picked":"SKIP","floor":39.0},{"not_picked":["Cleave+1","Sever Soul","Havoc+1"],"picked":"SKIP","floor":41.0},{"not_picked":["Dual Wield","Uppercut"],"picked":"Second Wind","floor":44.0},{"not_picked":["Clash","Evolve","Clothesline"],"picked":"SKIP","floor":46.0},{"not_picked":["Rupture","Ghostly Armor+1"],"picked":"Power Through","floor":53.0},{"not_picked":["Reckless Charge","Sword Boomerang+1"],"picked":"Flex+1","floor":53.0},{"not_picked":["Bloodletting","Cleave"],"picked":"Wild Strike+1","floor":53.0},{"not_picked":["Anger+1","Cleave"],"picked":"Havoc+1","floor":53.0},{"not_picked":["Headbutt","Twin Strike+1"],"picked":"Exhume","floor":54.0}],"player_experience":408020,"relics_obtained":[{"floor":6.0,"key":"CaptainsWheel"},{"floor":14.0,"key":"Pantograph"},{"floor":23.0,"key":"Shovel"},{"floor":26.0,"key":"Self Forming Clay"},{"floor":28.0,"key":"Bag of Preparation"},{"floor":30.0,"key":"MealTicket"},{"floor":32.0,"key":"Bag of Marbles"},{"floor":37.0,"key":"Ice Cream"},{"floor":40.0,"key":"Kunai"},{"floor":41.0,"key":"Bottled Flame"},{"floor":42.0,"key":"Toy Ornithopter"},{"floor":43.0,"key":"Sundial"},{"floor":44.0,"key":"HornCleat"},{"floor":46.0,"key":"Turnip"},{"floor":49.0,"key":"Incense Burner"},{"floor":52.0,"key":"Gremlin Horn"},{"floor":54.0,"key":"Thread and Needle"}],"event_choices":[{"damage_healed":0.0,"max_hp_gain":0.0,"max_hp_loss":0.0,"gold_gain":0.0,"event_name":"FaceTrader","player_choice":"Trade","floor":2.0,"gold_loss":0.0,"damage_taken":0.0,"relics_obtained":["FaceOfCleric"]},{"cards_removed":["Defend_R"],"damage_healed":0.0,"max_hp_gain":0.0,"max_hp_loss":0.0,"gold_gain":0.0,"event_name":"Beggar","player_choice":"Gave Gold","floor":25.0,"gold_loss":75.0,"damage_taken":0.0},{"damage_healed":0.0,"max_hp_gain":0.0,"max_hp_loss":0.0,"gold_gain":0.0,"event_name":"Cursed Tome","player_choice":"Ignored","floor":29.0,"gold_loss":0.0,"damage_taken":0.0},{"damage_healed":0.0,"max_hp_gain":0.0,"max_hp_loss":0.0,"gold_gain":0.0,"event_name":"MindBloom","player_choice":"Fight","floor":37.0,"gold_loss":0.0,"damage_taken":0.0},{"cards_removed":["Strike_R"],"damage_healed":0.0,"max_hp_gain":0.0,"max_hp_loss":0.0,"gold_gain":0.0,"event_name":"Falling","player_choice":"Removed Attack","floor":45.0,"gold_loss":0.0,"damage_taken":0.0},{"damage_healed":0.0,"max_hp_gain":0.0,"max_hp_loss":5.0,"gold_gain":0.0,"event_name":"Winding Halls","player_choice":"Max HP","floor":48.0,"gold_loss":0.0,"damage_taken":0.0}],"is_beta":false,"boss_relics":[{"not_picked":["Sozu","Astrolabe"],"picked":"Fusion Hammer"},{"not_picked":["Philosopher\u0027s Stone","Snecko Eye"],"picked":"SacredBark"}],"items_purged_floors":[12],"is_endless":false,"potions_floor_spawned":[3,8,11,14,16,19,22,23,30,37,39,41,54],"killed_by":"The Heart","ascension_level":8}}