{"host":"qwv9nni2x0umspiu","time":1609119056,"event":{"mods":["BaseMod","Downfall","Minty Spire (QoL Compilation)","Replay The Spire","StSLib","The Hierophant","Wandering Minibosses"],"gold_per_floor":[110,110,35,35,55,88,88,88,88,106,185,21,21,41,41,118,118,128,138,139,144,159,159,159,159,159,159,163,163,173,199,199,270,270,293,283,283,208,219,222,257,283,283,267,78,78,99,122,122,88,88,88,88,29,59,19],"floor_reached":57,"playtime":2851,"items_purged":["hierophant:CoinFling+1","hierophant:Strike_Hierophant+1"],"score":2845,"play_id":"9a623e8d-ca9f-43ae-8972-a74e34653905","local_time":"20201227173056","is_ascension_mode":true,"campfire_choices":[{"data":"hierophant:Punish","floor":7.0,"key":"SMITH"},{"data":"hierophant:ChurchCoffers","floor":13.0,"key":"SMITH"},{"data":"hierophant:ChurchCoffers","floor":15.0,"key":"SMITH"},{"data":"hierophant:Exaltation","floor":23.0,"key":"SMITH"},{"data":"hierophant:DivineIntervention","floor":25.0,"key":"SMITH"},{"data":"hierophant:Community","floor":27.0,"key":"SMITH"},{"data":"hierophant:HammerAndAnvil","floor":29.0,"key":"SMITH"},{"floor":32.0,"key":"RECALL"},{"data":"hierophant:Upheaval","floor":46,"key":"SMITH"},{"data":"hierophant:Chorus","floor":49,"key":"SMITH"},{"data":"hierophant:Zeal","floor":53,"key":"SMITH"}],"circlet_count":0,"master_deck":["AscendersBane","hierophant:Punish+1","hierophant:ChurchCoffers+1","hierophant:Smite","hierophant:ChurchCoffers+1","hierophant:DivineIntervention+1","hierophant:Community+1","hierophant:Shelter+1","hierophant:Exaltation+1","hierophant:HammerAndAnvil+1","hierophant:PristineSoul+1","hierophant:Doubloon+1","hierophant:FaithHealing+1","hierophant:Racketeering+1","hierophant:Chorus+1","hierophant:Upheaval+1","hierophant:Zeal+1","hierophant:Levitation+1","hierophant:HammerAndAnvil","hierophant:Alms"],"relics":["hierophant:PropheticMaskRelic","NeowsBlessing","ReplayTheSpireMod:Lightbulb","HornCleat","DollysMirror","SlaversCollar","Chameleon Ring","TungstenRod","Astrolabe","Boot","Ice Cream","Bird Faced Urn","ReplayTheSpireMod:TigerMarble","Replay:PocketPolymizer","wanderingMiniBosses:AbyssPearl","White Beast Statue","War Paint"],"acts_visited":["Exordium","TheCity","TheBeyond","TheEnding"],"potions_floor_usage":[40,56,56],"damage_taken":[{"damage":0.0,"enemies":"Small Slimes","floor":1.0,"turns":1.0},{"damage":0.0,"enemies":"2 Louse","floor":5.0,"turns":1.0},{"damage":0.0,"enemies":"Lagavulin","floor":6.0,"turns":1.0},{"damage":2.0,"enemies":"Jaw Worm","floor":10.0,"turns":2.0},{"damage":13.0,"enemies":"Large Slime","floor":14.0,"turns":3.0},{"damage":41.0,"enemies":"Fading Forest","floor":16.0,"turns":13.0},{"damage":0.0,"enemies":"Spheric Guardian","floor":18.0,"turns":3.0},{"damage":0.0,"enemies":"3 Byrds","floor":19.0,"turns":2.0},{"damage":0.0,"enemies":"Centurion and Healer","floor":20.0,"turns":2.0},{"damage":12.0,"enemies":"Snake Plant","floor":21.0,"turns":2.0},{"damage":0.0,"enemies":"Cultist and Chosen","floor":22.0,"turns":6.0},{"damage":4.0,"enemies":"Snecko","floor":28.0,"turns":3.0},{"damage":6.0,"enemies":"Centurion and Healer","floor":30.0,"turns":3.0},{"damage":8.0,"enemies":"Replay:Snechameleon","floor":31.0,"turns":5.0},{"damage":0.0,"enemies":"Collector","floor":33.0,"turns":6.0},{"damage":0.0,"enemies":"3 Darklings","floor":35.0,"turns":3.0},{"damage":0.0,"enemies":"Orb Walker","floor":36.0,"turns":2.0},{"damage":0.0,"enemies":"3 Darklings","floor":39.0,"turns":4.0},{"damage":0,"enemies":"R_Hoarder","floor":40,"turns":1},{"damage":11,"enemies":"2 Orb Walkers","floor":41,"turns":4},{"damage":19,"enemies":"Reptomancer","floor":42,"turns":4},{"damage":0,"enemies":"Maw","floor":44,"turns":2},{"damage":5,"enemies":"Mind Bloom Boss Battle","floor":47,"turns":3},{"damage":0,"enemies":"Nemesis","floor":48,"turns":1},{"damage":0,"enemies":"Replay:Hell Engine","floor":50,"turns":3},{"damage":21,"enemies":"Time Eater","floor":51,"turns":2},{"damage":15,"enemies":"Shield and Spear","floor":55,"turns":2},{"damage":9,"enemies":"The Heart","floor":56,"turns":6}],"seed_played":"-5392044545273449706","potions_obtained":[{"floor":6.0,"key":"LiquidMemories"},{"floor":16.0,"key":"Adrenaline Potion"},{"floor":18.0,"key":"Fire Potion"},{"floor":20.0,"key":"LiquidBronze"},{"floor":28.0,"key":"EntropicBrew"},{"floor":31.0,"key":"SteroidPotion"},{"floor":36.0,"key":"Fire Potion"},{"floor":42,"key":"PowerPotion"}],"is_trial":false,"path_per_floor":["M","?","?","?","M","E","R","?","T","M","T","$","R","M","R","B",null,"M","M","M","M","M","R","?","R","T","R","M","R","M","E","R","B",null,"M","M","?","$","M","E","?","E","T","M","$","R","?","E","R","B","B",null,"R","$","E","B",null],"character_chosen":"HIEROPHANT","items_purchased":["DollysMirror","hierophant:Upheaval","hierophant:HammerAndAnvil"],"campfire_rested":0,"item_purchase_floors":[12,45,54],"current_hp_per_floor":[68,61,61,61,61,61,61,38,38,36,36,36,36,23,23,20,61,61,61,61,49,49,49,49,49,49,49,45,45,39,31,31,31,64,64,64,64,64,64,64,53,34,34,36,36,36,33,35,35,39,28,63,63,63,50,45],"gold":19,"neow_bonus":"THREE_ENEMY_KILL","is_daily":false,"chose_seed":false,"campfire_upgraded":10,"win_rate":0.0,"timestamp":1609119056,"path_taken":["M","?","?","?","M","E","R","?","T","M","?","$","R","M","R","BOSS","M","M","M","M","M","R","?","R","T","R","M","R","M","E","R","BOSS","M","M","?","$","M","E","?","E","T","M","$","R","?","E","R","BOSS","BOSS","R","$","E","BOSS"],"items_purchased_type":["Relic","Card","Card"],"build_version":"2020-12-22","purchased_purges":2,"victory":true,"max_hp_per_floor":[75,75,75,75,75,75,75,75,75,75,75,75,75,75,75,75,75,75,75,75,75,75,75,75,75,75,75,75,75,75,75,75,75,75,75,75,75,75,75,75,75,75,75,75,75,75,75,75,75,75,75,75,75,75,75,75],"card_choices":[{"not_picked":["hierophant:Endure","hierophant:Doubloon"],"picked":"hierophant:Smite","floor":1.0},{"not_picked":["hierophant:Rebuild","hierophant:Glossolalia","hierophant:PassingBell"],"picked":"SKIP","floor":5.0},{"not_picked":["hierophant:OrnateBuckler","hierophant:Patience","hierophant:Dazzle"],"picked":"SKIP","floor":6.0},{"not_picked":["hierophant:MorningPrayer","hierophant:TollTheBells","hierophant:Remorse"],"picked":"SKIP","floor":10.0},{"not_picked":["hierophant:Refuge","hierophant:Determination","hierophant:Purify"],"picked":"SKIP","floor":14.0},{"not_picked":["hierophant:DeathKnell","hierophant:Levitation"],"picked":"hierophant:DivineIntervention","floor":16.0},{"not_picked":["hierophant:FaithHealing","hierophant:AuricShield","hierophant:OrnateBuckler"],"picked":"SKIP","floor":18.0},{"not_picked":["hierophant:RustyCrate","hierophant:Patience"],"picked":"hierophant:Community","floor":19.0},{"not_picked":["hierophant:Mercenaries","hierophant:CursedGold+1"],"picked":"hierophant:Shelter+1","floor":20.0},{"not_picked":["hierophant:FlamingChariot","hierophant:EyeForCoin","hierophant:DisplayOfPower"],"picked":"SKIP","floor":21.0},{"not_picked":["hierophant:Smite","hierophant:Purify"],"picked":"hierophant:Exaltation","floor":22.0},{"not_picked":["hierophant:RecallFunds","hierophant:Zeal"],"picked":"hierophant:HammerAndAnvil","floor":28.0},{"not_picked":["hierophant:Endure","hierophant:Remorse","hierophant:AuricBeam"],"picked":"SKIP","floor":30.0},{"not_picked":["hierophant:Empathy","hierophant:Repentance"],"picked":"hierophant:PristineSoul+1","floor":31.0},{"not_picked":["hierophant:Purify+1","hierophant:Dazzle","hierophant:Glossolalia"],"picked":"SKIP","floor":35.0},{"not_picked":["hierophant:SolarFlare+1","hierophant:Doubloon","hierophant:Encroach"],"picked":"SKIP","floor":36.0},{"not_picked":["hierophant:OrnateBuckler+1","hierophant:RepressedViolence+1"],"picked":"hierophant:Chorus","floor":39.0},{"not_picked":["hierophant:Shelter","hierophant:Bribe+1","hierophant:FlamingChariot"],"picked":"SKIP","floor":40},{"not_picked":["hierophant:PristineSoul","hierophant:ThreeLashes+1","hierophant:RecallFunds"],"picked":"SKIP","floor":42},{"not_picked":["hierophant:Charity","hierophant:OrnateBuckler","hierophant:Anathema"],"picked":"SKIP","floor":44},{"not_picked":["hierophant:Purify+1","hierophant:Embezzle"],"picked":"hierophant:Zeal","floor":47},{"not_picked":["hierophant:ConvertCurrency","hierophant:Encroach","hierophant:Embezzle+1"],"picked":"SKIP","floor":48},{"not_picked":["hierophant:Prophecy+1","hierophant:SealAway"],"picked":"hierophant:Alms","floor":55}],"player_experience":1315759,"relics_obtained":[{"floor":6.0,"key":"ReplayTheSpireMod:Lightbulb"},{"floor":9.0,"key":"HornCleat"},{"floor":26.0,"key":"Chameleon Ring"},{"floor":31.0,"key":"TungstenRod"},{"floor":40,"key":"Boot"},{"floor":41,"key":"Ice Cream"},{"floor":42,"key":"Bird Faced Urn"},{"floor":43,"key":"ReplayTheSpireMod:TigerMarble"},{"floor":47,"key":"Replay:PocketPolymizer"},{"floor":47,"key":"wanderingMiniBosses:AbyssPearl"},{"floor":48,"key":"White Beast Statue"},{"floor":55,"key":"War Paint"}],"event_choices":[{"cards_removed":["hierophant:Strike_Hierophant"],"damage_healed":0.0,"max_hp_gain":0.0,"max_hp_loss":0.0,"gold_gain":0.0,"event_name":"Golden Wing","player_choice":"Card Removal","floor":2.0,"gold_loss":0.0,"damage_taken":7.0},{"cards_removed":["hierophant:Defend_Hierophant"],"damage_healed":0.0,"max_hp_gain":0.0,"max_hp_loss":0.0,"gold_gain":0.0,"event_name":"The Cleric","player_choice":"Card Removal","floor":3.0,"gold_loss":75.0,"damage_taken":0.0},{"damage_healed":0.0,"max_hp_gain":0.0,"max_hp_loss":0.0,"gold_gain":0.0,"event_name":"Shining Light","player_choice":"Entered Light","floor":8.0,"gold_loss":0.0,"damage_taken":23.0,"cards_upgraded":["hierophant:Defend_Hierophant","hierophant:Strike_Hierophant"]},{"cards_removed":["hierophant:Strike_Hierophant"],"damage_healed":0.0,"max_hp_gain":0.0,"max_hp_loss":0.0,"gold_gain":0.0,"event_name":"Back to Basics","player_choice":"Elegance","floor":24.0,"gold_loss":0.0,"damage_taken":0.0},{"damage_healed":0.0,"max_hp_gain":0.0,"max_hp_loss":0.0,"gold_gain":0.0,"event_name":"Tomb of Lord Red Mask","player_choice":"Ignored","floor":37.0,"gold_loss":0.0,"damage_taken":0.0},{"damage_healed":0,"gold_gain":0,"player_choice":"Fight","damage_taken":0,"max_hp_gain":0,"max_hp_loss":0,"event_name":"Mysterious Sphere","floor":41,"gold_loss":0},{"damage_healed":0,"gold_gain":0,"player_choice":"Fight","damage_taken":0,"max_hp_gain":0,"max_hp_loss":0,"event_name":"MindBloom","floor":47,"gold_loss":0}],"is_beta":false,"boss_relics":[{"not_picked":["Calling Bell","Pandora\u0027s Box"],"picked":"SlaversCollar"},{"not_picked":["Ring of Chaos","Abe\u0027s Treasure"],"picked":"Astrolabe"}],"items_purged_floors":[38,45],"is_endless":false,"potions_floor_spawned":[6,16,18,20,28,31,36,42,47,55],"ascension_level":20}}