{"host":"ovxa65d68iy9l57e","time":1609196608,"event":{"mods":["AchievementEnabler","BaseMod","Better Altar","Better Skull","Better Vampires","Colored Map","Curses Come First","Minty Spire (QoL Compilation)","Relic Stats","StSLib"],"gold_per_floor":[110,123,142,154,4,29,41,51,126,144,154,189,208,224,224,319,319,334,353,353,13,13,13,13],"floor_reached":23,"playtime":1789,"items_purged":["Strike_B"],"score":240,"play_id":"2fd8b24a-64af-4ced-aa89-5c2e6f24b3e1","local_time":"20201229000328","is_ascension_mode":true,"campfire_choices":[{"data":"Hologram","floor":15,"key":"SMITH"}],"circlet_count":0,"master_deck":["Strike_B","Strike_B","Strike_B","Defend_B","Defend_B","Defend_B","Defend_B","Zap","Dualcast","Leap","Sweeping Beam","Amplify","Self Repair","Ball Lightning","Heatsinks","Melter","Capacitor","Hologram+1","Steam Power","Conserve Battery","Thunder Strike","Double Energy","Redo","Loop","Streamline"],"relics":["Pen Nib","Kunai","HornCleat","Nunchaku","Philosopher\u0027s Stone","DataDisk","Nloth\u0027s Gift"],"acts_visited":["Exordium","TheCity"],"potions_floor_usage":[4,6,6,8,12,16,16,23],"damage_taken":[{"damage":2,"enemies":"Jaw Worm","floor":1,"turns":3},{"damage":2,"enemies":"Small Slimes","floor":2,"turns":3},{"damage":1,"enemies":"Cultist","floor":3,"turns":3},{"damage":8,"enemies":"Looter","floor":4,"turns":3},{"damage":10,"enemies":"3 Sentries","floor":6,"turns":8},{"damage":11,"enemies":"Blue Slaver","floor":7,"turns":4},{"damage":13,"enemies":"Exordium Wildlife","floor":8,"turns":5},{"damage":27,"enemies":"Large Slime","floor":10,"turns":5},{"damage":0,"enemies":"Red Slaver","floor":11,"turns":3},{"damage":22,"enemies":"Gremlin Nob","floor":12,"turns":4},{"damage":1,"enemies":"Looter","floor":13,"turns":3},{"damage":3,"enemies":"Blue Slaver","floor":14,"turns":3},{"damage":20,"enemies":"Hexaghost","floor":16,"turns":13},{"damage":0,"enemies":"Spheric Guardian","floor":18,"turns":2},{"damage":38,"enemies":"Chosen","floor":19,"turns":6},{"damage":54,"enemies":"Gremlin Leader","floor":23,"turns":4}],"seed_played":"6380714022870071089","potions_obtained":[{"floor":3,"key":"FearPotion"},{"floor":4,"key":"EntropicBrew"},{"floor":6,"key":"ColorlessPotion"},{"floor":10,"key":"Fire Potion"},{"floor":12,"key":"DuplicationPotion"},{"floor":14,"key":"AttackPotion"}],"is_trial":false,"path_per_floor":["M","M","M","M","$","E","M","M","T","M","M","E","M","M","R","B",null,"M","M","?","$","?","E"],"character_chosen":"DEFECT","items_purchased":["Pen Nib","DataDisk","Loop","Streamline"],"campfire_rested":0,"item_purchase_floors":[5,21,21,21],"current_hp_per_floor":[80,78,77,69,69,59,55,49,49,22,29,21,27,31,31,18,82,82,51,51,51,51,0,0],"gold":13,"neow_bonus":"TEN_PERCENT_HP_BONUS","is_daily":false,"chose_seed":false,"campfire_upgraded":1,"win_rate":0.0,"timestamp":1609196608,"path_taken":["M","M","M","M","$","E","M","M","T","M","M","E","M","M","R","BOSS","M","M","?","$","?","E"],"items_purchased_type":["Relic","Relic","Card","Card"],"build_version":"2020-12-22","purchased_purges":1,"victory":false,"max_hp_per_floor":[82,82,82,82,82,82,82,82,82,82,82,82,82,82,82,82,82,82,82,82,82,82,82,82],"relic_stats":{"Nunchaku":[4],"counters":[16,72],"Pen Nib":[8],"Nloth\u0027s Gift":0,"Kunai":[4],"obtain_stats":[{"Nunchaku":12,"DataDisk":21,"HornCleat":9,"Philosopher\u0027s Stone":17,"Pen Nib":5,"Nloth\u0027s Gift":22,"Kunai":6,"Cracked Core":0},{"Nunchaku":10,"DataDisk":15,"HornCleat":7,"Philosopher\u0027s Stone":13,"Pen Nib":4,"Nloth\u0027s Gift":15,"Kunai":5,"Cracked Core":0},{"Nunchaku":41,"DataDisk":68,"HornCleat":29,"Philosopher\u0027s Stone":60,"Pen Nib":12,"Nloth\u0027s Gift":68,"Kunai":20,"Cracked Core":0}]},"card_choices":[{"not_picked":["Hologram","Chill","Lockon"],"picked":"SKIP","floor":1},{"not_picked":["Loop","Turbo"],"picked":"Leap","floor":2},{"not_picked":["Steam Power","FTL"],"picked":"Sweeping Beam","floor":3},{"not_picked":["Steam","Beam Cell"],"picked":"Amplify","floor":4},{"not_picked":["Chill","Gash"],"picked":"Self Repair","floor":6},{"not_picked":["Streamline","Steam"],"picked":"Ball Lightning","floor":7},{"not_picked":["Force Field","FTL"],"picked":"Heatsinks","floor":8},{"not_picked":["Coolheaded","Hologram"],"picked":"Melter","floor":10},{"not_picked":["Streamline","Recycle"],"picked":"Capacitor","floor":11},{"not_picked":["Go for the Eyes","Stack"],"picked":"Hologram","floor":12},{"not_picked":["Beam Cell","Hologram"],"picked":"Steam Power","floor":13},{"not_picked":["Beam Cell","Fission"],"picked":"Conserve Battery","floor":14},{"not_picked":["Hyperbeam","Creative AI"],"picked":"Thunder Strike","floor":16},{"not_picked":["Auto Shields","Rebound"],"picked":"Double Energy","floor":18},{"not_picked":["BootSequence","Leap"],"picked":"Redo","floor":19}],"player_experience":247964,"relics_obtained":[{"floor":6,"key":"Kunai"},{"floor":9,"key":"HornCleat"},{"floor":12,"key":"Nunchaku"}],"event_choices":[{"damage_healed":0,"gold_gain":0,"player_choice":"Traded Relic","damage_taken":0,"relics_obtained":["Nloth\u0027s Gift"],"max_hp_gain":0,"max_hp_loss":0,"event_name":"N\u0027loth","floor":22,"relics_lost":["Cracked Core"],"gold_loss":0}],"is_beta":false,"boss_relics":[{"not_picked":["Snecko Eye","Runic Dome"],"picked":"Philosopher\u0027s Stone"}],"items_purged_floors":[21],"is_endless":false,"potions_floor_spawned":[3,4,6,10,12,14],"killed_by":"Gremlin Leader","ascension_level":3}}