{"host":"h5acbxt0wmjo1kpm","time":1609141792,"event":{"mods":["2.2 Compatiblity","Act Like it!","AlwaysNeverKeys","Aspiration","Bartender","BaseMod","Better Third Choice","Colored Map","Elementarium","Gensokyo","GifTheSpireLib","Hallownest","Marisa????????","Minty Spire (QoL Compilation)","Permanent Neow","Potionbrewer","Relic Filter","Replay The Spire","Robot Space Explorer","RumiaBox-????????","Shade Mod","Spicy Shops","StSLib","Strawberry Spire","The Blackbeard","The Dragon Tamer","The Forsaken","The Gatherer","The Problem Sleuth","The Servant 0.9.4","Wandering Minibosses","vexMod"],"gold_per_floor":[116,3,13,13,30,30,64,64,64,64,64,244,344,16,16,93,93,105,105,124,9,54,82,82,100,100,100,114,27,44,56,56,134,134,147,147,147,147,163,192,192,220,220,255,267,340,370,384,384,384,384,384,28,63,63],"floor_reached":56,"playtime":4295,"items_purged":[],"score":2383,"play_id":"fa00d9ab-f0fe-4c54-89c2-9aebaa79b346","local_time":"20201227234952","is_ascension_mode":true,"campfire_choices":[{"data":"strawberrySpire:AngeryBot","floor":6.0,"key":"SMITH"},{"data":"Zap","floor":8.0,"key":"SMITH"},{"data":"Steam","floor":10.0,"key":"SMITH"},{"data":"Beam Cell","floor":15.0,"key":"SMITH"},{"data":"Gensokyo:FourOfAKind","floor":32.0,"key":"SMITH"},{"data":"Gensokyo:FourOfAKind","floor":41.0,"key":"SMITH"},{"floor":49,"key":"RECALL"},{"data":"Gensokyo:FourOfAKind","floor":52,"key":"SMITH"}],"circlet_count":0,"master_deck":["AscendersBane","Defend_B","Defend_B","Defend_B","Zap+1","Dualcast","strawberrySpire:BlasterWyrm","Genetic Algorithm+1","strawberrySpire:AngeryBot+1","All For One","Gash","Steam+1","Glass Knife","Heel Hook","Adrenaline","Creative AI+1","Beam Cell+1","Adrenaline+1","Adrenaline+1","Adrenaline","Adrenaline","Adrenaline+1","Mirror Shield+1","Self Repair+1","ReplayTheSpireMod:System Scan","Go for the Eyes","Amplify+1","Gensokyo:FourOfAKind+1","Gensokyo:FourOfAKind+1","Gensokyo:FourOfAKind+1","Leap","Hologram","Fission+1","ReplaySort","strawberrySpire:AnotherWinter+1","strawberrySpire:Disconnect","BasicCrystalCard+1","strawberrySpire:Package","Heatsinks","Double Energy+1","All For One+1","Barrage+1","Crystallizer+1","Coolheaded+1"],"relics":["Cracked Core","aspiration:DSix","MoreBug","FossilizedHelix","MagicDraw3","Tiny Chest","Nunchaku","strawberrySpire:BrokenPrinter","vexMod:ImprovementManual","MealTicket","Golden Egg","Gensokyo:MosesMiracle","Incense Burner","wanderingMiniBosses:ThiefScarf","AddBug","Anchor","Ring of Shattering","Boot","aspiration:SeaSaltIceCream","m_SpellCore","Vajra","strawberrySpire:ThornyGelberry","Nunchaku","Ornamental Fan","Replay:Towering Pillar of Hats","Membership Card","Bird Faced Urn","Blood Vial"],"acts_visited":["Gensokyo:Gensokyo","Gensokyo:Gensokyoer","Gensokyo:Gensokyoest","TheEnding"],"potions_floor_usage":[48,50],"damage_taken":[{"damage":9.0,"enemies":"Gensokyo:Gryphon","floor":1.0,"turns":4.0},{"damage":7.0,"enemies":"Gensokyo:2_Kodama","floor":3.0,"turns":6.0},{"damage":0.0,"enemies":"Gensokyo:3_Fairies","floor":5.0,"turns":5.0},{"damage":0.0,"enemies":"Gensokyo:Mamizou","floor":7.0,"turns":5.0},{"damage":2.0,"enemies":"Gensokyo:Aya","floor":12.0,"turns":4.0},{"damage":4.0,"enemies":"Gensokyo:Yukari","floor":16.0,"turns":6.0},{"damage":15.0,"enemies":"Gensokyo:AngelMirror","floor":18.0,"turns":3.0},{"damage":0.0,"enemies":"Gensokyo:2_Gloops","floor":20.0,"turns":4.0},{"damage":0.0,"enemies":"Gensokyo:Reisen","floor":23.0,"turns":4.0},{"damage":5.0,"enemies":"Gensokyo:Mirror_and_Dog","floor":25.0,"turns":4.0},{"damage":4.0,"enemies":"Gensokyo:Slime_Group","floor":28.0,"turns":3.0},{"damage":0.0,"enemies":"Gensokyo:Swordslinger","floor":30.0,"turns":5.0},{"damage":1.0,"enemies":"Gensokyo:Monolith_and_Dog","floor":31.0,"turns":3.0},{"damage":22.0,"enemies":"Gensokyo:Eiki","floor":33.0,"turns":5.0},{"damage":27.0,"enemies":"Gensokyo:3_Bats","floor":35.0,"turns":5.0},{"damage":4.0,"enemies":"Gensokyo:3_Boulders","floor":39.0,"turns":5.0},{"damage":0.0,"enemies":"Gensokyo:Marisa","floor":40.0,"turns":3.0},{"damage":19.0,"enemies":"Gensokyo:Kasen","floor":42.0,"turns":5.0},{"damage":0.0,"enemies":"Gensokyo:Doremy","floor":44.0,"turns":4.0},{"damage":20.0,"enemies":"Gensokyo:Dusk_and_Dawn","floor":45.0,"turns":3.0},{"damage":0,"enemies":"Gensokyo:Kasen","floor":47,"turns":4},{"damage":0,"enemies":"Gensokyo:AtlasGolem","floor":48,"turns":3},{"damage":0,"enemies":"Gensokyo:Scarlet_Devils","floor":50,"turns":4},{"damage":0,"enemies":"Shield and Spear","floor":54,"turns":4},{"damage":25,"enemies":"The Heart","floor":55,"turns":6}],"seed_played":"856199019732251279","potions_obtained":[{"floor":1.0,"key":"Dexterity Potion"},{"floor":5.0,"key":"potionbrewer:InfectionPotion"},{"floor":16.0,"key":"GamblersBrew"},{"floor":25.0,"key":"potionbrewer:CleansingPotion"},{"floor":31.0,"key":"Regen Potion"},{"floor":37.0,"key":"PotionOfCapacity"},{"floor":39.0,"key":"Milkshake"},{"floor":47,"key":"Swift Potion"}],"is_trial":false,"path_per_floor":["M","COS","M","?","M","R","E","R","T","R","?","E","?","$","R","B",null,"M","?","M","$","T","E","?","M","T","?","M","COS","M","M","R","B",null,"M","T","?","?","M","E","R","E","T","E","M","T","E","M","R_BF","B",null,"R","$","E","B",null],"character_chosen":"DEFECT","items_purchased":["Nunchaku","Beam Cell","strawberrySpire:BrokenPrinter","Amplify+1","Membership Card","Bird Faced Urn","Barrage","Crystallizer"],"campfire_rested":0,"item_purchase_floors":[14,14,14,21,53,53,53,53],"current_hp_per_floor":[55,55,52,35,35,35,35,35,35,35,35,38,38,38,38,44,64,51,51,61,61,61,71,71,71,71,47,44,44,47,47,47,47,47,43,43,43,43,47,47,47,34,34,44,47,47,47,47,47,47,47,47,47,47,42],"gold":63,"neow_bonus":"DSIX","is_daily":false,"chose_seed":false,"campfire_upgraded":7,"win_rate":0.0,"timestamp":1609141792,"path_taken":["M","COS","M","?","M","R","E","R","T","R","?","E","?","$","R","BOSS","M","?","?","$","?","E","?","M","T","?","M","COS","?","M","R","BOSS","M","?","?","?","?","E","R","E","T","E","M","?","E","M","R_BF","BOSS","R","$","E","BOSS"],"items_purchased_type":["Relic","Card","Relic","Card","Relic","Relic","Card","Card"],"build_version":"2020-12-22","purchased_purges":0,"victory":true,"max_hp_per_floor":[71,71,71,71,71,71,71,71,71,71,71,71,71,71,71,71,71,71,71,71,71,71,71,71,71,71,47,47,47,47,47,47,47,47,47,47,47,47,47,47,47,47,47,47,47,47,47,47,47,47,47,47,47,47,47],"card_choices":[{"not_picked":["Aggregate","Hello World"],"picked":"strawberrySpire:BlasterWyrm","floor":1.0},{"not_picked":["Recycle+1","Hologram+1"],"picked":"Genetic Algorithm+1","floor":3.0},{"not_picked":["strawberrySpire:DataDump","Stack"],"picked":"strawberrySpire:AngeryBot","floor":3.0},{"not_picked":["ReplayTheSpireMod:Omega Cannon","Rainbow"],"picked":"All For One","floor":5.0},{"not_picked":["strawberrySpire:NeonFlight","strawberrySpire:Disconnect"],"picked":"Gash","floor":5.0},{"not_picked":["Sweeping Beam","Hello World"],"picked":"Steam","floor":7.0},{"not_picked":["Crystallizer","Hologram"],"picked":"Creative AI","floor":12.0},{"not_picked":["strawberrySpire:Ronchyble","Biased Cognition"],"picked":"Mirror Shield","floor":16.0},{"not_picked":["strawberrySpire:Adapter","Cold Snap"],"picked":"Self Repair+1","floor":18.0},{"not_picked":["Streamline","Gash"],"picked":"Go for the Eyes","floor":20.0},{"not_picked":["Steam Power+1","Barrage","strawberrySpire:NeonFlight"],"picked":"SKIP","floor":23.0},{"not_picked":["Lockon+1","Go for the Eyes","Static Discharge"],"picked":"SKIP","floor":25.0},{"not_picked":["Go for the Eyes","Streamline"],"picked":"Leap","floor":28.0},{"not_picked":["Compile Driver","BasicCrystalCard"],"picked":"Hologram","floor":30.0},{"not_picked":["Multi-Cast","Seek"],"picked":"Fission","floor":31.0},{"not_picked":["Gash","strawberrySpire:DataDump"],"picked":"ReplaySort","floor":31.0},{"not_picked":["Multi-Cast","Rainbow"],"picked":"strawberrySpire:AnotherWinter","floor":33.0},{"not_picked":["Doom and Gloom","Scrape"],"picked":"strawberrySpire:Disconnect","floor":35.0},{"not_picked":["Rebound","Tempest","Coolheaded"],"picked":"SKIP","floor":39.0},{"not_picked":["Undo","Leap"],"picked":"BasicCrystalCard+1","floor":40.0},{"not_picked":["Beam Cell","Cold Snap","Force Field+1"],"picked":"SKIP","floor":42.0},{"not_picked":["Gash","Fusion"],"picked":"strawberrySpire:Package","floor":44.0},{"not_picked":["Cold Snap+1","ReplayTheSpireMod:Calculation Training"],"picked":"Heatsinks","floor":45.0},{"not_picked":["ReplayTheSpireMod:GoodbyeWorld","Fusion"],"picked":"Double Energy+1","floor":47},{"not_picked":["ReplaySolidLightProjector","strawberrySpire:Adapter"],"picked":"All For One","floor":48},{"not_picked":["Steam","Ball Lightning+1"],"picked":"Coolheaded+1","floor":54}],"player_experience":1966375,"relics_obtained":[{"floor":1.0,"key":"MoreBug"},{"floor":1.0,"key":"FossilizedHelix"},{"floor":7.0,"key":"MagicDraw3"},{"floor":12.0,"key":"Tiny Chest"},{"floor":22.0,"key":"MealTicket"},{"floor":23.0,"key":"Golden Egg"},{"floor":26.0,"key":"Incense Burner"},{"floor":30.0,"key":"wanderingMiniBosses:ThiefScarf"},{"floor":30.0,"key":"Gensokyo:MosesMiracle"},{"floor":38.0,"key":"Ring of Shattering"},{"floor":40.0,"key":"Boot"},{"floor":42.0,"key":"aspiration:SeaSaltIceCream"},{"floor":43.0,"key":"Vajra"},{"floor":44.0,"key":"strawberrySpire:ThornyGelberry"},{"floor":45.0,"key":"Nunchaku"},{"floor":46.0,"key":"Ornamental Fan"},{"floor":47,"key":"Replay:Towering Pillar of Hats"},{"floor":54,"key":"Blood Vial"}],"event_choices":[],"is_beta":false,"boss_relics":[{"not_picked":["ReplayTheSpireMod:DimensionalGlitch","aspiration:MarisaSkillbook"],"picked":"vexMod:ImprovementManual"},{"not_picked":["Snecko Heart","strawberrySpire:SolarisEssence"],"picked":"AddBug"}],"items_purged_floors":[],"is_endless":false,"potions_floor_spawned":[1,5,16,18,25,31,39,47],"ascension_level":15}}