{"host":"lonmk01vm2mxu21j","time":1609148668,"event":{"mods":["BaseMod","Colored Map","Downfall","Infinite Spire","Marisa£®ÏF”Í°°ƒß¿Ì…≥£©","Minty Spire (QoL Compilation)","Remilia£®¿Ÿ√◊¿Ú—«£©","Replay The Spire","StSLib","SuperFastMode","The Bug Knight","The Cursed","The Hierophant","The Poker Player","The Runesmith","Youmu£®ªÍ∆«—˝√Œ£©","[IsaacMod]“‘»ˆº‚À˛"],"gold_per_floor":[114,134,145,145,155,155,186,206,230,255,255,285,285,285,298,329,329],"floor_reached":16,"playtime":1178,"items_purged":[],"score":165,"play_id":"718ffc6d-92a4-4a18-828b-27eb4ffc155e","local_time":"20201228174428","is_ascension_mode":true,"campfire_choices":[{"data":"HollowMod:SoulStrike","floor":6,"key":"SMITH"}],"circlet_count":0,"master_deck":["HollowMod:NailStrikeStart","HollowMod:NailStrikeStart","HollowMod:NailStrikeStart","HollowMod:NailStrikeStart","HollowMod:QuickDashStart","HollowMod:QuickDashStart","HollowMod:QuickDashStart","HollowMod:FocusHealStart","HollowMod:PogoStrike","HollowMod:PerfectDash","HollowMod:ShapeofUnn","HollowMod:SoulStrike+1","CommonCold","Die Die Die","hierophant:Sermon","Machine Learning","Guardian:Reroute"],"relics":["HollowMod:VesselMask","HushsDoor","KeepersGift","NeowsBlessing","PrismaticShard","Leech","Replay:Wax Seal","Shovel","Vajra","Snack Pack"],"acts_visited":["Exordium"],"potions_floor_usage":[7,7,10,16],"damage_taken":[{"damage":0,"enemies":"Cultist","floor":1,"turns":1},{"damage":0,"enemies":"Jaw Worm","floor":2,"turns":1},{"damage":0,"enemies":"2 Louse","floor":3,"turns":1},{"damage":8,"enemies":"2 Fungi Beasts","floor":5,"turns":4},{"damage":27,"enemies":"Gremlin Nob","floor":7,"turns":5},{"damage":10,"enemies":"Looter","floor":8,"turns":3},{"damage":19,"enemies":"Lagavulin","floor":10,"turns":4},{"damage":0,"enemies":"3 Sentries","floor":12,"turns":1},{"damage":0,"enemies":"Blue Slaver","floor":15,"turns":2},{"damage":13,"enemies":"Gremlin Nob","floor":16,"turns":3}],"seed_played":"-2922904918187844105","potions_obtained":[{"floor":1,"key":"Flashbang"},{"floor":3,"key":"SkillPotion"},{"floor":7,"key":"Strength Potion"},{"floor":10,"key":"Energy Potion"},{"floor":16,"key":"BlessingOfTheForge"}],"is_trial":false,"path_per_floor":["M","M","M","?","M","R","E","M","T","E","?","E","PTL","PTL","M","E"],"character_chosen":"THE_BUGKNIGHT","items_purchased":[],"campfire_rested":0,"item_purchase_floors":[],"current_hp_per_floor":[75,75,75,75,67,67,40,39,39,23,23,23,23,23,25,14,14],"gold":329,"neow_bonus":"THREE_ENEMY_KILL","is_daily":false,"chose_seed":false,"campfire_upgraded":1,"win_rate":0.0,"timestamp":1609148668,"path_taken":["M","M","?","?","M","R","E","M","T","E","?","E","PTL","PTL","M","E"],"items_purchased_type":[],"build_version":"2020-12-22","purchased_purges":0,"victory":false,"max_hp_per_floor":[75,75,75,75,75,75,75,75,75,75,75,75,75,75,75,75,75],"card_choices":[{"not_picked":[],"picked":"Bomb","floor":0},{"not_picked":["HollowMod:InfectedAttack","HollowMod:NewLittleFool"],"picked":"HollowMod:PerfectDash","floor":1},{"not_picked":["HollowMod:HowlingWraiths","HollowMod:InfectedAttack"],"picked":"HollowMod:ShapeofUnn","floor":2},{"not_picked":["HollowMod:GoodIntentions","HollowMod:ElderbugsWisdom"],"picked":"HollowMod:SoulStrike","floor":3},{"not_picked":["BloodHunter","Lockon","RedNightlessCastle"],"picked":"SKIP","floor":5},{"not_picked":["HollowMod:TaintedHusks","WitchLeyline"],"picked":"Die Die Die","floor":7},{"not_picked":["Perfected Strike","CrescentMoonSlash","ScarletDevil"],"picked":"SKIP","floor":8},{"not_picked":["Guardian:Suspension","hexamod:EtherealExpedition"],"picked":"hierophant:Sermon","floor":10},{"not_picked":["PathToVictory","Stigmanizer"],"picked":"Machine Learning","floor":12},{"not_picked":["ScarletImprint","hexamod:GhostOfSpireFuture","GravityBeat"],"picked":"SKIP","floor":15},{"not_picked":["NightDance","hexamod:GhostLash"],"picked":"Guardian:Reroute","floor":16}],"player_experience":396536,"relics_obtained":[{"floor":7,"key":"Leech"},{"floor":9,"key":"Replay:Wax Seal"},{"floor":10,"key":"Shovel"},{"floor":12,"key":"Vajra"},{"floor":16,"key":"Snack Pack"}],"event_choices":[],"is_beta":false,"boss_relics":[],"items_purged_floors":[],"is_endless":false,"potions_floor_spawned":[1,3,7,10,16],"killed_by":"Gremlin Nob","ascension_level":1}}