{"host":"3t6uby4o5waaq95r","time":1609133261,"event":{"mods":["AchievementEnabler","BaseMod","Bestiary","Colored Map","Highlight Path","Minty Spire (QoL Compilation)","Permanent Neow","Quick Restart","Random Character Button","SuperFastMode"],"gold_per_floor":[117,117,67,10,23,23,23,23,102,119,136,136,151,163,163,259,259,278,278,288,298,223,223,239,239,239,239,0,0,15,35,35,135,135,155,165,177,177,3,3,3,3,79,99,112,125,125,125,125,125],"floor_reached":51,"playtime":1361,"items_purged":["Strike_B","Defend_B"],"score":641,"play_id":"1a7ca99d-349f-4088-ab67-dd8d3fbedfa2","local_time":"20201227232741","is_ascension_mode":false,"campfire_choices":[{"floor":6,"key":"REST"},{"floor":12,"key":"REST"},{"data":"Force Field","floor":15,"key":"SMITH"},{"floor":23,"key":"REST"},{"floor":25,"key":"REST"},{"floor":27,"key":"RECALL"},{"floor":32,"key":"REST"},{"floor":40,"key":"REST"},{"floor":47,"key":"REST"},{"floor":49,"key":"REST"}],"circlet_count":0,"master_deck":["Strike_B+1","Defend_B+1","Defend_B+1","Zap+1","Sweeping Beam+1","Force Field+1","Scrape+1","Tempest+1","Meteor Strike+1","Tempest+1","White Noise+1","Meteor Strike+1","Hologram+1","Madness+1","Sunder+1","Madness","Madness","Consume+1"],"relics":["Snecko Eye","Ornamental Fan","Mummified Hand","Fusion Hammer","Matryoshka","Black Star","Mark of the Bloom","Lantern","Pear","Pen Nib","Singing Bowl"],"acts_visited":["Exordium","TheCity","TheBeyond"],"potions_floor_usage":[50,50,50],"damage_taken":[{"damage":12,"enemies":"Jaw Worm","floor":1,"turns":4},{"damage":6,"enemies":"Small Slimes","floor":5,"turns":4},{"damage":4,"enemies":"Cultist","floor":10,"turns":4},{"damage":12,"enemies":"3 Louse","floor":11,"turns":2},{"damage":8,"enemies":"Red Slaver","floor":13,"turns":4},{"damage":7,"enemies":"Blue Slaver","floor":14,"turns":3},{"damage":34,"enemies":"Slime Boss","floor":16,"turns":11},{"damage":0,"enemies":"Shell Parasite","floor":18,"turns":4},{"damage":4,"enemies":"2 Thieves","floor":20,"turns":2},{"damage":5,"enemies":"Cultist and Chosen","floor":21,"turns":3},{"damage":0,"enemies":"Snake Plant","floor":24,"turns":2},{"damage":0,"enemies":"Sentry and Sphere","floor":30,"turns":3},{"damage":13,"enemies":"Shelled Parasite and Fungi","floor":31,"turns":2},{"damage":26,"enemies":"Collector","floor":33,"turns":8},{"damage":1,"enemies":"Orb Walker","floor":35,"turns":2},{"damage":0,"enemies":"3 Shapes","floor":36,"turns":2},{"damage":0,"enemies":"3 Darklings","floor":37,"turns":2},{"damage":0,"enemies":"Transient","floor":44,"turns":5},{"damage":0,"enemies":"Maw","floor":45,"turns":4},{"damage":10,"enemies":"Sphere and 2 Shapes","floor":46,"turns":2},{"damage":16,"enemies":"Awakened One","floor":50,"turns":6}],"seed_played":"8618855431497549062","potions_obtained":[{"floor":5,"key":"SneckoOil"},{"floor":11,"key":"LiquidMemories"},{"floor":31,"key":"AttackPotion"},{"floor":35,"key":"DistilledChaos"}],"is_trial":false,"path_per_floor":["M","?","?","?","M","R","?","$","T","M","M","R","M","M","R","B",null,"M","?","M","M","$","R","M","R","T","R","?","?","M","M","R","B",null,"M","M","M","?","$","R","?","?","T","M","M","M","R","T","R","B",null],"character_chosen":"DEFECT","items_purchased":["Sunder"],"campfire_rested":8,"item_purchase_floors":[39],"current_hp_per_floor":[63,56,56,56,50,72,72,72,72,68,56,75,67,60,60,26,75,75,75,71,66,66,75,75,75,75,75,75,75,75,62,75,49,75,74,74,74,64,64,75,75,66,66,66,66,56,56,56,56,40],"gold":125,"neow_bonus":"BOSS_RELIC","is_daily":false,"chose_seed":false,"campfire_upgraded":1,"win_rate":0.0,"timestamp":1609133261,"path_taken":["M","?","?","?","?","R","?","$","T","M","M","R","?","M","R","BOSS","M","?","M","M","$","R","M","R","T","R","?","?","?","M","R","BOSS","M","M","M","?","$","R","?","?","T","M","M","M","R","?","R","BOSS"],"items_purchased_type":["Card"],"build_version":"2020-12-22","purchased_purges":2,"victory":true,"max_hp_per_floor":[75,75,75,75,75,75,75,75,75,75,75,75,75,75,75,75,75,75,75,75,75,75,75,75,75,75,75,75,75,75,75,75,75,75,75,75,75,75,75,75,75,75,85,85,85,85,85,85,85,85],"card_choices":[{"not_picked":["Leap","Rebound","Barrage"],"picked":"SKIP","floor":1},{"not_picked":["Gash","FTL","Coolheaded"],"picked":"SKIP","floor":5},{"not_picked":["Turbo","Rebound"],"picked":"Sweeping Beam","floor":10},{"not_picked":["Stack","Turbo"],"picked":"Force Field","floor":11},{"not_picked":["Reprogram","Redo"],"picked":"Scrape","floor":13},{"not_picked":["Cold Snap","Chill"],"picked":"Tempest","floor":14},{"not_picked":["Fission","Rainbow"],"picked":"Meteor Strike","floor":16},{"not_picked":["Redo","Turbo"],"picked":"Tempest","floor":18},{"not_picked":["Go for the Eyes","Aggregate"],"picked":"White Noise","floor":20},{"not_picked":["Lockon","Gash","Rebound"],"picked":"SKIP","floor":21},{"not_picked":["Conserve Battery","Steam Power","Tempest"],"picked":"SKIP","floor":24},{"not_picked":["Beam Cell+1","Defragment","Genetic Algorithm"],"picked":"SKIP","floor":30},{"not_picked":["Hologram","Steam","Reboot"],"picked":"SKIP","floor":31},{"not_picked":["Reboot","Electrodynamics"],"picked":"Meteor Strike","floor":33},{"not_picked":["BootSequence+1","Turbo+1","Chaos+1"],"picked":"SKIP","floor":35},{"not_picked":["Stack+1","Tempest"],"picked":"Hologram+1","floor":36},{"not_picked":["Recycle","Go for the Eyes","Coolheaded"],"picked":"SKIP","floor":37},{"not_picked":["Dark Shackles","Forethought"],"picked":"Madness","floor":38},{"not_picked":["Gash+1","Compile Driver","Steam"],"picked":"SKIP","floor":44},{"not_picked":["Undo+1","Redo+1"],"picked":"Consume+1","floor":45},{"not_picked":["Leap+1","Storm","Amplify"],"picked":"SKIP","floor":46}],"player_experience":796455,"relics_obtained":[{"floor":9,"key":"Mummified Hand"},{"floor":26,"key":"Matryoshka"},{"floor":43,"key":"Lantern"},{"floor":43,"key":"Pear"},{"floor":48,"key":"Pen Nib"},{"floor":48,"key":"Singing Bowl"}],"event_choices":[{"cards_removed":["Strike_B"],"damage_healed":0,"gold_gain":0,"player_choice":"Card Removal","damage_taken":7,"max_hp_gain":0,"max_hp_loss":0,"event_name":"Golden Wing","floor":2,"gold_loss":0},{"cards_removed":["Defend_B"],"damage_healed":0,"gold_gain":0,"player_choice":"Card Removal","damage_taken":0,"max_hp_gain":0,"max_hp_loss":0,"event_name":"The Cleric","floor":3,"gold_loss":50},{"damage_healed":0,"gold_gain":0,"player_choice":"Paid Gold","damage_taken":0,"relics_obtained":["Ornamental Fan"],"max_hp_gain":0,"max_hp_loss":0,"event_name":"WeMeetAgain","floor":4,"gold_loss":57},{"cards_removed":["Dualcast"],"damage_healed":0,"gold_gain":0,"player_choice":"Offered Basic","damage_taken":0,"max_hp_gain":0,"max_hp_loss":0,"event_name":"Bonfire Elementals","floor":7,"gold_loss":0},{"cards_removed":["Strike_B"],"damage_healed":0,"gold_gain":0,"player_choice":"Elegance","damage_taken":0,"max_hp_gain":0,"max_hp_loss":0,"event_name":"Back to Basics","floor":19,"gold_loss":0},{"damage_healed":0,"gold_gain":0,"player_choice":"Paid Fearfully","damage_taken":0,"max_hp_gain":0,"max_hp_loss":0,"event_name":"Masked Bandits","floor":28,"gold_loss":239},{"damage_healed":0,"gold_gain":0,"player_choice":"Upgraded","damage_taken":0,"max_hp_gain":0,"max_hp_loss":0,"event_name":"Upgrade Shrine","floor":29,"gold_loss":0,"cards_upgraded":["Meteor Strike"]},{"damage_healed":0,"gold_gain":0,"player_choice":"Memory 3","damage_taken":10,"max_hp_gain":0,"max_hp_loss":0,"event_name":"SensoryStone","floor":38,"gold_loss":0},{"damage_healed":0,"gold_gain":0,"player_choice":"Upgrade","damage_taken":0,"relics_obtained":["Mark of the Bloom"],"max_hp_gain":0,"max_hp_loss":0,"event_name":"MindBloom","floor":41,"gold_loss":0,"cards_upgraded":["Strike_B","Defend_B","Defend_B","Zap","Sweeping Beam","Scrape","Tempest","Tempest","White Noise","Meteor Strike","Madness","Sunder"]},{"damage_healed":0,"gold_gain":0,"player_choice":"Embrace Madness","damage_taken":9,"max_hp_gain":0,"max_hp_loss":0,"event_name":"Winding Halls","floor":42,"gold_loss":0,"cards_obtained":["Madness","Madness"]}],"is_beta":false,"boss_relics":[{"not_picked":["Inserter","Ectoplasm"],"picked":"Fusion Hammer"},{"not_picked":["Cursed Key","Coffee Dripper"],"picked":"Black Star"}],"items_purged_floors":[22,39],"is_endless":false,"potions_floor_spawned":[5,11,31,33,35,36,46],"ascension_level":0}}