{"host":"vh33hu3wddwn6yt6","time":1609186321,"event":{"mods":["AchievementEnabler","Act Like it!","Aspiration","BaseMod","Better Altar","Better Match","Better Note","Better Sensory Stone","Better Skull","Better Third Choice","BetterRewards","Downfall","Hermit","Hubris","Infinite Spire","Minty Spire (QoL Compilation)","Permanent Neow","Replay The Spire","Shade Mod","Shop Mod","Spicy Shops","StSLib","SuperFastMode","The Blackbeard","The Necromancer","The Runesmith","The Servant 0.9.4","TheBandit","Wandering Minibosses"],"gold_per_floor":[99,99,99,99,114,144,190,190,219,234,265,265,300,300,314,418,418,193,206,280,294,219,230,230,230,264,264,299,33,33,47,60,157,157,157,172,183,64,75,95,95,114,114,134,134,134,166,182,194,194,194,224,124,124,124],"floor_reached":56,"playtime":2670,"items_purged":["Sickly","ReplayTheSpireMod:Splinters","ReplayTheSpireMod:Doomed"],"score":1369,"play_id":"a39ed558-009a-4101-940e-c18bdc679630","local_time":"20201228211201","is_ascension_mode":true,"campfire_choices":[{"floor":1,"key":"RECALL"},{"data":"blackbeard:Upgrade","floor":18,"key":"SMITH"},{"data":"blackbeard:InfiniteBarrage","floor":25,"key":"SMITH"},{"floor":27,"key":"REST"},{"floor":30,"key":"REST"},{"data":"blackbeard:Salvager","floor":35,"key":"SMITH"},{"floor":46,"key":"REST"},{"floor":54,"key":"REST"}],"circlet_count":0,"master_deck":["blackbeard:BlackbeardStrike","blackbeard:BlackbeardStrike","blackbeard:BlackbeardStrike","blackbeard:IntimidatingStrike","blackbeard:BlackbeardDefend","blackbeard:BlackbeardDefend","blackbeard:BlackbeardDefend","blackbeard:Cutlass","blackbeard:Spear","blackbeard:BeatUp","blackbeard:InfiniteBarrage+1","blackbeard:RearmingStrike","blackbeard:Sword","blackbeard:FieryDefense","blackbeard:Upgrade+1","blackbeard:Parrot","blackbeard:Parrot","expansioncontent:DefensiveMode","blackbeard:Rum","blackbeard:InfiniteBarrage+1","blackbeard:Salvager+1","blackbeard:RearmingStrike+1","blackbeard:WeaponProficiency+1","Replay:SS_hec_2"],"relics":["blackbeard:LoadTheCannons","downfall:HeartsMalice","blackbeard:CannonballsOfSteel","Du-Vu Doll","Potion Belt","infinitespire:PuzzleCube","Replay:Bronze Core","downfall:HeartBlessingRed","downfall:HeartBlessingGreen","downfall:HeartBlessingBlue","Blue Candle","aspiration:TomeofQuesting","Replay:Bottled Flurry","infinitespire:BottledMercury","Pear","Replay:Ancient Bell","Juzu Bracelet","Replay:Bottled Snecko","hubris:Zylophone","Guardian:PocketSentry","Oddly Smooth Stone","hubris:Spice","infinitespire:FocusingShard","Letter Opener"],"acts_visited":["Exordium","TheCity","TheBeyond","TheEnding"],"potions_floor_usage":[9,9,11,13,16,16,16,16,16,21,26,26,38,38,39,47,55,55],"damage_taken":[{"damage":0,"enemies":"Cultist","floor":2,"turns":1},{"damage":0,"enemies":"Jaw Worm","floor":3,"turns":1},{"damage":0,"enemies":"Small Slimes","floor":4,"turns":1},{"damage":0,"enemies":"2 Fungi Beasts","floor":5,"turns":3},{"damage":3,"enemies":"Replay:BlueRogue","floor":6,"turns":6},{"damage":0,"enemies":"Lagavulin","floor":9,"turns":4},{"damage":3,"enemies":"Red Slaver","floor":10,"turns":2},{"damage":9,"enemies":"Replay:BlueRogue","floor":11,"turns":4},{"damage":22,"enemies":"3 Sentries","floor":13,"turns":4},{"damage":11,"enemies":"3 Louse","floor":15,"turns":3},{"damage":25,"enemies":"downfall:Silent","floor":16,"turns":6},{"damage":8,"enemies":"Shell Parasite","floor":19,"turns":5},{"damage":0,"enemies":"Spheric Guardian","floor":21,"turns":3},{"damage":16,"enemies":"Snecko","floor":23,"turns":5},{"damage":19,"enemies":"Slavers","floor":26,"turns":4},{"damage":34,"enemies":"Gremlin Leader","floor":28,"turns":4},{"damage":0,"enemies":"downfall:FleeingMerchant","floor":29,"turns":5},{"damage":0,"enemies":"Snake Plant","floor":31,"turns":4},{"damage":0,"enemies":"3 Cultists","floor":32,"turns":4},{"damage":44,"enemies":"downfall:Ironclad","floor":33,"turns":6},{"damage":3,"enemies":"3 Shapes","floor":36,"turns":3},{"damage":12,"enemies":"Orb Walker","floor":37,"turns":4},{"damage":1,"enemies":"downfall:FleeingMerchant","floor":38,"turns":4},{"damage":6,"enemies":"Maw","floor":39,"turns":7},{"damage":16,"enemies":"Spire Growth","floor":40,"turns":3},{"damage":12,"enemies":"Sphere and 2 Shapes","floor":42,"turns":5},{"damage":17,"enemies":"4 Shapes","floor":44,"turns":5},{"damage":4,"enemies":"Nightmare","floor":47,"turns":9},{"damage":3,"enemies":"Transient","floor":48,"turns":5},{"damage":17,"enemies":"Sphere and 2 Shapes","floor":49,"turns":4},{"damage":28,"enemies":"downfall:Defect","floor":50,"turns":5},{"damage":58,"enemies":"downfall:CharBossMerchant","floor":52,"turns":7},{"damage":12,"enemies":"downfall:NeowBoss","floor":55,"turns":24}],"seed_played":"-5754937725968859594","potions_obtained":[{"floor":5,"key":"FearPotion"},{"floor":6,"key":"AttackPotion"},{"floor":10,"key":"SpeedPotion"},{"floor":11,"key":"champ:CounterPotion"},{"floor":15,"key":"EntropicBrew"},{"floor":21,"key":"LiquidBronze"},{"floor":23,"key":"blackbeard:RumPotion"},{"floor":31,"key":"SpeedPotion"},{"floor":32,"key":"Fire Potion"},{"floor":33,"key":"blackbeard:RumPotion"},{"floor":37,"key":"champ:CounterPotion"},{"floor":40,"key":"Guardian:BlockOnCardUsePotion"},{"floor":47,"key":"FearPotion"},{"floor":48,"key":"Slimebound:ThreeZeroPotion"}],"is_trial":false,"path_per_floor":["R","M","M","M","M","E","T","?","E","M","E","?","E","?","M","B",null,"R","M","T","M","?","M","T","R","E","R","E","$","R","M","M","B",null,"R","M","M","$","M","M","T","M","AVR","M","?","R","NM","M","M","B",null,"E","$","R","B",null],"character_chosen":"BLACKBEARD_CLASS","items_purchased":["Pear","Guardian:PocketSentry","Oddly Smooth Stone","blackbeard:RearmingStrike+1"],"campfire_rested":4,"item_purchase_floors":[29,38,38,38],"current_hp_per_floor":[75,75,75,75,75,72,72,72,72,69,60,60,38,38,27,2,75,85,77,77,77,77,61,61,61,42,67,33,43,71,71,71,27,95,95,92,80,79,73,57,65,53,61,44,44,77,73,70,53,25,111,53,53,86,74],"gold":124,"neow_bonus":"THREE_ENEMY_KILL","is_daily":false,"chose_seed":false,"campfire_upgraded":3,"win_rate":0.0,"timestamp":1609186321,"path_taken":["R","M","?","M","M","E","T","?","E","M","E","?","E","?","M","BOSS","R","M","?","M","?","M","T","R","E","R","E","$","R","M","M","BOSS","R","M","M","$","M","M","T","M","AVR","M","?","R","NM","M","M","BOSS","E","$","R","BOSS"],"items_purchased_type":["Relic","Relic","Relic","Card"],"build_version":"2020-12-22","purchased_purges":3,"victory":true,"max_hp_per_floor":[75,75,75,75,75,75,75,75,75,75,75,75,75,75,75,75,75,85,85,85,85,85,85,85,85,85,85,85,95,95,95,95,95,95,95,95,95,95,95,95,103,103,111,111,111,111,111,111,111,111,111,111,111,111,111],"card_choices":[{"not_picked":["blackbeard:DeadlyArsenal","blackbeard:CloakAndCannonball","blackbeard:Dagger"],"picked":"SKIP","floor":2},{"not_picked":["blackbeard:WiseDefense","blackbeard:Sharpening"],"picked":"blackbeard:Spear","floor":3},{"not_picked":["blackbeard:Spear","blackbeard:Fencing"],"picked":"blackbeard:BeatUp","floor":4},{"not_picked":["blackbeard:DoubleBottom","blackbeard:Revenge"],"picked":"blackbeard:InfiniteBarrage","floor":5},{"not_picked":["blackbeard:PiratesWill","blackbeard:GoldenStrike"],"picked":"blackbeard:RearmingStrike","floor":6},{"not_picked":["blackbeard:RemoveScurvy","blackbeard:Lifeboat","blackbeard:JollyRoger"],"picked":"SKIP","floor":9},{"not_picked":["blackbeard:Dagger","blackbeard:Scrap"],"picked":"blackbeard:Sword","floor":10},{"not_picked":["blackbeard:Shrapnel","blackbeard:JollyRoger"],"picked":"blackbeard:FieryDefense","floor":11},{"not_picked":["blackbeard:AgileStrike","blackbeard:GoldenStrike"],"picked":"blackbeard:Upgrade","floor":13},{"not_picked":["blackbeard:DangerousBlow","blackbeard:ArmorUp"],"picked":"blackbeard:Parrot","floor":15},{"not_picked":["blackbeard:GoldenRain","blackbeard:GoldenGuillotine"],"picked":"blackbeard:Parrot","floor":16},{"not_picked":["blackbeard:GoldenCannonball","blackbeard:TacticalRetreat","blackbeard:Dagger"],"picked":"SKIP","floor":19},{"not_picked":["blackbeard:TacticalRetreat","blackbeard:Spear","blackbeard:Dagger+1"],"picked":"SKIP","floor":21},{"not_picked":["ReplayTheSpireMod:Trickstab","expansioncontent:Torchfire"],"picked":"expansioncontent:DefensiveMode","floor":22},{"not_picked":["blackbeard:RemoveScurvy","blackbeard:DoubleCannonball"],"picked":"blackbeard:Rum","floor":22},{"not_picked":["blackbeard:DangerousBlow","blackbeard:GoldenCannonball+1","blackbeard:WiseDefense"],"picked":"SKIP","floor":23},{"not_picked":["blackbeard:CloakAndCannonball+1","blackbeard:DeadlyArsenal+1","blackbeard:GoldenGuillotine"],"picked":"SKIP","floor":26},{"not_picked":["blackbeard:BlindAttacks","blackbeard:GoldenStrike","blackbeard:Dagger"],"picked":"SKIP","floor":28},{"not_picked":["blackbeard:GoldenStrike","blackbeard:Parrot","blackbeard:Fencing"],"picked":"SKIP","floor":29},{"not_picked":["blackbeard:Spear","blackbeard:WeaponProficiency"],"picked":"blackbeard:InfiniteBarrage+1","floor":31},{"not_picked":["blackbeard:Dagger","blackbeard:GoldenStrike","blackbeard:BlindAttacks"],"picked":"SKIP","floor":32},{"not_picked":["blackbeard:UndeadForm","blackbeard:Murder"],"picked":"blackbeard:Salvager","floor":33},{"not_picked":["hubris:Disease","sneckomod:Bewildered"],"picked":"ReplayTheSpireMod:Splinters","floor":34},{"not_picked":["Voices","Decay"],"picked":"Sickly","floor":34},{"not_picked":["infinitespire:Pacifist","Regret"],"picked":"ReplayTheSpireMod:Doomed","floor":34},{"not_picked":["blackbeard:RemoveScurvy","blackbeard:Sword","blackbeard:PiratesWill+1"],"picked":"SKIP","floor":36},{"not_picked":["blackbeard:PiratesWill+1","blackbeard:GoldenStrike+1","blackbeard:WoodenLeg"],"picked":"SKIP","floor":37},{"not_picked":["blackbeard:Sword+1","blackbeard:Recklessness","blackbeard:FieryDefense+1"],"picked":"SKIP","floor":38},{"not_picked":["blackbeard:HumongousCannonball","blackbeard:WiseDefense+1","blackbeard:GhostInTheRum"],"picked":"SKIP","floor":39},{"not_picked":["blackbeard:GoldenStrike","blackbeard:RearmingStrike+1"],"picked":"blackbeard:WeaponProficiency+1","floor":40},{"not_picked":["blackbeard:GoldenStrike+1","blackbeard:Spear","blackbeard:PiratesWill+1"],"picked":"SKIP","floor":42},{"not_picked":["blackbeard:FieryDefense","blackbeard:BeatUp+1","blackbeard:TacticalRetreat+1"],"picked":"SKIP","floor":44},{"not_picked":["Replay:SS_fish_2","expansioncontent:HyperBeam"],"picked":"Replay:SS_hec_2","floor":45},{"not_picked":["blackbeard:Toast","blackbeard:SwordDance","blackbeard:GoldenStrike"],"picked":"SKIP","floor":47},{"not_picked":["blackbeard:Toast","blackbeard:SwordDance","blackbeard:GoldenStrike"],"picked":"SKIP","floor":47},{"not_picked":["blackbeard:Sharpening","blackbeard:Toast","blackbeard:ChaoticDefense+1"],"picked":"SKIP","floor":48},{"not_picked":["blackbeard:Dagger+1","blackbeard:CaptainsCabin","blackbeard:WiseDefense"],"picked":"SKIP","floor":49},{"not_picked":["blackbeard:BrownPants+1","blackbeard:FieryDefense","blackbeard:GhostInTheRum+1"],"picked":"SKIP","floor":52}],"player_experience":611960,"relics_obtained":[{"floor":6,"key":"blackbeard:CannonballsOfSteel"},{"floor":9,"key":"Du-Vu Doll"},{"floor":11,"key":"Potion Belt"},{"floor":13,"key":"infinitespire:PuzzleCube"},{"floor":20,"key":"Blue Candle"},{"floor":24,"key":"aspiration:TomeofQuesting"},{"floor":26,"key":"Replay:Bottled Flurry"},{"floor":28,"key":"infinitespire:BottledMercury"},{"floor":41,"key":"hubris:Spice"},{"floor":52,"key":"Letter Opener"}],"event_choices":[{"cards_removed":["blackbeard:BlackbeardDefend"],"damage_healed":0,"gold_gain":0,"player_choice":"Card Removal","damage_taken":0,"max_hp_gain":0,"max_hp_loss":0,"event_name":"The Cleric","floor":12,"gold_loss":0},{"damage_healed":0,"gold_gain":0,"player_choice":"Ignored","damage_taken":0,"max_hp_gain":0,"max_hp_loss":0,"event_name":"betterNote:BetterNote","floor":14,"gold_loss":0,"cards_obtained":["Defend_S"]},{"damage_healed":0,"gold_gain":0,"player_choice":"1","damage_taken":0,"max_hp_gain":0,"max_hp_loss":0,"event_name":"betterMatch:BetterMatch","floor":22,"gold_loss":0,"cards_obtained":["betterMatch:ColorlessUncommonCard","betterMatch:UncommonCard"]}],"is_beta":false,"boss_relics":[{"not_picked":["Calling Bell","hubris:BlackHole"],"picked":"Replay:Bronze Core"},{"not_picked":["Replay:Drink Me","Fusion Hammer"],"picked":"Replay:Ancient Bell"},{"not_picked":["Replay:Wax Seal","Gremlin Food"],"picked":"Juzu Bracelet"},{"not_picked":["hubris:MobiusCoin","Mirror"],"picked":"Replay:Bottled Snecko"},{"not_picked":["infinitespire:CursedDice","Runesmith:Locket"],"picked":"hubris:Zylophone"}],"items_purged_floors":[38,43,53],"is_endless":false,"potions_floor_spawned":[5,6,10,11,15,21,23,31,32,33,37,40,47,48],"ascension_level":1}}