{"host":"0cm5wy4nhuju7tij","time":1609198189,"event":{"mods":["2.2 Compatiblity","AchievementEnabler","Aspiration","BaseMod","BetterRewards","CCEM","CapriCore","Colored Powertips","Custom Start","Energized Spire","Fireblade Mod","Highlight Path","Minty Spire (QoL Compilation)","Permanent Neow","Railgun Mod","Relic Stats","Shop Mod","Spicy Shops","StSLib","The Bladedancer","The Servant 0.9.4","TheSwordswoman"],"gold_per_floor":[115,135,135,135,149,184,184,194,194,217,229,229],"floor_reached":11,"playtime":1484,"items_purged":[],"score":75,"play_id":"8ad588ef-e1f1-4dbd-a05f-603cc83bfd10","local_time":"20201228182948","is_ascension_mode":false,"campfire_choices":[{"floor":7,"key":"REST"}],"circlet_count":0,"master_deck":["blazmod:Strike","blazmod:Strike","blazmod:Strike","blazmod:Strike","blazmod:Defend","blazmod:Defend","blazmod:Defend","blazmod:ButterflyEffect","blazmod:Kyokasuigetsu","blazmod:BladeOfEnlightenment","blazmod:StanceChange+1","blazmod:FortifiedVigor","blazmod:UnderPurifyingWaters","blazmod:KatanaStrike","blazmod:FlawlessDraw"],"relics":["blazmod:Venustas","aspiration:Nostalgia","Uniform","Akabeko","MawBank"],"acts_visited":["Exordium"],"potions_floor_usage":[],"damage_taken":[{"damage":0,"enemies":"2 Louse","floor":1,"turns":3},{"damage":0,"enemies":"Small Slimes","floor":2,"turns":3},{"damage":1,"enemies":"Jaw Worm","floor":5,"turns":6},{"damage":34,"enemies":"3 Sentries","floor":6,"turns":9},{"damage":0,"enemies":"Looter","floor":8,"turns":5},{"damage":5,"enemies":"Exordium Thugs","floor":10,"turns":4},{"damage":14,"enemies":"Gremlin Nob","floor":11,"turns":2}],"seed_played":"-555541910568117427","potions_obtained":[{"floor":1,"key":"Explosive Potion"},{"floor":10,"key":"AttackPotion"}],"is_trial":false,"path_per_floor":["M","M","?","?","M","E","R","M","T","M","E"],"character_chosen":"THE_SWORDSWOMAN","items_purchased":[],"campfire_rested":1,"item_purchase_floors":[],"current_hp_per_floor":[40,40,45,41,40,6,19,19,19,14,0,0],"gold":229,"neow_bonus":"NOSTALGIA","is_daily":false,"chose_seed":false,"campfire_upgraded":0,"win_rate":0.0,"timestamp":1609198188,"path_taken":["M","M","?","?","M","E","R","M","T","M","E"],"items_purchased_type":[],"build_version":"2020-12-22","purchased_purges":0,"victory":false,"max_hp_per_floor":[40,40,45,45,45,45,45,45,45,45,45,45],"relic_stats":{"counters":[7,32],"MawBank":24,"obtain_stats":[{"blazmod:Venustas":0,"aspiration:Nostalgia":0,"Uniform":0,"MawBank":9,"Akabeko":6},{"blazmod:Venustas":0,"aspiration:Nostalgia":0,"Uniform":0,"MawBank":5,"Akabeko":4},{"blazmod:Venustas":0,"aspiration:Nostalgia":0,"Uniform":0,"MawBank":26,"Akabeko":21}]},"card_choices":[{"not_picked":["blazmod:Quickdraw","blazmod:FleetOfFoot"],"picked":"blazmod:BladeOfEnlightenment","floor":1},{"not_picked":["blazmod:BladeOfEnlightenment","blazmod:UnderPurifyingWaters"],"picked":"blazmod:StanceChange","floor":2},{"not_picked":["blazmod:TravelJournal","blazmod:SidewaySolace"],"picked":"blazmod:FortifiedVigor","floor":5},{"not_picked":["blazmod:PerennialBeauty","blazmod:MentalFocus"],"picked":"blazmod:UnderPurifyingWaters","floor":6},{"not_picked":["blazmod:SidewaySolace","blazmod:Quickdraw"],"picked":"blazmod:KatanaStrike","floor":8},{"not_picked":["blazmod:MentalFocus","blazmod:SidewaySolace"],"picked":"blazmod:FlawlessDraw","floor":10}],"player_experience":248059,"relics_obtained":[{"floor":6,"key":"Akabeko"},{"floor":9,"key":"MawBank"}],"event_choices":[{"damage_healed":0,"gold_gain":0,"player_choice":"Donut","damage_taken":0,"max_hp_gain":5,"max_hp_loss":0,"event_name":"Big Fish","floor":3,"gold_loss":0}],"is_beta":false,"boss_relics":[],"items_purged_floors":[],"is_endless":false,"potions_floor_spawned":[1,10],"killed_by":"Gremlin Nob","ascension_level":0}}