{"host":"nkolxg4se00n20yf","time":1609172329,"event":{"mods":["BaseMod","CatGirl Mod","Chen","Colored Map","Colored Powertips","Downfall","Friendly Minions","Infinite Spire","Kiyohime????","Marisa????????","Minty Spire (QoL Compilation)","StSLib","Td1madao Mod","The Administrix","The Cursed","The Exalted","The Hierophant","The Servant 0.9.4"],"gold_per_floor":[111,124,89,169,244,280,301,344,368,377,45,72,72,72,72,156,156,184,203,203,203],"floor_reached":20,"playtime":922,"items_purged":[],"score":328,"play_id":"35b4db14-7873-446c-884c-802f3bd5de6b","local_time":"20201228171849","is_ascension_mode":true,"campfire_choices":[{"floor":13.0,"key":"REST"},{"floor":15.0,"key":"REST"}],"circlet_count":0,"master_deck":["AscendersBane","Strike_G","Strike_G","Strike_G","Strike_G","Strike_G","Defend_G","Defend_G","Defend_G","Defend_G","Defend_G","Survivor","Neutralize","Underhanded Strike","Deadly Poison","Dagger Throw","Reflex","PiercingWail","Parasite","Catalyst","Malaise","Dagger Spray","Outmaneuver+1"],"relics":["Ring of the Snake","CeramicFish","Smiling Mask","PreservedInsect","Sling","Anchor","Bromod:ArcaneEnergize"],"acts_visited":["Exordium","TheCity"],"potions_floor_usage":[16,16,19],"damage_taken":[{"damage":9.0,"enemies":"Jaw Worm","floor":1.0,"turns":8.0},{"damage":0.0,"enemies":"2 Louse","floor":2.0,"turns":2.0},{"damage":16.0,"enemies":"Gremlin Nob","floor":6.0,"turns":3.0},{"damage":4.0,"enemies":"Small Slimes","floor":7.0,"turns":3.0},{"damage":19.0,"enemies":"Lagavulin","floor":8.0,"turns":10.0},{"damage":12.0,"enemies":"Exordium Wildlife","floor":12.0,"turns":5.0},{"damage":14,"enemies":"The Guardian","floor":16,"turns":14},{"damage":5,"enemies":"Shell Parasite","floor":18,"turns":10},{"damage":6,"enemies":"3 Byrds","floor":19,"turns":7},{"damage":59,"enemies":"3 Cultists","floor":20,"turns":6}],"seed_played":"-5833582591679047591","potions_obtained":[{"floor":1.0,"key":"Fire Potion"},{"floor":2.0,"key":"Fire Potion"},{"floor":7.0,"key":"SteroidPotion"},{"floor":12.0,"key":"EssenceOfSteel"},{"floor":18,"key":"Block Potion"}],"is_trial":false,"path_per_floor":["M","M","?","?","?","E","M","E","T","?","$","M","R","?","R","B",null,"M","M","M"],"character_chosen":"THE_SILENT","items_purchased":["Sling","Anchor"],"campfire_rested":2,"item_purchase_floors":[11,11],"current_hp_per_floor":[56,56,72,72,61,45,41,22,22,40,40,28,49,49,70,56,68,63,57,0,0],"gold":203,"neow_bonus":"TEN_PERCENT_HP_BONUS","is_daily":false,"chose_seed":false,"campfire_upgraded":0,"win_rate":0.0,"timestamp":1609172329,"path_taken":["M","M","?","?","?","E","M","E","T","?","$","M","R","?","R","BOSS","M","M","M"],"items_purchased_type":["Relic","Relic"],"build_version":"2020-12-22","purchased_purges":0,"victory":false,"max_hp_per_floor":[72,72,72,72,72,72,72,72,72,72,72,72,72,72,72,72,72,72,72,72,72],"card_choices":[{"not_picked":["Well Laid Plans","Choke"],"picked":"Underhanded Strike","floor":1.0},{"not_picked":["Bane","Acrobatics"],"picked":"Deadly Poison","floor":2.0},{"not_picked":["Well Laid Plans","Cloak And Dagger"],"picked":"Dagger Throw","floor":6.0},{"not_picked":["Sucker Punch","Dagger Throw"],"picked":"Reflex","floor":7.0},{"not_picked":["Sucker Punch","Bane"],"picked":"PiercingWail","floor":8.0},{"not_picked":["Bouncing Flask","Distraction"],"picked":"Catalyst","floor":12.0},{"not_picked":["Adrenaline","Burst"],"picked":"Malaise","floor":16},{"not_picked":["Blade Dance","Accuracy+1"],"picked":"Dagger Spray","floor":18},{"not_picked":["Flechettes","PiercingWail"],"picked":"Outmaneuver+1","floor":19}],"player_experience":1064068,"relics_obtained":[{"floor":6.0,"key":"CeramicFish"},{"floor":8.0,"key":"Smiling Mask"},{"floor":9.0,"key":"PreservedInsect"}],"event_choices":[{"damage_healed":18.0,"max_hp_gain":0.0,"max_hp_loss":0.0,"gold_gain":0.0,"event_name":"The Cleric","player_choice":"Healed","floor":3.0,"gold_loss":35.0,"damage_taken":0.0},{"damage_healed":0.0,"max_hp_gain":0.0,"max_hp_loss":0.0,"gold_gain":80.0,"event_name":"Golden Wing","player_choice":"Gained Gold","floor":4.0,"gold_loss":0.0,"damage_taken":0.0},{"damage_healed":0.0,"max_hp_gain":0.0,"max_hp_loss":0.0,"gold_gain":75.0,"event_name":"World of Goop","player_choice":"Gather Gold","floor":5.0,"gold_loss":0.0,"damage_taken":11.0},{"damage_healed":18.0,"max_hp_gain":0.0,"max_hp_loss":0.0,"gold_gain":0.0,"event_name":"Mushrooms","player_choice":"Healed and dodged fight","floor":10.0,"gold_loss":0.0,"damage_taken":0.0,"cards_obtained":["Parasite"]}],"is_beta":false,"boss_relics":[{"not_picked":["Philosopher\u0027s Stone","Fusion Hammer"],"picked":"Bromod:ArcaneEnergize"}],"items_purged_floors":[],"is_endless":false,"potions_floor_spawned":[1,2,7,12,18],"killed_by":"3 Cultists","ascension_level":16}}