{"host":"1hzg86ju9fvxh562","time":1609169233,"event":{"mods":["AchievementEnabler","Act Like it!","AlwaysNeverKeys","BaseMod","Bestiary","Better Altar","Better Match","Better Note","Better Sensory Stone","Better Skull","Better Third Choice","Colored Map","Colored Powertips","Curses Come First","Displayed Cursed Tome","Filter the Spire","Highlight Path","Keyboard Shortcuts","Minty Spire (QoL Compilation)","Rare Cards Sparkle","Relic Sorter","Relic Stats","Spicy Shops","StSLib","everything is the same but u backflip on backflip","slay the spire mod where everything is the same but ironclad has a cowboy hat"],"gold_per_floor":[114,127,141,141,151,184,203,203,226,269,288,327,347,364,364,470,542,570,588,605,520,547,547,547],"floor_reached":23,"playtime":2122,"items_purged":[],"score":375,"play_id":"2875cf16-a6c1-439b-a012-56bca9028ee2","local_time":"20201228132713","is_ascension_mode":true,"campfire_choices":[{"data":"Loop","floor":8.0,"key":"SMITH"},{"data":"Chaos","floor":15.0,"key":"SMITH"}],"circlet_count":0,"master_deck":["AscendersBane","Dualcast","Conserve Battery","Self Repair","Doom and Gloom","Consume+1","Coolheaded+1","Loop+1","Chaos+1","Compile Driver","Coolheaded","Echo Form","Leap","Sunder","Genetic Algorithm","Loop","Steam Power","Lockon","Self Repair","Storm","Biased Cognition","Machine Learning","Scrape"],"relics":["Snecko Eye","GremlinMask","Ornamental Fan","CeramicFish","War Paint","Toy Ornithopter","Pandora\u0027s Box","StrikeDummy"],"acts_visited":["Exordium","TheCity"],"potions_floor_usage":[],"damage_taken":[{"damage":1.0,"enemies":"Cultist","floor":1.0,"turns":4.0},{"damage":2.0,"enemies":"Jaw Worm","floor":2.0,"turns":3.0},{"damage":6.0,"enemies":"2 Louse","floor":3.0,"turns":4.0},{"damage":4.0,"enemies":"Blue Slaver","floor":5.0,"turns":4.0},{"damage":46.0,"enemies":"Lagavulin","floor":6.0,"turns":9.0},{"damage":0.0,"enemies":"Looter","floor":7.0,"turns":3.0},{"damage":7.0,"enemies":"3 Sentries","floor":10.0,"turns":5.0},{"damage":14.0,"enemies":"3 Louse","floor":11.0,"turns":4.0},{"damage":0.0,"enemies":"Lagavulin","floor":12.0,"turns":5.0},{"damage":11.0,"enemies":"Lots of Slimes","floor":13.0,"turns":3.0},{"damage":19.0,"enemies":"Exordium Thugs","floor":14.0,"turns":5.0},{"damage":6.0,"enemies":"The Guardian","floor":16.0,"turns":8.0},{"damage":12.0,"enemies":"Chosen","floor":18.0,"turns":4.0},{"damage":34.0,"enemies":"2 Thieves","floor":20.0,"turns":4.0},{"damage":3.0,"enemies":"Chosen and Byrds","floor":22.0,"turns":7.0},{"damage":76,"enemies":"Slavers","floor":23,"turns":2}],"seed_played":"-5072046650280501651","potions_obtained":[{"floor":3.0,"key":"FairyPotion"},{"floor":5.0,"key":"Block Potion"},{"floor":7.0,"key":"Energy Potion"},{"floor":12.0,"key":"PowerPotion"},{"floor":16.0,"key":"Energy Potion"}],"is_trial":false,"path_per_floor":["M","M","M","?","M","E","M","R","T","E","M","E","M","M","R","B",null,"M","?","M","?","M","E"],"character_chosen":"DEFECT","items_purchased":[],"campfire_rested":0,"item_purchase_floors":[],"current_hp_per_floor":[67,65,66,66,69,30,30,30,30,30,23,30,26,19,19,20,61,49,49,34,34,52,0,0],"gold":547,"neow_bonus":"BOSS_RELIC","is_daily":false,"chose_seed":false,"campfire_upgraded":2,"win_rate":0.0,"timestamp":1609169233,"path_taken":["M","M","?","?","?","E","M","R","T","E","M","E","M","M","R","BOSS","M","?","M","?","M","E"],"items_purchased_type":[],"build_version":"2020-12-22","purchased_purges":0,"victory":false,"max_hp_per_floor":[75,75,75,75,75,75,75,75,75,75,75,75,75,75,75,75,75,75,75,75,75,75,75,75],"relic_stats":{"counters":[16,72],"Ornamental Fan":[28],"CeramicFish":144,"Snecko Eye":[145,135,115,134],"Pandora\u0027s Box":["Leap","Reboot","Sunder","Genetic Algorithm","Loop","Steam Power","Lockon","Self Repair"],"War Paint":["Coolheaded","Consume"],"obtain_stats":[{"Ornamental Fan":6,"CeramicFish":9,"Snecko Eye":0,"GremlinMask":4,"Pandora\u0027s Box":17,"War Paint":10,"Cracked Core":0,"StrikeDummy":21,"Toy Ornithopter":12},{"Ornamental Fan":5,"CeramicFish":6,"Snecko Eye":0,"GremlinMask":3,"Pandora\u0027s Box":12,"War Paint":7,"Cracked Core":0,"StrikeDummy":14,"Toy Ornithopter":9},{"Ornamental Fan":24,"CeramicFish":27,"Snecko Eye":0,"GremlinMask":11,"Pandora\u0027s Box":57,"War Paint":32,"Cracked Core":0,"StrikeDummy":64,"Toy Ornithopter":41}],"Toy Ornithopter":10},"card_choices":[{"not_picked":["Compile Driver","Steam"],"picked":"Conserve Battery","floor":1.0},{"not_picked":["Undo","Gash"],"picked":"Self Repair","floor":2.0},{"not_picked":["Streamline","Redo"],"picked":"Doom and Gloom","floor":3.0},{"not_picked":["Aggregate","Coolheaded"],"picked":"Consume","floor":5.0},{"not_picked":["Redo","Consume"],"picked":"Coolheaded","floor":6.0},{"not_picked":["Barrage","Steam"],"picked":"Loop","floor":7.0},{"not_picked":["Melter","Static Discharge"],"picked":"Chaos","floor":10.0},{"not_picked":["BootSequence","Ball Lightning"],"picked":"Compile Driver","floor":11.0},{"not_picked":["Thunder Strike","Gash"],"picked":"Coolheaded","floor":12.0},{"not_picked":["Compile Driver","Barrage","White Noise"],"picked":"SKIP","floor":13.0},{"not_picked":["Streamline","Barrage","Double Energy"],"picked":"SKIP","floor":14.0},{"not_picked":["Multi-Cast","Buffer"],"picked":"Echo Form","floor":16.0},{"not_picked":["Undo","Coolheaded"],"picked":"Storm","floor":18.0},{"not_picked":["Conserve Battery","Compile Driver","Go for the Eyes"],"picked":"SKIP","floor":20.0},{"not_picked":["Turbo","Double Energy"],"picked":"Scrape","floor":22.0}],"player_experience":399603,"relics_obtained":[{"floor":6.0,"key":"Ornamental Fan"},{"floor":9.0,"key":"CeramicFish"},{"floor":10.0,"key":"War Paint"},{"floor":12.0,"key":"Toy Ornithopter"}],"event_choices":[{"damage_healed":0.0,"max_hp_gain":0.0,"max_hp_loss":0.0,"gold_gain":0.0,"event_name":"FaceTrader","player_choice":"Trade","floor":4.0,"gold_loss":0.0,"damage_taken":0.0,"relics_obtained":["GremlinMask"]},{"damage_healed":0.0,"max_hp_gain":0.0,"max_hp_loss":0.0,"gold_gain":0.0,"cards_transformed":["Reboot","Zap"],"event_name":"Drug Dealer","player_choice":"Became Test Subject","floor":19.0,"gold_loss":0.0,"damage_taken":0.0,"cards_obtained":["Biased Cognition","Machine Learning"]},{"damage_healed":0.0,"max_hp_gain":0.0,"max_hp_loss":0.0,"gold_gain":0.0,"event_name":"Addict","player_choice":"Obtained Relic","floor":21.0,"gold_loss":85.0,"damage_taken":0.0,"relics_obtained":["StrikeDummy"]}],"is_beta":false,"boss_relics":[{"not_picked":["SacredBark","Busted Crown"],"picked":"Pandora\u0027s Box"}],"items_purged_floors":[],"is_endless":false,"potions_floor_spawned":[3,5,7,10,11,12,16,18],"killed_by":"Slavers","ascension_level":11}}