{"host":"tr12w2fixbnujl15","time":1609188052,"event":{"mods":["2.2 Compatiblity","BaseMod","Better Skull","BetterRewards","Colored Powertips","Hubris","Infinite Spire","Jorbs\u0027s Wanderer Trilogy","Melee Mod","Minty Spire (QoL Compilation)","Quick Restart","Railgun Mod","Replay The Spire","StSLib","SuperFastMode","The Animator","The Dragon Tamer","The Marked","WarShipGirlsR/????R mod"],"gold_per_floor":[117,117,48,59,77,77,108,108,135,135,168,181,389,186,186,282,282,282,282],"floor_reached":18,"playtime":723,"items_purged":[],"score":218,"play_id":"52d7ec07-315a-47bb-82ba-4e1e69182b1c","local_time":"20201228154052","is_ascension_mode":false,"campfire_choices":[{"data":"TheRailgun:Oneesama","floor":6,"key":"SMITH"},{"floor":8,"key":"REST"},{"data":"TheRailgun:Iron_Dust_Field","floor":10,"key":"SMITH"},{"floor":15,"key":"REST"}],"circlet_count":0,"master_deck":["TheRailgun:Strike","TheRailgun:Strike","TheRailgun:Strike","TheRailgun:Strike","TheRailgun:Defend","TheRailgun:Defend","TheRailgun:Defend","TheRailgun:Defend","TheRailgun:Discharge","TheRailgun:Static","TheRailgun:Zip","TheRailgun:Mental_Out+1","TheRailgun:Iron_Dust_Field+1","TheRailgun:Thunderbolt","TheRailgun:Oneesama+1","TheRailgun:Coin_Flip","TheRailgun:Iron_Dust_Sword","TheRailgun:Gekota_Phone","TheRailgun:Crackle","TheRailgun:Electrical_Fire","TheRailgun:Lightningbolt","TheRailgun:Magnetic_Flight","AbeCurse"],"relics":["TheRailgun:CoinRelic","NeowsBlessing","Pet Ghost","Replay:Baseball","Question Card","Abe\u0027s Treasure"],"acts_visited":["Exordium","TheCity"],"potions_floor_usage":[7,16,16],"damage_taken":[{"damage":0,"enemies":"Small Slimes","floor":1,"turns":1},{"damage":0,"enemies":"2 Louse","floor":4,"turns":1},{"damage":0,"enemies":"Cultist","floor":5,"turns":1},{"damage":29,"enemies":"3 Sentries","floor":7,"turns":6},{"damage":0,"enemies":"Replay:BlueRogue","floor":11,"turns":5},{"damage":1,"enemies":"2 Fungi Beasts","floor":12,"turns":3},{"damage":12,"enemies":"Fading Forest","floor":16,"turns":11},{"damage":4,"enemies":"Chosen","floor":18,"turns":2}],"seed_played":"-2313130238345529541","potions_obtained":[{"floor":5,"key":"Energy Potion"},{"floor":7,"key":"Doom Potion"},{"floor":11,"key":"Adrenaline Potion"}],"is_trial":false,"path_per_floor":["M","?","$","M","M","R","E","R","T","R","E","M","?","$","R","B",null,"M"],"character_chosen":"THE_DEFAULT","items_purchased":["TheRailgun:Iron_Dust_Field","TheRailgun:Electrical_Fire","TheRailgun:Lightningbolt","Toxic Potion"],"campfire_rested":2,"item_purchase_floors":[3,14,14,14],"current_hp_per_floor":[70,70,70,70,70,70,41,62,62,62,62,61,44,44,65,63,70,66,66],"gold":282,"neow_bonus":"THREE_ENEMY_KILL","is_daily":false,"chose_seed":false,"campfire_upgraded":2,"win_rate":0.0,"timestamp":1609188052,"path_taken":["M","?","$","M","M","R","E","R","T","R","E","M","?","$","R","BOSS","M"],"items_purchased_type":["Card","Card","Card","Potion"],"build_version":"2020-12-22","purchased_purges":0,"victory":false,"max_hp_per_floor":[70,70,70,70,70,70,70,70,70,70,70,70,70,70,70,70,70,70,70],"card_choices":[{"not_picked":["TheRailgun:Iron_Dust_Shield","TheRailgun:Pull"],"picked":"TheRailgun:Mental_Out","floor":1},{"not_picked":["TheRailgun:Positive_Field","TheRailgun:Thundershock"],"picked":"TheRailgun:Thunderbolt","floor":4},{"not_picked":["TheRailgun:Zip","TheRailgun:Taser"],"picked":"TheRailgun:Oneesama","floor":5},{"not_picked":["TheRailgun:Mental_Out","TheRailgun:Thunderbolt"],"picked":"TheRailgun:Coin_Flip","floor":7},{"not_picked":["TheRailgun:Magnetic_Flight","TheRailgun:Lightningbolt"],"picked":"TheRailgun:Iron_Dust_Sword","floor":11},{"not_picked":["TheRailgun:Iron_Dust_Vial","TheRailgun:Sister_Network","TheRailgun:Scatter_Railgun"],"picked":"TheRailgun:Gekota_Phone","floor":12},{"not_picked":["TheRailgun:Coin_Flip","TheRailgun:Lightning_Speed","TheRailgun:Thunder"],"picked":"TheRailgun:Crackle","floor":13},{"not_picked":["TheRailgun:Judgement_Officer","TheRailgun:Overload","TheRailgun:Railgun"],"picked":"TheRailgun:Magnetic_Flight","floor":16}],"player_experience":1307,"relics_obtained":[{"floor":7,"key":"Pet Ghost"},{"floor":9,"key":"Replay:Baseball"},{"floor":11,"key":"Question Card"}],"event_choices":[],"is_beta":false,"boss_relics":[{"not_picked":["Snecko Eye","Empty Cage"],"picked":"Abe\u0027s Treasure"}],"items_purged_floors":[],"is_endless":false,"potions_floor_spawned":[5,7,11],"killed_by":"Chosen","ascension_level":0}}