{"host":"2se5dq1do2gp0x9k","time":1609170836,"event":{"mods":["AchievementEnabler","BaseMod","Block Reminder","Colored Map","Colored Powertips","Minty Spire (QoL Compilation)","Relic Stats","StSLib","SuperFastMode"],"gold_per_floor":[114,27,27,102,115,144,154,154,154,167,199,199,228,228,228,307,307,322,322,338,182,182,182],"floor_reached":22,"playtime":746,"items_purged":["Strike_R"],"score":454,"play_id":"14313c0e-b425-4e03-8d42-7167787bc058","local_time":"20201228075356","is_ascension_mode":true,"campfire_choices":[{"data":"Inflame","floor":8.0,"key":"SMITH"},{"data":"Carnage","floor":12.0,"key":"SMITH"},{"floor":15.0,"key":"REST"}],"circlet_count":0,"master_deck":["AscendersBane","Strike_R","Strike_R","Strike_R","Defend_R+1","Defend_R","Defend_R","Defend_R","Bash","Twin Strike+1","Carnage+1","Inflame+1","Shrug It Off","Cleave","Pommel Strike","Impervious","True Grit","Second Wind","Inflame+1"],"relics":["Burning Blood","NeowsBlessing","Magic Flower","Ice Cream","Orichalcum","Frozen Egg 2","Runic Pyramid"],"acts_visited":["Exordium","TheCity"],"potions_floor_usage":[16],"damage_taken":[{"damage":0.0,"enemies":"Small Slimes","floor":1.0,"turns":1.0},{"damage":0.0,"enemies":"2 Louse","floor":5.0,"turns":2.0},{"damage":0.0,"enemies":"Lagavulin","floor":6.0,"turns":1.0},{"damage":1.0,"enemies":"Cultist","floor":7.0,"turns":3.0},{"damage":19.0,"enemies":"Exordium Wildlife","floor":10.0,"turns":5.0},{"damage":32.0,"enemies":"Gremlin Nob","floor":11.0,"turns":4.0},{"damage":19.0,"enemies":"3 Sentries","floor":13.0,"turns":3.0},{"damage":15,"enemies":"The Guardian","floor":16,"turns":9},{"damage":16,"enemies":"2 Thieves","floor":18,"turns":4},{"damage":0,"enemies":"Chosen","floor":20,"turns":5},{"damage":31,"enemies":"Snecko","floor":22,"turns":6}],"seed_played":"-4118184435825294224","potions_obtained":[{"floor":1.0,"key":"ColorlessPotion"},{"floor":6.0,"key":"Fruit Juice"},{"floor":11.0,"key":"ColorlessPotion"}],"is_trial":false,"path_per_floor":["M","$","?","?","M","E","M","R","T","M","E","R","E","?","R","B",null,"M","?","M","$","M"],"character_chosen":"IRONCLAD","items_purchased":["Carnage","Inflame+1"],"campfire_rested":1,"item_purchase_floors":[2,21],"current_hp_per_floor":[74,74,67,56,62,68,75,75,75,65,47,47,37,13,37,31,68,61,38,47,47,16,16],"gold":182,"neow_bonus":"THREE_ENEMY_KILL","is_daily":false,"chose_seed":false,"campfire_upgraded":2,"win_rate":0.0,"timestamp":1609170836,"path_taken":["M","$","?","?","M","E","M","R","T","M","E","R","E","?","R","BOSS","M","?","M","$","M"],"items_purchased_type":["Card","Card"],"build_version":"2020-12-22","purchased_purges":1,"victory":false,"max_hp_per_floor":[75,75,75,75,75,75,75,75,75,75,80,80,80,80,80,80,80,80,85,85,85,85,85],"relic_stats":{"counters":[11,43],"Magic Flower":[20],"Orichalcum":[72],"obtain_stats":[{"Ice Cream":9,"NeowsBlessing":0,"Magic Flower":6,"Orichalcum":11,"Frozen Egg 2":13,"Burning Blood":0,"Runic Pyramid":17},{"Ice Cream":4,"NeowsBlessing":0,"Magic Flower":3,"Orichalcum":6,"Frozen Egg 2":7,"Burning Blood":0,"Runic Pyramid":8},{"Ice Cream":7,"NeowsBlessing":0,"Magic Flower":4,"Orichalcum":16,"Frozen Egg 2":19,"Burning Blood":0,"Runic Pyramid":28}],"Burning Blood":80},"card_choices":[{"not_picked":["Heavy Blade","Power Through"],"picked":"Twin Strike","floor":1.0},{"not_picked":["Perfected Strike","Sword Boomerang"],"picked":"Inflame","floor":5.0},{"not_picked":["Armaments","Perfected Strike","Dropkick"],"picked":"SKIP","floor":6.0},{"not_picked":["Demon Form","Twin Strike"],"picked":"Shrug It Off","floor":7.0},{"not_picked":["Bloodletting","Armaments","Body Slam"],"picked":"SKIP","floor":10.0},{"not_picked":["Seeing Red","Hemokinesis"],"picked":"Cleave","floor":11.0},{"not_picked":["Havoc","Uppercut"],"picked":"Pommel Strike","floor":13.0},{"not_picked":["Brutality+1","Fiend Fire"],"picked":"Impervious","floor":16},{"not_picked":["Combust+1","Sword Boomerang"],"picked":"True Grit","floor":18},{"not_picked":["Combust+1","Power Through+1"],"picked":"Second Wind","floor":20}],"player_experience":3630171,"relics_obtained":[{"floor":6.0,"key":"Magic Flower"},{"floor":9.0,"key":"Ice Cream"},{"floor":11.0,"key":"Orichalcum"},{"floor":13.0,"key":"Frozen Egg 2"}],"event_choices":[{"cards_removed":["Strike_R"],"damage_healed":0.0,"max_hp_gain":0.0,"max_hp_loss":0.0,"gold_gain":0.0,"event_name":"Golden Wing","player_choice":"Card Removal","floor":3.0,"gold_loss":0.0,"damage_taken":7.0},{"damage_healed":0.0,"max_hp_gain":0.0,"max_hp_loss":0.0,"gold_gain":75.0,"event_name":"World of Goop","player_choice":"Gather Gold","floor":4.0,"gold_loss":0.0,"damage_taken":11.0},{"damage_healed":0.0,"max_hp_gain":0.0,"max_hp_loss":0.0,"gold_gain":0.0,"event_name":"Shining Light","player_choice":"Entered Light","floor":14.0,"gold_loss":0.0,"damage_taken":24.0,"cards_upgraded":["Defend_R","Twin Strike"]},{"damage_healed":0,"gold_gain":0,"player_choice":"Shed Blood","damage_taken":28,"max_hp_gain":5,"max_hp_loss":0,"event_name":"Forgotten Altar","floor":19,"gold_loss":0}],"is_beta":false,"boss_relics":[{"not_picked":["Tiny House","Pandora\u0027s Box"],"picked":"Runic Pyramid"}],"items_purged_floors":[21],"is_endless":false,"potions_floor_spawned":[1,6,11],"killed_by":"Snecko","ascension_level":20}}