{"host":"rvgqag7mtxu5qaaz","time":1609190286,"event":{"mods":["AchievementEnabler","BaseMod","Downfall","Hermit","Hubris","Minty Spire (QoL Compilation)","Replay The Spire","StSLib","SuperFastMode","The Animator","The Construct","The Cursed","The Disciple","The Necromancer"],"gold_per_floor":[11,22,35,35,35,35,45,58,58,71,82,82,30,30,30,151,151,175,135,26,49,1,15,29,49,75,75,90,111,130,148,148,268,268,288,0,61,61,75,75,75,95,95,428,428,439,456,470,470,470],"floor_reached":51,"playtime":4829,"items_purged":["Delirium"],"score":706,"play_id":"3241ebfc-69ee-41ed-9add-1a9f51d69b41","local_time":"20201228161806","is_ascension_mode":true,"campfire_choices":[{"data":"Wish","floor":6,"key":"SMITH"},{"floor":15,"key":"REST"},{"floor":32,"key":"REST"},{"data":"Eruption","floor":40,"key":"SMITH"},{"floor":45,"key":"REST"},{"data":"Weave","floor":49,"key":"SMITH"}],"circlet_count":0,"master_deck":["Strike_P","Strike_P","Strike_P","Defend_P","Defend_P","Eruption+1","Vigilance","Nirvana","InnerPeace","Wish+1","EmptyBody","Establishment","CutThroughFate","Replay:ManipulateFuture","SpiritShield","ThirdEye+1","Protect+1","Replay:Hum","CutThroughFate","Crescendo","Replay:DivineShield+1","Weave+1","JustLucky","Adaptation+1","Nirvana","Judgement","Wireheading+1","Meditate+1","Madness","Madness","Sanctity+1","Replay:AtTheReady+1"],"relics":["PureWater","Incense Burner","hubris:Icosahedron","hubris:Spice","Ring of Panic","Ring of Peace","hubris:TerracottaHorce","Replay:Mystery Machine","Black Star","Red Mask","Ice Cream","hubris:PeanutButter"],"acts_visited":["Exordium","TheCity","TheBeyond"],"potions_floor_usage":[11,16,28,29,31,33,37,37,37,39,50],"damage_taken":[{"damage":1,"enemies":"2 Louse","floor":1,"turns":2},{"damage":0,"enemies":"Small Slimes","floor":2,"turns":2},{"damage":0,"enemies":"Jaw Worm","floor":3,"turns":3},{"damage":6,"enemies":"Red Slaver","floor":7,"turns":6},{"damage":12,"enemies":"Looter","floor":8,"turns":3},{"damage":6,"enemies":"Lots of Slimes","floor":10,"turns":8},{"damage":3,"enemies":"Exordium Thugs","floor":11,"turns":6},{"damage":0,"enemies":"Slime Boss","floor":16,"turns":8},{"damage":15,"enemies":"Spheric Guardian","floor":18,"turns":6},{"damage":0,"enemies":"3 Byrds","floor":21,"turns":5},{"damage":10,"enemies":"Snake Plant","floor":23,"turns":3},{"damage":2,"enemies":"Shelled Parasite and Fungi","floor":24,"turns":8},{"damage":0,"enemies":"3 Cultists","floor":25,"turns":6},{"damage":0,"enemies":"Snake Plant","floor":28,"turns":5},{"damage":0,"enemies":"Snecko","floor":29,"turns":6},{"damage":0,"enemies":"Centurion and Healer","floor":30,"turns":4},{"damage":0,"enemies":"3 Cultists","floor":31,"turns":4},{"damage":8,"enemies":"Pondfish","floor":33,"turns":10},{"damage":0,"enemies":"Orb Walker","floor":35,"turns":5},{"damage":0,"enemies":"2 Orb Walkers","floor":37,"turns":4},{"damage":0,"enemies":"3 Darklings","floor":39,"turns":5},{"damage":19,"enemies":"Sphere and 2 Shapes","floor":42,"turns":4},{"damage":0,"enemies":"Jaw Worm Horde","floor":46,"turns":3},{"damage":0,"enemies":"4 Shapes","floor":47,"turns":5},{"damage":0,"enemies":"Maw","floor":48,"turns":7},{"damage":14,"enemies":"Replay:Hell Engine","floor":50,"turns":11}],"seed_played":"2593798439209699935","potions_obtained":[{"floor":3,"key":"Reflective Coating"},{"floor":8,"key":"sneckomod:MuddlingPotion"},{"floor":10,"key":"Languid Potion"},{"floor":16,"key":"Explosive Potion"},{"floor":19,"key":"BlessingOfTheForge"},{"floor":19,"key":"Fire Potion"},{"floor":23,"key":"Toxic Potion"},{"floor":28,"key":"Swift Potion"},{"floor":29,"key":"BottledMiracle"},{"floor":31,"key":"Weak Potion"},{"floor":33,"key":"BottledMiracle"},{"floor":42,"key":"EssenceOfSteel"},{"floor":47,"key":"Energy Potion"}],"is_trial":false,"path_per_floor":["M","M","M","?","?","R","M","M","T","M","M","?","$","?","R","B",null,"M","?","$","M","$","M","M","M","T","?","M","M","M","M","R","B",null,"M","?","?","?","M","R","?","M","T","?","R","M","M","M","R","B",null],"character_chosen":"WATCHER","items_purchased":["Replay:ManipulateFuture","Protect+1","CutThroughFate"],"campfire_rested":3,"item_purchase_floors":[13,20,22],"current_hp_per_floor":[71,71,71,71,71,71,65,53,61,55,52,32,32,32,56,56,74,59,59,59,59,59,49,47,47,47,47,47,47,47,47,71,63,76,76,76,76,76,76,76,66,47,47,47,71,71,71,71,71,57],"gold":470,"neow_bonus":"ONE_RARE_RELIC","is_daily":false,"chose_seed":false,"campfire_upgraded":3,"win_rate":0.0,"timestamp":1609190286,"path_taken":["M","M","M","?","?","R","M","M","T","M","M","?","$","?","R","BOSS","M","?","$","?","$","M","M","M","T","?","?","M","M","M","R","BOSS","M","?","?","?","M","R","?","M","T","?","R","M","M","M","R","BOSS"],"items_purchased_type":["Card","Card","Card"],"build_version":"2020-12-22","purchased_purges":1,"victory":true,"max_hp_per_floor":[72,72,72,72,72,72,72,72,80,80,80,80,80,80,80,80,80,80,80,80,80,80,80,80,80,80,80,80,80,80,80,80,80,80,80,80,80,80,80,80,80,80,80,80,80,80,80,80,80,80],"card_choices":[{"not_picked":["JustLucky","Consecrate"],"picked":"Nirvana","floor":1},{"not_picked":["Protect","Halt"],"picked":"InnerPeace","floor":2},{"not_picked":["Halt","Replay:DivineShield"],"picked":"Wish","floor":3},{"not_picked":["Consecrate","FlyingSleeves"],"picked":"EmptyBody","floor":7},{"not_picked":["EmptyBody","FlyingSleeves","Replay:Anticipation"],"picked":"SKIP","floor":8},{"not_picked":["Evaluate","Tantrum"],"picked":"Establishment","floor":10},{"not_picked":["CarveReality","SashWhip"],"picked":"CutThroughFate","floor":11},{"not_picked":["Replay:LoomingThreat","Ragnarok"],"picked":"SpiritShield","floor":16},{"not_picked":["Prostrate","WaveOfTheHand"],"picked":"ThirdEye+1","floor":18},{"not_picked":["Pray+1","FearNoEvil"],"picked":"Replay:Hum","floor":21},{"not_picked":["ReachHeaven","Prostrate"],"picked":"Crescendo","floor":23},{"not_picked":["ClearTheMind","BowlingBash"],"picked":"Replay:DivineShield+1","floor":24},{"not_picked":["WreathOfFlame+1","Replay:Anticipation"],"picked":"Weave","floor":25},{"not_picked":["ThirdEye","Replay:AtTheReady"],"picked":"JustLucky","floor":28},{"not_picked":["WreathOfFlame","FlurryOfBlows","BowlingBash"],"picked":"SKIP","floor":29},{"not_picked":["DeceiveReality","BowlingBash"],"picked":"Adaptation+1","floor":30},{"not_picked":["EmptyMind","CutThroughFate"],"picked":"Nirvana","floor":31},{"not_picked":["Ragnarok","Replay:AllIn"],"picked":"Judgement","floor":33},{"not_picked":["SashWhip+1","FollowUp"],"picked":"Wireheading+1","floor":35},{"not_picked":["PathToVictory+1","ClearTheMind+1"],"picked":"Meditate+1","floor":37},{"not_picked":["ForeignInfluence+1","Replay:BluntJabs","Ragnarok"],"picked":"SKIP","floor":39},{"not_picked":["ForeignInfluence","WreathOfFlame+1","Replay:Anticipation"],"picked":"SKIP","floor":42},{"not_picked":["BowlingBash","Replay:BluntJabs","EmptyBody+1"],"picked":"SKIP","floor":46},{"not_picked":["Replay:LoomingThreat","Replay:Anticipation"],"picked":"Sanctity+1","floor":47},{"not_picked":["Crescendo+1","EmptyFist+1"],"picked":"Replay:AtTheReady+1","floor":48}],"player_experience":332938,"relics_obtained":[{"floor":9,"key":"hubris:Spice"},{"floor":14,"key":"Ring of Panic"},{"floor":14,"key":"Ring of Peace"},{"floor":26,"key":"Replay:Mystery Machine"},{"floor":37,"key":"Ice Cream"},{"floor":43,"key":"hubris:PeanutButter"}],"event_choices":[{"damage_healed":0,"gold_gain":0,"player_choice":"Take Damage","damage_taken":20,"relics_obtained":["Golden Idol"],"max_hp_gain":0,"max_hp_loss":0,"event_name":"Golden Idol","floor":12,"gold_loss":0},{"damage_healed":0,"gold_gain":0,"player_choice":"Bought 3 Potions","damage_taken":0,"max_hp_gain":0,"max_hp_loss":0,"event_name":"The Woman in Blue","floor":19,"gold_loss":0},{"cards_removed":["Defend_P"],"damage_healed":0,"gold_gain":0,"player_choice":"Purged","damage_taken":0,"max_hp_gain":0,"max_hp_loss":0,"event_name":"Purifier","floor":27,"gold_loss":0},{"damage_healed":0,"gold_gain":0,"player_choice":"Paid","damage_taken":0,"relics_obtained":["Red Mask"],"max_hp_gain":0,"max_hp_loss":0,"event_name":"Tomb of Lord Red Mask","floor":36,"gold_loss":288},{"damage_healed":0,"gold_gain":0,"player_choice":"Fight","damage_taken":0,"max_hp_gain":0,"max_hp_loss":0,"event_name":"Mysterious Sphere","floor":37,"gold_loss":0},{"cards_removed":["Strike_P"],"damage_healed":0,"gold_gain":0,"player_choice":"Removed Attack","damage_taken":0,"max_hp_gain":0,"max_hp_loss":0,"event_name":"Falling","floor":38,"gold_loss":0},{"damage_healed":0,"gold_gain":0,"player_choice":"Embrace Madness","damage_taken":10,"max_hp_gain":0,"max_hp_loss":0,"event_name":"Winding Halls","floor":41,"gold_loss":0,"cards_obtained":["Madness","Madness"]},{"damage_healed":0,"gold_gain":333,"player_choice":"Gave Idol","damage_taken":0,"max_hp_gain":0,"max_hp_loss":0,"event_name":"The Moai Head","floor":44,"relics_lost":["Golden Idol"],"gold_loss":0}],"is_beta":false,"boss_relics":[{"not_picked":["Coffee Dripper","hubris:Spice"],"picked":"hubris:TerracottaHorce"},{"not_picked":["Painkiller Herb","Cursed Key"],"picked":"Black Star"}],"items_purged_floors":[20],"is_endless":false,"potions_floor_spawned":[3,8,10,16,23,28,29,31,33,42,47],"ascension_level":1}}