{"host":"novohdx135h0xyrr","time":1609117116,"event":{"mods":["BaseMod","Colored Map","Colored Powertips","Highlight Path","Minty Spire (QoL Compilation)"],"gold_per_floor":[112,112,112,37,37,72,123,123,169,187,219,232,266,285,285,285,285],"floor_reached":16,"playtime":874,"items_purged":["Strike_B"],"score":150,"play_id":"0dc42c02-4801-4ca9-b9c2-9a30ebc7b1e3","local_time":"20201227165836","is_ascension_mode":true,"campfire_choices":[{"floor":8,"key":"RECALL"},{"floor":15,"key":"REST"}],"circlet_count":0,"master_deck":["Strike_B","Strike_B","Strike_B","Defend_B","Defend_B","Defend_B","Zap","Dualcast","Go for the Eyes","Scrape","Rebound","White Noise","Turbo","Gash+1","Steam"],"relics":["Cracked Core","NeowsBlessing","The Courier","Vajra","Blood Vial","Molten Egg 2"],"acts_visited":["Exordium"],"potions_floor_usage":[12,14,14,16],"damage_taken":[{"damage":0,"enemies":"Jaw Worm","floor":1,"turns":1},{"damage":0,"enemies":"3 Sentries","floor":6,"turns":1},{"damage":0,"enemies":"Small Slimes","floor":10,"turns":1},{"damage":18,"enemies":"Gremlin Nob","floor":11,"turns":4},{"damage":0,"enemies":"2 Louse","floor":12,"turns":1},{"damage":31,"enemies":"3 Sentries","floor":13,"turns":5},{"damage":8,"enemies":"Gremlin Gang","floor":14,"turns":2},{"damage":49,"enemies":"Hexaghost","floor":16,"turns":10}],"seed_played":"686449452410373295","potions_obtained":[{"floor":1,"key":"Regen Potion"},{"floor":6,"key":"Dexterity Potion"},{"floor":11,"key":"PotionOfCapacity"},{"floor":13,"key":"EssenceOfDarkness"}],"is_trial":false,"path_per_floor":["M","?","?","$","?","E","T","R","T","M","E","M","E","M","R","B"],"character_chosen":"DEFECT","items_purchased":[],"campfire_rested":1,"item_purchase_floors":[],"current_hp_per_floor":[75,80,73,73,73,73,73,73,73,73,55,57,28,22,46,0,0],"gold":285,"neow_bonus":"THREE_ENEMY_KILL","is_daily":false,"chose_seed":false,"campfire_upgraded":0,"win_rate":0.0,"timestamp":1609117116,"path_taken":["M","?","?","?","?","E","?","R","T","M","E","M","E","?","R","BOSS"],"items_purchased_type":[],"build_version":"2020-12-22","purchased_purges":1,"victory":false,"max_hp_per_floor":[75,80,80,80,80,80,80,80,80,80,80,80,80,80,80,80,80],"card_choices":[{"not_picked":["Chill","Stack"],"picked":"Go for the Eyes","floor":1},{"not_picked":["Go for the Eyes","Genetic Algorithm"],"picked":"Scrape","floor":6},{"not_picked":["Compile Driver","Conserve Battery"],"picked":"Rebound","floor":10},{"not_picked":["Stack","Scrape"],"picked":"White Noise","floor":11},{"not_picked":["Lockon","Stack"],"picked":"Turbo","floor":12},{"not_picked":["Blizzard+1","Redo"],"picked":"Gash+1","floor":13},{"not_picked":["Reinforced Body","Machine Learning"],"picked":"Steam","floor":14}],"player_experience":140881,"relics_obtained":[{"floor":6,"key":"The Courier"},{"floor":7,"key":"Vajra"},{"floor":11,"key":"Blood Vial"},{"floor":13,"key":"Molten Egg 2"}],"event_choices":[{"damage_healed":0,"gold_gain":0,"player_choice":"Donut","damage_taken":0,"max_hp_gain":5,"max_hp_loss":0,"event_name":"Big Fish","floor":2,"gold_loss":0},{"cards_removed":["Defend_B"],"damage_healed":0,"gold_gain":0,"player_choice":"Card Removal","damage_taken":7,"max_hp_gain":0,"max_hp_loss":0,"event_name":"Golden Wing","floor":3,"gold_loss":0},{"damage_healed":0,"gold_gain":0,"player_choice":"Ignored","damage_taken":0,"max_hp_gain":0,"max_hp_loss":0,"event_name":"Liars Game","floor":5,"gold_loss":0}],"is_beta":false,"boss_relics":[],"items_purged_floors":[4],"is_endless":false,"potions_floor_spawned":[1,6,11,13],"killed_by":"Hexaghost","ascension_level":1}}