{"host":"og6lam4kt3nibbw0","time":1609172922,"event":{"mods":["AchievementEnabler","BaseMod","Colored Map","DeckTracker","Highlight Path","Keyboard Shortcuts","Minty Spire (QoL Compilation)","Permanent Neow","Quick Restart","StSLib","SuperFastMode"],"gold_per_floor":[11,31,31,6,18,18,53,70,95,107,134,205,205,230,230,323,323,338,144,144,164,185,185,110,110,163,163,207,227,227,227,12,12,107,107,123,142,173,188,203,203,226,266,289,511,534,129,169,119,119,119,119],"floor_reached":51,"playtime":1970,"items_purged":["Strike_B","Consume","Dualcast+1","Compile Driver+1"],"score":1159,"play_id":"9ca1000f-7853-4746-8f5b-c9457ad99373","local_time":"20201229012842","is_ascension_mode":true,"campfire_choices":[{"data":"Defragment","floor":6,"key":"SMITH"},{"floor":15,"key":"REST"},{"data":"Storm","floor":23,"key":"SMITH"},{"data":"Storm","floor":27,"key":"SMITH"},{"data":"Reboot","floor":31,"key":"SMITH"},{"data":"Creative AI","floor":33,"key":"SMITH"},{"floor":41,"key":"REST"},{"floor":50,"key":"RECALL"}],"circlet_count":0,"master_deck":["AscendersBane","Defend_B","Defend_B","Zap","Core Surge","Leap","Defragment+1","Creative AI+1","Ball Lightning","Capacitor","Turbo+1","Reboot+1","Storm+1","Thunder Strike+1","Storm+1","Conserve Battery","Storm+1","Defragment+1","BootSequence","Fission","Hologram","Chill","Undo+1","Buffer","Coolheaded"],"relics":["Cracked Core","Happy Flower","Smiling Mask","War Paint","HornCleat","Golden Idol","Astrolabe","Toy Ornithopter","Red Mask","Lee\u0027s Waffle","Busted Crown","Ginger","Incense Burner","Runic Capacitor","Ice Cream"],"acts_visited":["TheCity","TheBeyond"],"potions_floor_usage":[11,28,40,43,43,48,51],"damage_taken":[{"damage":2,"enemies":"Jaw Worm","floor":1,"turns":3},{"damage":2,"enemies":"Cultist","floor":2,"turns":4},{"damage":0,"enemies":"2 Louse","floor":5,"turns":1},{"damage":21,"enemies":"3 Sentries","floor":7,"turns":5},{"damage":0,"enemies":"Looter","floor":8,"turns":2},{"damage":12,"enemies":"3 Louse","floor":10,"turns":3},{"damage":12,"enemies":"Gremlin Nob","floor":11,"turns":4},{"damage":1,"enemies":"2 Fungi Beasts","floor":14,"turns":3},{"damage":18,"enemies":"Slime Boss","floor":16,"turns":6},{"damage":22,"enemies":"Chosen","floor":18,"turns":4},{"damage":6,"enemies":"3 Byrds","floor":21,"turns":4},{"damage":0,"enemies":"Snecko","floor":22,"turns":3},{"damage":15,"enemies":"Masked Bandits","floor":28,"turns":3},{"damage":0,"enemies":"Cultist and Chosen","floor":29,"turns":3},{"damage":0,"enemies":"Automaton","floor":34,"turns":4},{"damage":5,"enemies":"3 Shapes","floor":36,"turns":3},{"damage":0,"enemies":"Orb Walker","floor":37,"turns":2},{"damage":14,"enemies":"Mind Bloom Boss Battle","floor":38,"turns":4},{"damage":46,"enemies":"Sphere and 2 Shapes","floor":39,"turns":4},{"damage":0,"enemies":"Transient","floor":40,"turns":6},{"damage":18,"enemies":"Spire Growth","floor":42,"turns":4},{"damage":18,"enemies":"Reptomancer","floor":43,"turns":4},{"damage":0,"enemies":"Maw","floor":46,"turns":3},{"damage":3,"enemies":"Nemesis","floor":48,"turns":5},{"damage":19,"enemies":"Time Eater","floor":51,"turns":3}],"seed_played":"7976659965224630272","potions_obtained":[{"floor":2,"key":"LiquidBronze"},{"floor":7,"key":"DuplicationPotion"},{"floor":8,"key":"Block Potion"},{"floor":14,"key":"Strength Potion"},{"floor":21,"key":"PotionOfCapacity"},{"floor":34,"key":"SteroidPotion"},{"floor":38,"key":"SkillPotion"},{"floor":39,"key":"Swift Potion"},{"floor":42,"key":"SteroidPotion"},{"floor":43,"key":"Fruit Juice"},{"floor":48,"key":"Swift Potion"}],"is_trial":false,"path_per_floor":["M","M","?","$","M","R","E","M","T","M","E","T","?","M","R","B",null,"M","$","?","M","M","R","?","?","T","R","?","M","M","R","$","R","B",null,"M","M","?","M","M","R","M","E","T","?","M","$","E","$","R","B"],"character_chosen":"DEFECT","items_purchased":["Ball Lightning","Storm","Conserve Battery","Lee\u0027s Waffle","Coolheaded","Runic Capacitor","PowerPotion","DuplicationPotion"],"campfire_rested":2,"item_purchase_floors":[4,19,19,32,47,47,47,47],"current_hp_per_floor":[62,60,60,60,60,60,39,39,39,27,15,15,15,14,33,15,52,30,30,30,24,24,24,24,37,37,37,27,27,27,27,71,71,71,71,66,66,52,6,11,32,14,11,11,11,11,11,13,13,13,0,0],"gold":119,"neow_bonus":"THREE_RARE_CARDS","is_daily":false,"chose_seed":false,"campfire_upgraded":5,"win_rate":0.0,"timestamp":1609172922,"path_taken":["M","M","?","?","M","R","E","?","T","M","E","?","?","M","R","BOSS","M","$","?","M","M","R","?","?","T","R","?","M","M","R","$","R","BOSS","M","M","?","M","M","R","M","E","T","?","M","?","E","$","R","BOSS"],"items_purchased_type":["Card","Card","Card","Relic","Card","Relic","Potion","Potion"],"build_version":"2020-12-22","purchased_purges":4,"victory":false,"max_hp_per_floor":[71,71,71,71,71,71,71,71,71,71,71,71,64,64,64,64,64,64,64,64,64,64,64,64,64,64,64,64,64,64,64,71,71,71,71,71,71,71,71,71,71,71,76,76,76,76,76,76,76,76,76,76],"card_choices":[{"not_picked":["All For One","Hyperbeam"],"picked":"Core Surge","floor":0},{"not_picked":["Compile Driver","Beam Cell"],"picked":"Leap","floor":1},{"not_picked":["Static Discharge","Cold Snap"],"picked":"Defragment","floor":2},{"not_picked":["Darkness","Beam Cell","Static Discharge"],"picked":"SKIP","floor":5},{"not_picked":["Go for the Eyes","Fusion","Stack"],"picked":"SKIP","floor":7},{"not_picked":["Static Discharge","Stack"],"picked":"Capacitor","floor":8},{"not_picked":["Reinforced Body","All For One"],"picked":"Turbo","floor":10},{"not_picked":["Cold Snap","Stack","Redo"],"picked":"SKIP","floor":11},{"not_picked":["Hologram","Rebound"],"picked":"Consume","floor":14},{"not_picked":["Creative AI","Amplify"],"picked":"Reboot","floor":16},{"not_picked":["Coolheaded","Streamline+1","Steam"],"picked":"SKIP","floor":18},{"not_picked":["Steam","Stack"],"picked":"Storm","floor":21},{"not_picked":["Skim","Loop"],"picked":"Defragment+1","floor":22},{"not_picked":["Compile Driver","Gash"],"picked":"BootSequence","floor":29},{"not_picked":["Core Surge","Amplify"],"picked":"Fission","floor":34},{"not_picked":["Sunder"],"picked":"SKIP","floor":36},{"not_picked":[],"picked":"Hologram","floor":37},{"not_picked":[],"picked":"Chill","floor":39},{"not_picked":["Compile Driver"],"picked":"SKIP","floor":40},{"not_picked":[],"picked":"Undo+1","floor":42},{"not_picked":[],"picked":"Buffer","floor":43},{"not_picked":["Ball Lightning"],"picked":"SKIP","floor":46},{"not_picked":["Gash+1"],"picked":"SKIP","floor":48}],"player_experience":848597,"relics_obtained":[{"floor":7,"key":"Happy Flower"},{"floor":9,"key":"Smiling Mask"},{"floor":11,"key":"War Paint"},{"floor":12,"key":"HornCleat"},{"floor":26,"key":"Toy Ornithopter"},{"floor":28,"key":"Red Mask"},{"floor":38,"key":"Ginger"},{"floor":43,"key":"Incense Burner"},{"floor":48,"key":"Ice Cream"}],"event_choices":[{"damage_healed":0,"gold_gain":0,"cards_transformed":["Defend_B"],"player_choice":"Transformed","damage_taken":0,"max_hp_gain":0,"max_hp_loss":0,"event_name":"Transmorgrifier","floor":3,"gold_loss":0,"cards_obtained":["Creative AI"]},{"damage_healed":0,"gold_gain":0,"player_choice":"Lose Max HP","damage_taken":0,"relics_obtained":["Golden Idol"],"max_hp_gain":0,"max_hp_loss":7,"event_name":"Golden Idol","floor":13,"gold_loss":0},{"damage_healed":0,"gold_gain":0,"player_choice":"Ignored","damage_taken":0,"max_hp_gain":0,"max_hp_loss":0,"event_name":"Cursed Tome","floor":20,"gold_loss":0},{"cards_removed":["Strike_B"],"damage_healed":0,"gold_gain":0,"player_choice":"Gave Gold","damage_taken":0,"max_hp_gain":0,"max_hp_loss":0,"event_name":"Beggar","floor":24,"gold_loss":75},{"damage_healed":13,"gold_gain":0,"player_choice":"Heal","damage_taken":0,"max_hp_gain":0,"max_hp_loss":0,"event_name":"The Library","floor":25,"gold_loss":0},{"damage_healed":0,"gold_gain":0,"player_choice":"Fought Bandits","damage_taken":0,"max_hp_gain":0,"max_hp_loss":0,"event_name":"Masked Bandits","floor":28,"gold_loss":0},{"damage_healed":0,"gold_gain":0,"player_choice":"Fight","damage_taken":0,"max_hp_gain":0,"max_hp_loss":0,"event_name":"MindBloom","floor":38,"gold_loss":0},{"damage_healed":0,"gold_gain":222,"player_choice":"Wore Mask","damage_taken":0,"max_hp_gain":0,"max_hp_loss":0,"event_name":"Tomb of Lord Red Mask","floor":45,"gold_loss":0}],"is_beta":false,"boss_relics":[{"not_picked":["SacredBark","Sozu"],"picked":"Astrolabe"},{"not_picked":["Runic Dome","Empty Cage"],"picked":"Busted Crown"}],"items_purged_floors":[19,32,47,49],"is_endless":false,"potions_floor_spawned":[2,7,8,10,14,21,22,34,38,39,42,43,48],"killed_by":"Time Eater","ascension_level":20}}