{"host":"6pgtslebjnyv5xmi","time":1609153041,"event":{"mods":["AchievementEnabler","BaseMod","Colored Map","Minty Spire (QoL Compilation)","Rare Cards Sparkle","StSLib","SuperFastMode","everything is the same but u backflip on backflip"],"gold_per_floor":[115,85,98,98,98,98,98,128,128,159,179,195,209,284,284,380,380,392,187,205,205,1,1,14,40,65,65,76,76,76],"floor_reached":29,"playtime":1113,"items_purged":["Strike_B","Pain"],"score":348,"play_id":"6cf3a716-7b57-4fa8-91f3-041b47551037","local_time":"20201228195721","is_ascension_mode":true,"campfire_choices":[{"data":"Defragment","floor":6,"key":"SMITH"},{"data":"Creative AI","floor":15,"key":"SMITH"},{"data":"Creative AI","floor":23,"key":"SMITH"},{"data":"Self Repair","floor":27,"key":"SMITH"}],"circlet_count":0,"master_deck":["Strike_B","Strike_B","Defend_B","Defend_B+1","Defend_B","Defend_B","Zap+1","Dualcast","Defragment+1","Creative AI+1","Self Repair+1","Turbo","Creative AI+1","Defragment","Recycle+1"],"relics":["Cracked Core","NeowsBlessing","Nunchaku","CaptainsWheel","Bird Faced Urn","Orichalcum","Coffee Dripper","Membership Card","WarpedTongs","OrangePellets","DataDisk","CeramicFish","Tiny Chest"],"acts_visited":["Exordium","TheCity"],"potions_floor_usage":[10,10,16,20,25,29],"damage_taken":[{"damage":0,"enemies":"2 Louse","floor":1,"turns":1},{"damage":0,"enemies":"Cultist","floor":3,"turns":1},{"damage":0,"enemies":"Lagavulin","floor":8,"turns":1},{"damage":9,"enemies":"Gremlin Nob","floor":10,"turns":5},{"damage":8,"enemies":"Small Slimes","floor":11,"turns":4},{"damage":7,"enemies":"Blue Slaver","floor":12,"turns":4},{"damage":4,"enemies":"2 Fungi Beasts","floor":13,"turns":5},{"damage":28,"enemies":"Hexaghost","floor":16,"turns":8},{"damage":32,"enemies":"2 Thieves","floor":18,"turns":4},{"damage":13,"enemies":"3 Byrds","floor":20,"turns":3},{"damage":19,"enemies":"Snake Plant","floor":24,"turns":4},{"damage":77,"enemies":"Book of Stabbing","floor":25,"turns":6},{"damage":32,"enemies":"Centurion and Healer","floor":28,"turns":4},{"damage":54,"enemies":"3 Cultists","floor":29,"turns":5}],"seed_played":"-1556827691946068103","potions_obtained":[{"floor":1,"key":"SneckoOil"},{"floor":2,"key":"Explosive Potion"},{"floor":2,"key":"Weak Potion"},{"floor":3,"key":"Strength Potion"},{"floor":8,"key":"Energy Potion"},{"floor":13,"key":"LiquidMemories"},{"floor":16,"key":"Dexterity Potion"},{"floor":18,"key":"Swift Potion"}],"is_trial":false,"path_per_floor":["M","?","M","?","?","R","?","E","T","E","M","M","M","?","R","B",null,"M","$","M","?","$","R","M","E","T","R","M","M"],"character_chosen":"DEFECT","items_purchased":["Membership Card","Defragment","OrangePellets","DataDisk"],"campfire_rested":0,"item_purchase_floors":[19,19,22,22],"current_hp_per_floor":[75,75,75,60,60,60,60,60,60,65,75,75,75,64,64,69,74,66,66,75,75,75,75,75,35,35,35,33,0,0],"gold":76,"neow_bonus":"THREE_ENEMY_KILL","is_daily":false,"chose_seed":false,"campfire_upgraded":4,"win_rate":0.0,"timestamp":1609153041,"path_taken":["M","?","?","?","?","R","?","E","T","E","M","M","?","?","R","BOSS","M","$","M","?","?","R","M","E","T","R","M","M"],"items_purchased_type":["Relic","Card","Relic","Relic"],"build_version":"2020-12-22","purchased_purges":2,"victory":false,"max_hp_per_floor":[75,75,75,75,75,75,75,75,75,75,75,75,75,75,75,75,75,75,75,75,75,75,75,75,75,75,75,75,75,75],"card_choices":[{"not_picked":["Go for the Eyes","Stack"],"picked":"Defragment","floor":1},{"not_picked":["White Noise","Steam Power","Compile Driver"],"picked":"SKIP","floor":3},{"not_picked":["Sweeping Beam","Turbo"],"picked":"Creative AI","floor":8},{"not_picked":["Force Field","Steam Power"],"picked":"Self Repair","floor":10},{"not_picked":["Go for the Eyes","Ball Lightning","Consume"],"picked":"SKIP","floor":11},{"not_picked":["Coolheaded","Stack"],"picked":"Turbo","floor":12},{"not_picked":["Rip and Tear","Coolheaded","Rebound"],"picked":"SKIP","floor":13},{"not_picked":["Fission","Reboot"],"picked":"Creative AI","floor":16},{"not_picked":["Steam+1","Steam Power","Gash"],"picked":"SKIP","floor":18},{"not_picked":["Tempest","Go for the Eyes","Ball Lightning"],"picked":"SKIP","floor":20},{"not_picked":["Redo","Ball Lightning"],"picked":"Recycle+1","floor":24},{"not_picked":["Gash","Conserve Battery","Stack"],"picked":"SKIP","floor":25},{"not_picked":["Ball Lightning","Chaos","Barrage"],"picked":"SKIP","floor":28}],"player_experience":552780,"relics_obtained":[{"floor":8,"key":"CaptainsWheel"},{"floor":9,"key":"Bird Faced Urn"},{"floor":10,"key":"Orichalcum"},{"floor":25,"key":"CeramicFish"},{"floor":26,"key":"Tiny Chest"}],"event_choices":[{"damage_healed":0,"gold_gain":0,"player_choice":"Bought 2 Potions","damage_taken":0,"max_hp_gain":0,"max_hp_loss":0,"event_name":"The Woman in Blue","floor":2,"gold_loss":0},{"damage_healed":0,"gold_gain":0,"player_choice":"Entered Light","damage_taken":15,"max_hp_gain":0,"max_hp_loss":0,"event_name":"Shining Light","floor":4,"gold_loss":0,"cards_upgraded":["Defend_B","Zap"]},{"cards_removed":["Strike_B"],"damage_healed":0,"gold_gain":0,"player_choice":"Forget","damage_taken":0,"max_hp_gain":0,"max_hp_loss":0,"event_name":"Living Wall","floor":5,"gold_loss":0},{"damage_healed":0,"gold_gain":0,"player_choice":"Gave Potion","damage_taken":0,"relics_obtained":["Nunchaku"],"max_hp_gain":0,"max_hp_loss":0,"event_name":"WeMeetAgain","floor":7,"gold_loss":0},{"damage_healed":0,"gold_gain":75,"player_choice":"Gather Gold","damage_taken":11,"max_hp_gain":0,"max_hp_loss":0,"event_name":"World of Goop","floor":14,"gold_loss":0},{"damage_healed":0,"gold_gain":0,"player_choice":"Rummage","damage_taken":0,"relics_obtained":["WarpedTongs"],"max_hp_gain":0,"max_hp_loss":0,"event_name":"Accursed Blacksmith","floor":21,"gold_loss":0,"cards_obtained":["Pain"]}],"is_beta":false,"boss_relics":[{"not_picked":["Tiny House","Runic Pyramid"],"picked":"Coffee Dripper"}],"items_purged_floors":[19,22],"is_endless":false,"potions_floor_spawned":[1,3,8,13,16,18],"killed_by":"3 Cultists","ascension_level":5}}