{"host":"nzm1i0l8mrsm8hd2","time":1609145576,"event":{"mods":["Act Like it!","BaseMod","Better Third Choice","Conspire","Gensokyo","Minty Spire (QoL Compilation)","Pale of the Ancients","Quick Restart","RumiaBox-露米娅的神秘盒子","Spicy Shops","StSLib","The Dragon Tamer","TheWitcher","Wandering Minibosses","vexMod"],"gold_per_floor":[114,114,114,125,137,137,162,162,239,239,79,91,109,3,3,107,107,117,267,267,267],"floor_reached":19,"playtime":1275,"items_purged":[],"score":201,"play_id":"d25393da-44ce-45ae-acab-4ea7ed726bb6","local_time":"20201228165256","is_ascension_mode":true,"metric_token":983,"campfire_choices":[{"data":"DTMod:Training","floor":6.0,"key":"SMITH"},{"data":"DTMod:HeadStart","floor":8.0,"key":"SMITH"},{"floor":15.0,"key":"REST"}],"dtmod_dragon_data":[50,50,3,-1,6,0],"circlet_count":0,"master_deck":["DTMod:Strike","DTMod:Strike","DTMod:DoubleHit","DTMod:TargetDefense","DTMod:TargetDefense","DTMod:TargetDefense","DTMod:SwitchingTactic","DTMod:Adaptation","DTMod:PurifyingFlame","DTMod:Training+1","DTMod:HeadStart+1","DTMod:MagiciansMark+1","DTMod:MagiciansMark","DTMod:Threaten+1","DTMod:BalancedStrike","DTMod:Harmonize+1","DTMod:StunTrap","DTMod:LightShield+1","DTMod:ShadowImage+1","DTMod:Haste"],"relics":["DTMod:PactStone","Strawberry","Gensokyo:CelestialsFlawlessClothing","Baka2","Oddly Smooth Stone","Question Card","Gensokyo:PortableGap","Gensokyo:BookOfSpecters","vexMod:ImprovementManual","Dream Catcher"],"acts_visited":["Exordium","Gensokyo:Gensokyo"],"potions_floor_usage":[],"damage_taken":[{"damage":0.0,"enemies":"Gensokyo:3_Fairies","floor":1.0,"turns":4.0},{"damage":0.0,"enemies":"Gensokyo:Gryphon","floor":4.0,"turns":3.0},{"damage":0.0,"enemies":"Gensokyo:2_Kodama","floor":5.0,"turns":3.0},{"damage":0.0,"enemies":"Gensokyo:Cirno","floor":7.0,"turns":4.0},{"damage":0.0,"enemies":"Gensokyo:CorruptedTreant","floor":12.0,"turns":3.0},{"damage":0.0,"enemies":"Gensokyo:2_Rabbits","floor":13.0,"turns":2.0},{"damage":2.0,"enemies":"Gensokyo:Reimu","floor":16.0,"turns":8.0},{"damage":8,"enemies":"Gensokyo:AngelMirror","floor":18,"turns":4},{"damage":107,"enemies":"Gensokyo:CosmicMonolith","floor":19,"turns":6}],"seed_played":"6822281559789025817","potions_obtained":[{"floor":1.0,"key":"Weak Potion"},{"floor":7.0,"key":"SkillPotion"}],"is_trial":false,"path_per_floor":["M","?","?","M","M","R","E","R","T","?","?","M","M","COS","R","B",null,"M","M"],"character_chosen":"THE_DT","items_purchased":[],"campfire_rested":1,"item_purchase_floors":[],"current_hp_per_floor":[52,32,19,19,19,19,19,19,19,19,19,19,19,19,32,30,44,44,0,0,0],"gold":267,"neow_bonus":"RANDOM_COMMON_RELIC","is_daily":false,"chose_seed":false,"campfire_upgraded":2,"win_rate":0.0,"timestamp":1609145576,"path_taken":["M","?","?","?","M","R","E","R","T","?","?","M","M","COS","R","BOSS","M","M"],"items_purchased_type":[],"build_version":"2020-12-22","purchased_purges":0,"victory":false,"max_hp_per_floor":[52,52,52,52,52,52,52,52,52,47,47,47,44,44,44,44,44,44,44,44,44],"card_choices":[{"not_picked":["DTMod:HeatWave","DTMod:MagicField"],"picked":"DTMod:Adaptation","floor":1.0},{"not_picked":["DTMod:Astonish","DTMod:HeatWave"],"picked":"DTMod:PurifyingFlame","floor":4.0},{"not_picked":["DTMod:Astonish","DTMod:Feint"],"picked":"DTMod:Training","floor":5.0},{"not_picked":["DTMod:Adaptation","DTMod:FlameSlash"],"picked":"DTMod:HeadStart","floor":5.0},{"not_picked":["DTMod:GhostSkin","DTMod:Training"],"picked":"DTMod:MagiciansMark","floor":5.0},{"not_picked":["DTMod:LastStand","DTMod:Training"],"picked":"DTMod:MagiciansMark","floor":5.0},{"not_picked":["DTMod:GhostSkin","DTMod:BlazingStrike"],"picked":"DTMod:Threaten","floor":7.0},{"not_picked":["DTMod:BizarreTactic","DTMod:Adaptation","DTMod:Haste"],"picked":"DTMod:BalancedStrike","floor":12.0},{"not_picked":["DTMod:RunningTactic","DTMod:QuickFly","DTMod:Weaken","DTMod:Overwhelm"],"picked":"SKIP","floor":13.0},{"not_picked":["DTMod:EchoTactic","DTMod:RepeatStrike","DTMod:Prediction"],"picked":"DTMod:Harmonize","floor":16.0},{"not_picked":["DTMod:RepeatStrike","DTMod:ResonanceForm","DTMod:Multitask"],"picked":"DTMod:StunTrap","floor":16.0},{"not_picked":["DTMod:Safeguard","DTMod:Multitask","DTMod:Inferno"],"picked":"DTMod:LightShield","floor":16.0},{"not_picked":["DTMod:LightShield","DTMod:Outburst","DTMod:Prediction"],"picked":"DTMod:ShadowImage","floor":16.0},{"not_picked":["DTMod:GhostSkin+1","DTMod:BlazingStrike","DTMod:LastStand+1","DTMod:BurningForce"],"picked":"SKIP","floor":18}],"player_experience":569281,"relics_obtained":[{"floor":1.0,"key":"Baka"},{"floor":4.0,"key":"Baka2"},{"floor":7.0,"key":"Oddly Smooth Stone"},{"floor":9.0,"key":"Question Card"}],"event_choices":[],"is_beta":false,"boss_relics":[{"not_picked":["Calling Bell","DTMod:TheChair"],"picked":"vexMod:ImprovementManual"}],"items_purged_floors":[],"is_endless":false,"potions_floor_spawned":[1,7],"killed_by":"Gensokyo:CosmicMonolith","ascension_level":1}}