{"host":"ye7dkdlypz0ka1od","time":1609180278,"event":{"mods":["Act Like it!","Aspiration","BaseMod","Better Third Choice","Downfall","Gensokyo","Hallownest","Infinite Spire","Minty Spire (QoL Compilation)","StSLib","The Exalted"],"gold_per_floor":[99,111,111,125,225,225,225,243,243,260,170,2,2,21,39,138,138,138,153,163,163,221,221,293,293,293,293,351,406,406,406,462,606,606,606,656,163,163,218,218,245,304,304,53,107,257,257,257,314,457,457,457,457,494,494,494,494,518,571,583,595,607,719,764,386,432,771,783,795,987,1029,1041,1053,1091,1103,1040,1052,1064,1110,497,542,570,763,839,851,863,917,575,618,630,642,680,692,737,749,1039,1051,1120,1170,1370,1473,1485,1497,1554,1491,1548,1560,1572,1609,2721,2828,2725,2029,2097,2097,2208,2298,2467,2467,2317,2394,2472,1618,1890,1933,1933,2079,2079,2115,2172,2181,2181,2181,2246,2365,2365,2365,2451,2451,2451,1483,1483,1533,1590,1680,1373,1373,1427,1427,1488,1475,1549,1549,1562,750,750,739],"floor_reached":158,"playtime":9633,"items_purged":["Guardian:Strike_Guardian","Guardian:Defend_Guardian","Guardian:SentryBeam","Guardian:Defend_Guardian","Guardian:Defend_Guardian","Guardian:Defend_Guardian","Hallownest:curseDreamersLament","Clumsy","Guardian:FierceBash","Guardian:CompilePackage"],"score":4079,"play_id":"d0771770-5a7c-4600-a08f-4a26d5d09231","local_time":"20201228133118","is_ascension_mode":false,"campfire_choices":[{"data":"Guardian:CurlUp","floor":1.0,"key":"SMITH"},{"floor":6.0,"key":"REST"},{"data":"Guardian:Suspension","floor":18.0,"key":"SMITH"},{"data":"Guardian:DonusPower","floor":25.0,"key":"SMITH"},{"data":"Guardian:SpikerProtocol","floor":30.0,"key":"SMITH"},{"data":"Guardian:Orbwalk","floor":35.0,"key":"SMITH"},{"floor":40,"key":"REST"},{"data":"Guardian:Emergency","floor":43,"key":"SMITH"},{"data":"expansioncontent:CaCaw","floor":47,"key":"SMITH"},{"data":"Guardian:ExploitGems","floor":60,"key":"SMITH"},{"data":"Guardian:ExploitGems","floor":76,"key":"SMITH"},{"data":"Guardian:ExploitGems","floor":86,"key":"SMITH"},{"data":"infinitespire:Collect","floor":91,"key":"SMITH"},{"floor":93,"key":"REST"},{"data":"Guardian:PiercingHide","floor":97,"key":"SMITH"},{"floor":103,"key":"RECALL"},{"data":"Guardian:PrismaticBeam","floor":120,"key":"SMITH"},{"data":"Secret Technique","floor":128,"key":"SMITH"},{"data":"infinitespire:TheBestDefense","floor":132,"key":"SMITH"},{"data":"Guardian:PrismaticBeam","floor":137,"key":"SMITH"},{"data":"Guardian:RefractedBeam+1","floor":147,"key":"SMITH"},{"data":"Burst","floor":156,"key":"SMITH"}],"circlet_count":2,"master_deck":["Guardian:TwinSlam+1","Guardian:Suspension+1","Guardian:CrystalBeam","Guardian:Orbwalk+1","Guardian:DonusPower+1","Guardian:Recover","Guardian:TemporalShield","Guardian:BronzeOrb+1","Guardian:PiercingHide+1","infinitespire:Collect+1","Guardian:SpikerProtocol+1","Guardian:WalkerClaw+1","Guardian:PrismaticBeam+1","Guardian:MultiBeam+1","Guardian:Emergency+1","Guardian:ExploitGems+1","CurseOfTheBell","Guardian:Incinerate","Guardian:PrismaticBeam+1","Guardian:ExploitGems+1","Guardian:ExploitGems+1","Guardian:PiercingHide","Guardian:ShieldCharger+1","Guardian:RefractedBeam+2","Blur","Secret Technique+1","infinitespire:TheBestDefense+1","Guardian:VentSteam","Guardian:Planning+1","Burst+1","Guardian:Gem_Synthetic"],"relics":["Guardian:ModeShifter","White Beast Statue","Bromod:ArcaneEnergize","downfall:KnowingSkull","Guardian:StasisUpgradeRelic","Gremlin Horn","Juzu Bracelet","Empty Cage","Guardian:StasisUpgradeRelic","Matryoshka","Guardian:StasisEgg","CaptainsWheel","Vajra","Guardian:StasisCodex","Toy Ornithopter","infinitespire:Bottled Soul","Calling Bell","Guardian:DefensiveModeMoreBlock","Bromod:ArcaneAwakening","Bromod:ArcanePulse","aspiration:ArtOfWarUpgrade","Gensokyo:NagashiBinaDoll","Gensokyo:Justice","Bromod:ArcaneNullifier","MawBank","Strawberry","Guardian:BottledStasis","DollysMirror","Lantern","SlaversCollar","OrangePellets","Gensokyo:MosesMiracle","downfall:HeartBlessingBlue","infinitespire:WardingShard","Chemical X","ClockworkSouvenir","Sling","Blue Candle","Bromod:ArcaneAvenger","Bromod:ArcaneBarrier","aspiration:FetidBarrel","Ice Cream","Ancient Tea Set","infinitespire:EmpoweringShard","aspiration:SilentSkillbook","Hallownest:BankAccountRelic","Hallownest:DreamNailRelic","Hallownest:TeacherSealRelic","aspiration:TomeofQuesting","infinitespire:FocusingShard","Odd Mushroom","Pen Nib","Bag of Preparation","Darkstone Periapt","CeramicFish","Circlet","Centennial Puzzle","Black Star","downfall:HeartBlessingRed","downfall:HeartBlessingGreen","Prayer Wheel","Bottled Lightning","Happy Flower","Red Mask","Philosopher\u0027s Stone","infinitespire:Golems Mask","Pantograph","InkBottle","Whetstone","Bromod:ArcaneMomentum","StrikeDummy","Anchor","Bromod:ArcaneConsequence","aspiration:HiddenCompartment","Du-Vu Doll","Oddly Smooth Stone","Blood Vial","Meat on the Bone","TungstenRod","Thread and Needle","Bromod:ArcaneDeflection"],"acts_visited":["Exordium","TheCity","TheBeyond","TheBeyond","Gensokyo:Gensokyo","Gensokyo:Gensokyoer","Gensokyo:Gensokyoest","Hallownest:Greenpath","TheBeyond","TheEnding"],"potions_floor_usage":[45,49,50,50,50,64,66,67,71,74,79,81,82,83,87,89,94,94,98,99,100,106,114,116,117,118,121,122,125,129,130,134,135,138,144,145,148,150,151,152,152,152,154,157],"damage_taken":[{"damage":1.0,"enemies":"Jaw Worm","floor":2.0,"turns":4.0},{"damage":0.0,"enemies":"Small Slimes","floor":4.0,"turns":4.0},{"damage":50.0,"enemies":"downfall:LadyInBlue","floor":5.0,"turns":15.0},{"damage":8.0,"enemies":"infinitespire:Voidling","floor":8.0,"turns":3.0},{"damage":3.0,"enemies":"Lots of Slimes","floor":10.0,"turns":5.0},{"damage":10.0,"enemies":"downfall:FleeingMerchant","floor":11.0,"turns":4.0},{"damage":0.0,"enemies":"downfall:FleeingMerchant","floor":12.0,"turns":4.0},{"damage":10.0,"enemies":"Blue Slaver","floor":14.0,"turns":2.0},{"damage":2.0,"enemies":"Exordium Thugs","floor":15.0,"turns":3.0},{"damage":1.0,"enemies":"downfall:Watcher","floor":16.0,"turns":6.0},{"damage":0.0,"enemies":"3 Byrds","floor":19.0,"turns":6.0},{"damage":7.0,"enemies":"Snake Plant","floor":20.0,"turns":5.0},{"damage":3.0,"enemies":"Sentry and Sphere","floor":22.0,"turns":5.0},{"damage":3.0,"enemies":"Cultist and Chosen","floor":28.0,"turns":6.0},{"damage":4.0,"enemies":"Snake Plant","floor":29.0,"turns":3.0},{"damage":3.0,"enemies":"Snecko","floor":32.0,"turns":4.0},{"damage":28.0,"enemies":"downfall:Ironclad","floor":33.0,"turns":8.0},{"damage":10.0,"enemies":"3 Shapes","floor":36.0,"turns":4.0},{"damage":3.0,"enemies":"downfall:FleeingMerchant","floor":37.0,"turns":4.0},{"damage":6.0,"enemies":"infinitespire:Three Voidlings","floor":39.0,"turns":3.0},{"damage":26.0,"enemies":"Nightmare_Alpha","floor":39.0,"turns":8.0},{"damage":3,"enemies":"3 Darklings","floor":42,"turns":4},{"damage":15,"enemies":"downfall:FleeingMerchant","floor":44,"turns":3},{"damage":5,"enemies":"Jaw Worm Horde","floor":45,"turns":2},{"damage":3,"enemies":"Transient","floor":49,"turns":5},{"damage":52,"enemies":"downfall:Silent","floor":50,"turns":4},{"damage":5,"enemies":"Gensokyo:Gryphon","floor":54,"turns":2},{"damage":3,"enemies":"Gensokyo:3_Fairies","floor":59,"turns":2},{"damage":3,"enemies":"Gensokyo:2_Kodama","floor":64,"turns":2},{"damage":3,"enemies":"Gensokyo:5_Fairies","floor":66,"turns":3},{"damage":35,"enemies":"Gensokyo:Yukari","floor":67,"turns":8},{"damage":8,"enemies":"Gensokyo:Chomper","floor":70,"turns":3},{"damage":3,"enemies":"Gensokyo:3_Dogs","floor":71,"turns":2},{"damage":3,"enemies":"Gensokyo:Swordslinger","floor":74,"turns":3},{"damage":16,"enemies":"Gensokyo:Slime_Group","floor":79,"turns":3},{"damage":3,"enemies":"Gensokyo:3_Gloops","floor":81,"turns":3},{"damage":8,"enemies":"Gensokyo:Wraith","floor":82,"turns":4},{"damage":3,"enemies":"Gensokyo:Monolith_and_Dog","floor":83,"turns":3},{"damage":57,"enemies":"Gensokyo:Eternal_Rivals","floor":84,"turns":7},{"damage":3,"enemies":"Gensokyo:3_Boulders","floor":87,"turns":2},{"damage":4,"enemies":"Gensokyo:AncientGuardian","floor":89,"turns":3},{"damage":17,"enemies":"Gensokyo:Doremy","floor":94,"turns":4},{"damage":5,"enemies":"Gensokyo:Rafflesia","floor":96,"turns":3},{"damage":3,"enemies":"Gensokyo:4_Bats","floor":98,"turns":1},{"damage":3,"enemies":"Gensokyo:AtlasGolem","floor":99,"turns":3},{"damage":3,"enemies":"Gensokyo:Sharpion","floor":100,"turns":2},{"damage":5,"enemies":"Gensokyo:Shinki","floor":101,"turns":5},{"damage":3,"enemies":"Hallownest:2_MossCreeps","floor":104,"turns":1},{"damage":3,"enemies":"Hallownest:2_Baldur","floor":106,"turns":1},{"damage":6,"enemies":"Hallownest:eliteVengeflyKing","floor":111,"turns":2},{"damage":6,"enemies":"Nightmare","floor":114,"turns":4},{"damage":6,"enemies":"Hallownest:eliteVengeflyKing","floor":116,"turns":1},{"damage":6,"enemies":"Hallownest:monsterHuskGuard","floor":117,"turns":1},{"damage":7,"enemies":"Hallownest:BossBrokenVessel","floor":118,"turns":2},{"damage":6,"enemies":"Hallownest:Guard_and_Sentry","floor":121,"turns":1},{"damage":7,"enemies":"Hallownest:2_Mistakes","floor":122,"turns":2},{"damage":3,"enemies":"Hallownest:Master_and_Novice","floor":125,"turns":1},{"damage":6,"enemies":"Hallownest:Glutton_and_Coward","floor":127,"turns":1},{"damage":3,"enemies":"Hallownest:Warrior_and_Youth","floor":129,"turns":2},{"damage":3,"enemies":"Hallownest:monsterMisterMushroom","floor":130,"turns":1},{"damage":4,"enemies":"Hallownest:Glutton_and_Coward","floor":134,"turns":2},{"damage":3,"enemies":"Hallownest:BossGrimm","floor":135,"turns":2},{"damage":6,"enemies":"3 Shapes","floor":138,"turns":1},{"damage":3,"enemies":"3 Darklings","floor":144,"turns":1},{"damage":6,"enemies":"Nemesis","floor":145,"turns":3},{"damage":3,"enemies":"Maw","floor":148,"turns":2},{"damage":3,"enemies":"Giant Head","floor":150,"turns":1},{"damage":1,"enemies":"Transient","floor":151,"turns":2},{"damage":0,"enemies":"infinitespire:LordOfFortification","floor":152,"turns":3},{"damage":10,"enemies":"downfall:CharBossMerchant","floor":154,"turns":2},{"damage":0,"enemies":"downfall:NeowBoss","floor":157,"turns":10}],"seed_played":"4607802419090218149","potions_obtained":[{"floor":5.0,"key":"DistilledChaos"},{"floor":5.0,"key":"LiquidMemories"},{"floor":5.0,"key":"Guardian:StasisDiscoveryPotion"},{"floor":8.0,"key":"PowerPotion"},{"floor":10.0,"key":"Regen Potion"},{"floor":11.0,"key":"Guardian:AcceleratePotion"},{"floor":12.0,"key":"PowerPotion"},{"floor":14.0,"key":"Block Potion"},{"floor":15.0,"key":"GamblersBrew"},{"floor":16.0,"key":"SteroidPotion"},{"floor":19.0,"key":"Explosive Potion"},{"floor":20.0,"key":"DistilledChaos"},{"floor":22.0,"key":"Weak Potion"},{"floor":28.0,"key":"GamblersBrew"},{"floor":32.0,"key":"BlessingOfTheForge"},{"floor":33.0,"key":"ColorlessPotion"},{"floor":36.0,"key":"BlessingOfTheForge"},{"floor":37.0,"key":"Guardian:AcceleratePotion"},{"floor":39,"key":"EssenceOfSteel"},{"floor":42,"key":"Fire Potion"},{"floor":45,"key":"GamblersBrew"},{"floor":49,"key":"SteroidPotion"},{"floor":50,"key":"Strength Potion"},{"floor":54,"key":"Guardian:DefensiveModePotion"},{"floor":59,"key":"BlessingOfTheForge"},{"floor":64,"key":"BlessingOfTheForge"},{"floor":66,"key":"infinitespire:BlackPotion"},{"floor":67,"key":"Energy Potion"},{"floor":71,"key":"Block Potion"},{"floor":74,"key":"FearPotion"},{"floor":79,"key":"AttackPotion"},{"floor":81,"key":"DistilledChaos"},{"floor":82,"key":"PowerPotion"},{"floor":83,"key":"DuplicationPotion"},{"floor":87,"key":"SkillPotion"},{"floor":89,"key":"Regen Potion"},{"floor":94,"key":"Fruit Juice"},{"floor":96,"key":"SkillPotion"},{"floor":98,"key":"SpeedPotion"},{"floor":99,"key":"Explosive Potion"},{"floor":100,"key":"GamblersBrew"},{"floor":106,"key":"Dexterity Potion"},{"floor":114,"key":"DuplicationPotion"},{"floor":116,"key":"sneckomod:MuddlingPotion"},{"floor":117,"key":"GamblersBrew"},{"floor":118,"key":"Fire Potion"},{"floor":121,"key":"FearPotion"},{"floor":122,"key":"infinitespire:BlackPotion"},{"floor":125,"key":"LiquidBronze"},{"floor":127,"key":"champ:CounterPotion"},{"floor":129,"key":"Weak Potion"},{"floor":130,"key":"AttackPotion"},{"floor":134,"key":"Energy Potion"},{"floor":135,"key":"PowerPotion"},{"floor":138,"key":"Explosive Potion"},{"floor":144,"key":"Ancient Potion"},{"floor":145,"key":"Ancient Potion"},{"floor":148,"key":"CultistPotion"},{"floor":150,"key":"AttackPotion"},{"floor":151,"key":"SkillPotion"},{"floor":152,"key":"Guardian:BlockOnCardUsePotion"},{"floor":154,"key":"Guardian:DefensiveModePotion"},{"floor":157,"key":"LiquidMemories"}],"is_trial":false,"path_per_floor":["R","M","?","M","?","R","T","M","R","M","$","$","?","M","M","B",null,"R","M","M","?","M","AVR","T","R","?","?","M","M","R","?","M","B",null,"R","M","$","?","?","R","T","M","R","$","M","?","R","?","M","B",null,"R","?","M","AVR","?","?","T","M","R","?","R","?","M","COS","M","B",null,"R","M","M","AVR","?","M","T","R","?","R","M","COS","M","M","M","B",null,"R","M","COS","M","?","R","T","R","E","?","M","R","M","M","M","B",null,"R","M","?","M","?","?","T","?","E","?","$","NM","?","E","M","B",null,"R","M","M","$","?","M","T","M","R","M","M","?","R","?","M","B",null,"R","M","?","?","$","?","T","M","E","?","R","M","AVR","E","M","B",null,"E","$","R","B",null],"character_chosen":"GUARDIAN","items_purchased":["Guardian:Recover","Guardian:StasisUpgradeRelic","Matryoshka","Toy Ornithopter","expansioncontent:CaCaw","Guardian:ExploitGems","infinitespire:Bottled Soul","Guardian:RefractedBeam","Pen Nib","Bag of Preparation","Darkstone Periapt","Prayer Wheel","Bottled Lightning","Secret Technique","infinitespire:Golems Mask","Pantograph","InkBottle","Anchor","Bromod:ArcaneConsequence","TungstenRod","Thread and Needle","Bromod:ArcaneDeflection"],"campfire_rested":3,"item_purchase_floors":[12,37,37,44,44,44,44,113,113,113,113,123,123,123,141,141,141,146,146,155,155,155],"current_hp_per_floor":[80,79,73,73,23,47,47,39,39,36,40,40,40,30,28,27,80,80,80,73,65,62,62,62,62,62,62,59,55,55,55,52,24,80,80,70,67,67,35,59,59,56,56,41,41,41,41,41,43,6,80,80,80,75,75,75,75,75,72,72,70,70,70,73,73,76,47,87,87,79,82,82,82,85,85,96,90,90,77,77,80,78,81,24,90,90,90,90,89,53,53,53,81,92,92,87,87,90,93,95,90,95,95,92,92,95,95,95,95,95,89,89,89,89,89,89,89,88,95,95,95,94,94,94,95,95,89,89,92,95,72,72,72,74,77,95,95,95,85,85,85,85,85,88,88,88,88,91,91,94,95,95,95,91,91,91,95],"gold":739,"neow_bonus":"UPGRADE_CARD","is_daily":false,"chose_seed":false,"campfire_upgraded":18,"win_rate":0.0,"timestamp":1609180278,"path_taken":["R","M","?","M","?","R","T","M","R","?","?","$","?","M","M","BOSS","R","M","M","?","?","AVR","T","R","?","?","M","?","R","?","M","BOSS","R","M","$","?","?","R","T","M","R","?","M","?","R","?","M","BOSS","R","?","M","AVR","?","?","T","M","R","?","R","?","M","COS","M","BOSS","R","M","M","AVR","?","M","T","R","?","R","M","COS","M","M","M","BOSS","R","M","COS","M","?","R","T","R","E","?","M","R","M","M","M","BOSS","R","M","?","M","?","?","T","?","E","?","$","NM","?","E","M","BOSS","R","M","M","$","?","M","T","M","R","M","M","?","R","?","M","BOSS","R","M","?","?","$","?","T","M","E","?","R","M","AVR","E","M","BOSS","E","$","R","BOSS"],"items_purchased_type":["Card","Relic","Relic","Relic","Card","Card","Relic","Card","Relic","Relic","Relic","Relic","Relic","Card","Relic","Relic","Relic","Relic","Relic","Relic","Relic","Relic"],"build_version":"2020-12-22","purchased_purges":10,"victory":true,"max_hp_per_floor":[80,80,80,80,80,80,80,80,80,80,80,80,80,80,80,80,80,80,80,80,80,80,80,80,80,80,80,80,80,80,80,80,80,80,80,80,80,80,80,80,80,80,80,80,80,80,80,80,80,80,80,80,80,80,80,80,80,80,80,80,87,87,87,87,87,87,87,87,87,87,87,87,87,87,87,97,90,90,90,90,90,90,90,90,90,90,90,90,90,90,90,90,90,95,95,95,95,95,95,95,95,95,95,95,95,95,95,95,95,95,95,95,95,95,95,95,95,95,95,95,95,95,95,95,95,95,95,95,95,95,95,95,95,95,95,95,95,95,95,95,95,95,95,95,95,95,95,95,95,95,95,95,95,95,95,95,95],"card_choices":[{"not_picked":["Guardian:VentSteam","Guardian:Gem_Lightblue"],"picked":"Guardian:SentryBeam","floor":2.0},{"not_picked":["Guardian:FuturePlans","Guardian:EvasiveProtocol"],"picked":"Guardian:Suspension","floor":4.0},{"not_picked":["Guardian:FloatingOrbs","Guardian:Reroute"],"picked":"Guardian:CrystalBeam","floor":5.0},{"not_picked":["Guardian:TemporalStrike","Guardian:RefractedBeam"],"picked":"Guardian:Orbwalk","floor":8.0},{"not_picked":["Guardian:GemFire","Guardian:RollAttack"],"picked":"Guardian:DonusPower","floor":10.0},{"not_picked":["Guardian:Reroute","Guardian:EvasiveProtocol"],"picked":"Guardian:Gem_Blue","floor":11.0},{"not_picked":["Guardian:FloatingOrbs","Guardian:Gem_Red"],"picked":"Guardian:Gem_White","floor":12.0},{"not_picked":["Guardian:Suspension","Guardian:GuardianWhirl"],"picked":"Guardian:TemporalShield","floor":14.0},{"not_picked":["Guardian:Gem_Cyan","Guardian:RollAttack"],"picked":"Guardian:BronzeOrb","floor":15.0},{"not_picked":["Guardian:GatlingBeam","Guardian:GemFinder"],"picked":"Guardian:FierceBash","floor":16.0},{"not_picked":["Guardian:ChargeUp","Guardian:Gem_Red"],"picked":"Guardian:Recover","floor":19.0},{"not_picked":["Guardian:Recover+1","Guardian:Reroute"],"picked":"Guardian:PiercingHide","floor":20.0},{"not_picked":["Guardian:Gem_Red","Guardian:PrimingBeam"],"picked":"Guardian:Gem_White","floor":22.0},{"not_picked":["Guardian:Repulse","Guardian:Gem_Red"],"picked":"Guardian:SpikerProtocol","floor":28.0},{"not_picked":["Guardian:PrimingBeam","Guardian:Gem_Cyan"],"picked":"Guardian:WalkerClaw+1","floor":29.0},{"not_picked":["Guardian:DecasProtection","Guardian:Gem_Lightblue"],"picked":"Guardian:PrismaticBeam","floor":32.0},{"not_picked":["Guardian:StasisField","Guardian:ExploitGems"],"picked":"Guardian:Gem_Synthetic","floor":33.0},{"not_picked":["Guardian:Gem_Green","Guardian:Planning+1"],"picked":"Guardian:MultiBeam+1","floor":36.0},{"not_picked":["Guardian:RefractedBeam","Guardian:FuturePlans+1"],"picked":"Guardian:Emergency","floor":37.0},{"not_picked":["Guardian:MultiBeam","Guardian:Suspension+1"],"picked":"Guardian:Gem_Fragmented","floor":39},{"not_picked":["infinitespire:FinalStrike","infinitespire:SealOfDarkness+"],"picked":"infinitespire:Collect","floor":39},{"not_picked":["Guardian:VentSteam+1","Guardian:MultiBeam","Guardian:Planning"],"picked":"SKIP","floor":42},{"not_picked":["Guardian:ShieldCharger","Guardian:VentSteam"],"picked":"Guardian:Gem_Purple","floor":44},{"not_picked":["Guardian:Gem_Cyan","Guardian:GemFinder","Guardian:CrystalBeam+1"],"picked":"SKIP","floor":45},{"not_picked":["Guardian:DonusPower+1","Guardian:Recover+1","Guardian:FloatingOrbs"],"picked":"SKIP","floor":49},{"not_picked":["Guardian:GatlingBeam","Guardian:SphericShield"],"picked":"Guardian:CompilePackage","floor":50},{"not_picked":["Guardian:TemporalStrike","Guardian:Reroute"],"picked":"Guardian:Incinerate","floor":54},{"not_picked":["Guardian:Gem_Lightblue","Guardian:CrystalBeam"],"picked":"Guardian:Gem_Yellow","floor":59},{"not_picked":["Guardian:FloatingOrbs","Guardian:Orbwalk","Guardian:TemporalStrike"],"picked":"SKIP","floor":64},{"not_picked":["Guardian:WalkerClaw","Guardian:Gem_Cyan"],"picked":"Guardian:ExploitGems","floor":66},{"not_picked":["Guardian:CompilePackage","Guardian:FierceBash"],"picked":"Guardian:ExploitGems","floor":67},{"not_picked":["Guardian:SentryBeam","Guardian:Orbwalk","Guardian:CrystalBeam"],"picked":"SKIP","floor":70},{"not_picked":["Guardian:SentryBeam","Guardian:Orbwalk","Guardian:CrystalBeam"],"picked":"SKIP","floor":70},{"not_picked":["Guardian:Recover","Guardian:Gem_Lightblue","Guardian:PrimingBeam+1"],"picked":"SKIP","floor":71},{"not_picked":["Guardian:DonusPower","Guardian:DecasProtection+1"],"picked":"Guardian:PiercingHide","floor":74},{"not_picked":["Guardian:Gem_Cyan","Guardian:CompilePackage","Guardian:Gem_Lightblue"],"picked":"SKIP","floor":79},{"not_picked":["Guardian:Planning","Guardian:ChargeUp+1"],"picked":"Guardian:Gem_Green","floor":81},{"not_picked":["Guardian:GuardianWhirl","Guardian:TemporalShield","Guardian:Planning+1"],"picked":"SKIP","floor":82},{"not_picked":["Guardian:TemporalShield","Guardian:Gem_Cyan"],"picked":"Guardian:Gem_Yellow","floor":83},{"not_picked":["Guardian:PiercingHide+1","Guardian:Gem_Red","Guardian:WalkerClaw+1"],"picked":"SKIP","floor":87},{"not_picked":["Guardian:WalkerClaw","Guardian:Preprogram+1"],"picked":"Guardian:ShieldCharger+1","floor":89},{"not_picked":["Guardian:Suspension+1","Guardian:WalkerClaw"],"picked":"Guardian:Gem_White","floor":94},{"not_picked":["Guardian:AncientConstruct","Guardian:BaubleBeam"],"picked":"Guardian:Gem_Orange","floor":96},{"not_picked":["Guardian:DonusPower+1","Guardian:VentSteam","Guardian:PiercingHide"],"picked":"SKIP","floor":96},{"not_picked":["Guardian:Gem_Cyan","Guardian:ExploitGems"],"picked":"Guardian:Gem_White","floor":98},{"not_picked":["Guardian:CrystalBeam+1","Guardian:BronzeArmor+1","Guardian:Planning+1"],"picked":"SKIP","floor":99},{"not_picked":["Guardian:TimeCapacitor+1","Guardian:MultiBeam+1","Guardian:WalkerClaw+1"],"picked":"SKIP","floor":100},{"not_picked":["Bouncing Flask","Guardian:Planning","Guardian:TemporalShield","Dagger Spray"],"picked":"SKIP","floor":104},{"not_picked":["Guardian:RollAttack","Dodge and Roll","Guardian:Repulse","Guardian:Gem_Green"],"picked":"SKIP","floor":106},{"not_picked":["Dodge and Roll","Guardian:Incinerate","Dagger Spray","Guardian:Planning"],"picked":"SKIP","floor":111},{"not_picked":["Guardian:Repulse","Guardian:StasisField","Flechettes","Guardian:Emergency"],"picked":"SKIP","floor":114},{"not_picked":["Guardian:PiercingHide","Guardian:Gem_Lightblue","Guardian:Preprogram"],"picked":"Blur","floor":116},{"not_picked":["Slice","Acrobatics","Dagger Throw","Guardian:BronzeArmor"],"picked":"SKIP","floor":117},{"not_picked":["Bullet Time","Wraith Form v2","Guardian:HyperBeam_Guardian"],"picked":"Guardian:Gem_Orange","floor":118},{"not_picked":["Dagger Throw+1","Guardian:Gem_Red","Guardian:Harden","Guardian:VentSteam"],"picked":"SKIP","floor":121},{"not_picked":["Guardian:PolyBeam","Slice","Guardian:WalkerClaw+1","PiercingWail+1"],"picked":"SKIP","floor":122},{"not_picked":["Guardian:RollAttack","Guardian:PiercingHide","Prepared","Guardian:CrystalBeam"],"picked":"SKIP","floor":125},{"not_picked":["Guardian:Gem_Red","Guardian:DonusPower+1","Poisoned Stab","Dagger Spray+1"],"picked":"SKIP","floor":125},{"not_picked":["Dodge and Roll+1","Escape Plan","Guardian:SentryBeam","Sucker Punch"],"picked":"SKIP","floor":127},{"not_picked":["Guardian:VentSteam","Deflect+1","Guardian:PiercingHide+1","Guardian:Emergency"],"picked":"SKIP","floor":127},{"not_picked":["Outmaneuver","Guardian:ChargeCore+1","Calculated Gamble+1","Guardian:CrystalBeam"],"picked":"SKIP","floor":129},{"not_picked":["Finisher","Guardian:PolyBeam","Dagger Spray+1","A Thousand Cuts"],"picked":"SKIP","floor":129},{"not_picked":["Guardian:Gem_Yellow","Flying Knee+1","Guardian:Incinerate"],"picked":"Guardian:Gem_White","floor":130},{"not_picked":["Guardian:RollAttack","Deadly Poison+1","Underhanded Strike","Guardian:Gem_Fragmented"],"picked":"SKIP","floor":130},{"not_picked":["infinitespire:DeathsTouch","infinitespire:SevenWalls"],"picked":"infinitespire:TheBestDefense","floor":131},{"not_picked":["Guardian:Harden","Slice+1","Guardian:PrimingBeam","Guardian:TemporalStrike+1"],"picked":"SKIP","floor":134},{"not_picked":["Infinite Blades","Deadly Poison","Heel Hook","Guardian:PiercingHide"],"picked":"SKIP","floor":134},{"not_picked":["Guardian:ShieldCharger+1","Guardian:Gem_Blue","Dash","Accuracy+1"],"picked":"SKIP","floor":138},{"not_picked":["Guardian:Incinerate","Guardian:Gem_Lightblue","Heel Hook+1","Flying Knee"],"picked":"SKIP","floor":138},{"not_picked":["Guardian:Gem_Cyan","Flying Knee+1","Cloak And Dagger+1"],"picked":"Guardian:VentSteam","floor":144},{"not_picked":["Guardian:CrystalBeam","Dagger Spray","Acrobatics+1","Catalyst+1"],"picked":"SKIP","floor":144},{"not_picked":["Guardian:Gem_Green","Guardian:Planning","Poisoned Stab","Bane"],"picked":"SKIP","floor":145},{"not_picked":["Acrobatics","Guardian:Gem_Blue","Crippling Poison+1"],"picked":"Guardian:Gem_Yellow","floor":148},{"not_picked":["Blade Dance","Guardian:ChargeUp","Deflect+1"],"picked":"Guardian:Planning+1","floor":148},{"not_picked":["Malaise","Backflip+1","Backstab+1","Guardian:RollAttack"],"picked":"SKIP","floor":150},{"not_picked":["Dagger Spray+1","Distraction","Flying Knee+1","Guardian:Reroute"],"picked":"SKIP","floor":151},{"not_picked":["Guardian:Gem_Red","Slice+1","Guardian:TemporalStrike","Blade Dance+1"],"picked":"SKIP","floor":151},{"not_picked":["Guardian:BaubleBeam","aspiration:Lunge","Unload"],"picked":"Burst","floor":152},{"not_picked":["Flying Knee","Riddle With Holes","Guardian:Gem_Cyan","Sucker Punch+1"],"picked":"SKIP","floor":154},{"not_picked":["Adrenaline","Guardian:RevengeProtocol","Venomology"],"picked":"Guardian:Gem_Synthetic","floor":157}],"player_experience":1419859,"relics_obtained":[{"floor":5.0,"key":"White Beast Statue"},{"floor":7.0,"key":"Omamori"},{"floor":24.0,"key":"Gremlin Horn"},{"floor":41,"key":"Vajra"},{"floor":41,"key":"Guardian:StasisCodex"},{"floor":51,"key":"Guardian:DefensiveModeMoreBlock"},{"floor":51,"key":"Bromod:ArcaneAwakening"},{"floor":51,"key":"Bromod:ArcanePulse"},{"floor":58,"key":"Bromod:ArcaneNullifier"},{"floor":58,"key":"MawBank"},{"floor":81,"key":"Gensokyo:MosesMiracle"},{"floor":92,"key":"Ancient Tea Set"},{"floor":94,"key":"infinitespire:EmpoweringShard"},{"floor":109,"key":"aspiration:TomeofQuesting"},{"floor":111,"key":"infinitespire:FocusingShard"},{"floor":114,"key":"CeramicFish"},{"floor":116,"key":"Centennial Puzzle"},{"floor":126,"key":"Happy Flower"},{"floor":143,"key":"Whetstone"},{"floor":145,"key":"Bromod:ArcaneMomentum"},{"floor":145,"key":"StrikeDummy"},{"floor":150,"key":"Du-Vu Doll"},{"floor":150,"key":"Oddly Smooth Stone"},{"floor":154,"key":"Blood Vial"},{"floor":154,"key":"Meat on the Bone"}],"event_choices":[{"cards_removed":["Guardian:Strike_Guardian"],"damage_healed":0.0,"max_hp_gain":0.0,"max_hp_loss":0.0,"gold_gain":0.0,"event_name":"Purifier","player_choice":"Purged","floor":13.0,"gold_loss":0.0,"damage_taken":0.0},{"damage_healed":0.0,"max_hp_gain":0.0,"max_hp_loss":0.0,"gold_gain":0.0,"event_name":"Ghosts","player_choice":"Ignored","floor":26.0,"gold_loss":0.0,"damage_taken":0.0},{"damage_healed":0.0,"max_hp_gain":0.0,"max_hp_loss":0.0,"gold_gain":0.0,"event_name":"Addict","player_choice":"Stole Relic","floor":31.0,"gold_loss":0.0,"damage_taken":0.0,"relics_obtained":["Juzu Bracelet"],"cards_obtained":["Shame"]},{"damage_healed":0,"gold_gain":0,"player_choice":"Obtained Relic","damage_taken":0,"relics_obtained":["CaptainsWheel"],"max_hp_gain":0,"max_hp_loss":0,"event_name":"Addict","floor":39,"gold_loss":85},{"cards_removed":["expansioncontent:CaCaw"],"damage_healed":0,"gold_gain":0,"player_choice":"Purged","damage_taken":0,"max_hp_gain":0,"max_hp_loss":0,"event_name":"Purifier","floor":140,"gold_loss":0}],"is_beta":false,"boss_relics":[{"not_picked":["infinitespire:Cupcake","Guardian:ModeShifterPlus"],"picked":"Bromod:ArcaneEnergize"},{"not_picked":["Fusion Hammer","aspiration:RunicSpoon"],"picked":"Empty Cage"},{"not_picked":["Velvet Choker","Runic Pyramid"],"picked":"Calling Bell"},{"not_picked":["SacredBark","aspiration:IroncladSkillbook"],"picked":"SlaversCollar"},{"not_picked":["Astrolabe","aspiration:PoetsPen_weak"],"picked":"Bromod:ArcaneBarrier"},{"not_picked":["Cursed Key","Busted Crown"],"picked":"aspiration:SilentSkillbook"},{"not_picked":["Sozu","Coffee Dripper"],"picked":"Black Star"},{"not_picked":["Circlet","Circlet"],"picked":"Philosopher\u0027s Stone"},{"not_picked":["Circlet","Circlet"],"picked":"Circlet"}],"items_purged_floors":[11,12,23,37,55,72,113,123,141,149],"is_endless":true,"potions_floor_spawned":[8,10,11,12,14,15,16,19,20,22,28,29,32,33,36,37,39,39,42,44,45,49,50,54,59,64,66,67,70,71,74,79,81,82,83,84,87,89,94,96,98,99,100,101,104,106,111,114,116,117,118,121,122,125,127,129,130,134,135,138,144,145,148,150,151,152,154,157],"ascension_level":0}}