{"host":"6qo42zgaknezulyg","time":1609138365,"event":{"mods":["2.2 Compatiblity","BaseMod","Colored Map","Downfall","Highlight Path","Keyboard Shortcuts","Minty Spire (QoL Compilation)","Permanent Neow","Quick Restart","StSLib","SuperFastMode"],"gold_per_floor":[99,116,131,149,149,59,59,73,106,106,135,145,145,245,260,337,337,337,355,355,382,382,382,382,382,382,410,410,424,424,424,440,514,514,514,532,296,296,124,124,124,124,158,8,8,37,37,54,71,71],"floor_reached":51,"playtime":2158,"items_purged":["champ:Strike","champ:CrookedStrike"],"score":1317,"play_id":"04b807f3-1366-4618-87d5-86c591b84074","local_time":"20201228155245","is_ascension_mode":true,"campfire_choices":[{"data":"Apotheosis","floor":1.0,"key":"SMITH"},{"floor":13.0,"key":"REST"},{"data":"champ:SwordThrow","floor":18.0,"key":"SMITH"},{"floor":23.0,"key":"REST"},{"data":"champ:BerserkerStyle","floor":26.0,"key":"SMITH"},{"data":"Writhe","floor":28.0,"key":"PURGE"},{"floor":30.0,"key":"REST"},{"data":"champ:Strike","floor":35.0,"key":"PURGE"},{"data":"champ:ViciousMockery","floor":40.0,"key":"PURGE"},{"floor":42.0,"key":"RECALL"},{"data":"champ:Defend","floor":44.0,"key":"PURGE"}],"circlet_count":0,"master_deck":["AscendersBane","champ:Defend","champ:Defend","champ:Defend","champ:Execute","champ:Taunt","Apotheosis+1","champ:AdrenalArmor","champ:Aggression","champ:AdrenalArmor","champ:BerserkersShout","champ:DeathBlow","champ:SwordThrow+1","champ:BerserkerStyle+1","champ:Shatter","champ:GladiatorsShout","champ:HoldFirm","champ:RecklessLeap","champ:ViciousMockery+1","champ:ArenaPreparation","champ:Aggression"],"relics":["champ:ChampionCrown","StrikeDummy","Peace Pipe","WingedGreaves","Bronze Scales","sneckomod:SneckoTalon","Akabeko","Oddly Smooth Stone","champ:SpectersHand","Gremlin Horn","Prayer Wheel","Sozu","Toolbox","Pen Nib","Pear","downfall:HeartBlessingRed","downfall:HeartBlessingBlue","Lantern","hexamod:BolsterEngine"],"acts_visited":["Exordium","TheCity","TheBeyond"],"potions_floor_usage":[50,50],"damage_taken":[{"damage":7.0,"enemies":"Small Slimes","floor":2.0,"turns":4.0},{"damage":13.0,"enemies":"Jaw Worm","floor":3.0,"turns":5.0},{"damage":3.0,"enemies":"2 Louse","floor":4.0,"turns":3.0},{"damage":15.0,"enemies":"downfall:FleeingMerchant","floor":6.0,"turns":4.0},{"damage":12.0,"enemies":"Exordium Wildlife","floor":8.0,"turns":5.0},{"damage":26.0,"enemies":"Lagavulin","floor":9.0,"turns":6.0},{"damage":49.0,"enemies":"Gremlin Nob","floor":11.0,"turns":4.0},{"damage":26.0,"enemies":"Exordium Thugs","floor":12.0,"turns":6.0},{"damage":19.0,"enemies":"Exordium Wildlife","floor":15.0,"turns":2.0},{"damage":85.0,"enemies":"downfall:Ironclad","floor":16.0,"turns":9.0},{"damage":52.0,"enemies":"Chosen","floor":19.0,"turns":5.0},{"damage":42.0,"enemies":"Gremlin Leader","floor":27.0,"turns":3.0},{"damage":14.0,"enemies":"3 Byrds","floor":29.0,"turns":3.0},{"damage":62.0,"enemies":"Centurion and Healer","floor":32.0,"turns":6.0},{"damage":96.0,"enemies":"downfall:Defect","floor":33.0,"turns":7.0},{"damage":13.0,"enemies":"3 Shapes","floor":36.0,"turns":2.0},{"damage":53.0,"enemies":"downfall:FleeingMerchant","floor":37.0,"turns":4.0},{"damage":66.0,"enemies":"downfall:FleeingMerchant","floor":39.0,"turns":4.0},{"damage":92.0,"enemies":"Giant Head","floor":43.0,"turns":6.0},{"damage":40.0,"enemies":"downfall:FleeingMerchant","floor":46.0,"turns":2.0},{"damage":76,"enemies":"3 Darklings","floor":48,"turns":2},{"damage":71,"enemies":"Maw","floor":49,"turns":5},{"damage":134,"enemies":"downfall:Silent","floor":50,"turns":10}],"seed_played":"4654142373177163622","potions_obtained":[{"floor":4.0,"key":"PowerPotion"},{"floor":8.0,"key":"DistilledChaos"},{"floor":11.0,"key":"Strength Potion"},{"floor":27.0,"key":"BlessingOfTheForge"},{"floor":32.0,"key":"Strength Potion"}],"is_trial":false,"path_per_floor":["R","M","M","M","?","$","T","M","E","?","E","M","R","?","M","B",null,"R","M","?","T","?","R","T","T","R","E","R","M","R","?","M","B",null,"R","M","$","?","$","R","T","R","E","R","?","$","?","M","M","B",null],"character_chosen":"THE_CHAMP","items_purchased":["champ:RecklessLeap","Toolbox","Pen Nib","Lantern","champ:ArenaPreparation"],"campfire_rested":3,"item_purchase_floors":[37,37,39,46,46],"current_hp_per_floor":[73,71,71,68,63,63,63,63,55,60,41,34,57,57,56,35,67,67,49,49,49,49,72,72,72,72,50,50,50,73,73,65,36,68,68,67,67,67,67,67,67,67,77,87,87,87,87,85,90,90],"gold":71,"neow_bonus":"RANDOM_COLORLESS_2","is_daily":false,"chose_seed":false,"campfire_upgraded":3,"win_rate":0.0,"timestamp":1609138365,"path_taken":["R","M","M","M","?","$","T","M","E","?","E","M","R","?","M","BOSS","R","M","?","?","?","R","T","?","R","E","R","?","R","?","M","BOSS","R","M","$","?","$","R","T","R","E","R","?","?","?","M","M","BOSS"],"items_purchased_type":["Card","Relic","Relic","Relic","Card"],"build_version":"2020-12-22","purchased_purges":2,"victory":true,"max_hp_per_floor":[73,73,73,73,73,73,73,73,73,78,78,78,78,78,78,78,78,78,78,78,78,78,78,78,78,78,78,78,78,78,78,78,78,78,78,78,78,78,78,78,78,78,88,98,98,98,98,98,98,98],"card_choices":[{"not_picked":["Transmutation","Chrysalis"],"picked":"Apotheosis","floor":0.0},{"not_picked":["champ:DefensiveShout","champ:EnragedBash"],"picked":"champ:AdrenalArmor","floor":2.0},{"not_picked":["champ:FanOfKnives","champ:TornadoPunch","champ:FalseCounter"],"picked":"SKIP","floor":3.0},{"not_picked":["champ:BladeFlurry","champ:FlashCut"],"picked":"champ:Aggression","floor":4.0},{"not_picked":["champ:BladeFlurry","champ:BringItOn","champ:RageSigil"],"picked":"SKIP","floor":6.0},{"not_picked":["champ:PerfectForm","champ:PerfectedStrike"],"picked":"champ:AdrenalArmor","floor":8.0},{"not_picked":["champ:HeartStrike","champ:EndlessRage"],"picked":"champ:BerserkersShout","floor":9.0},{"not_picked":["champ:Duel","champ:BringItOn"],"picked":"champ:ViciousMockery","floor":11.0},{"not_picked":["champ:Circumvent","champ:BladeFlurry"],"picked":"champ:DeathBlow","floor":12.0},{"not_picked":["champ:AdrenalArmor","champ:RageSigil"],"picked":"champ:CrookedStrike","floor":15.0},{"not_picked":["champ:EnchantCrown","champ:HeavySlash"],"picked":"champ:SwordThrow","floor":16.0},{"not_picked":["champ:GladiatorsShout","champ:BringItOn","champ:ShieldSigil"],"picked":"SKIP","floor":19.0},{"not_picked":["champ:Circumvent","champ:Haymaker","champ:BladeFlurry"],"picked":"SKIP","floor":27.0},{"not_picked":["champ:DefensiveStyle","champ:FlashCut"],"picked":"champ:Shatter","floor":29.0},{"not_picked":["champ:Haymaker","champ:DefensiveStyle","champ:TornadoPunch"],"picked":"SKIP","floor":29.0},{"not_picked":["champ:CrookedStrike","champ:Lariat","champ:PerfectedStrike"],"picked":"SKIP","floor":32.0},{"not_picked":["champ:RisingSlash","champ:BerserkersShout","champ:FalseCounter"],"picked":"SKIP","floor":32.0},{"not_picked":["champ:IgnorePain","champ:Devastate"],"picked":"champ:HoldFirm","floor":33.0},{"not_picked":["champ:SwordSigil","champ:Circumvent+1","champ:StanceDance"],"picked":"SKIP","floor":36.0},{"not_picked":["champ:HeartStrike+1","champ:BerserkersShout","champ:Shatter"],"picked":"SKIP","floor":36.0},{"not_picked":["champ:CrownThrow","champ:PerfectedStrike","champ:BringItOn"],"picked":"SKIP","floor":37.0},{"not_picked":["champ:FalseCounter","champ:HeartStrike"],"picked":"champ:ViciousMockery+1","floor":39.0},{"not_picked":["champ:PerfectForm","champ:BringItOn","champ:Circumvent"],"picked":"SKIP","floor":43.0},{"not_picked":["champ:Shatter+1","champ:ShieldSigil","champ:Backstep+1"],"picked":"SKIP","floor":46.0},{"not_picked":["champ:ShieldSigil","champ:GladiatorsShout","champ:MurderStrike"],"picked":"SKIP","floor":48},{"not_picked":["champ:RisingSlash","champ:RageSigil","champ:SkillfulDodge"],"picked":"SKIP","floor":48},{"not_picked":["champ:GladiatorStyle","champ:ViciousMockery"],"picked":"champ:Aggression","floor":49},{"not_picked":["champ:BerserkersShout+1","champ:PerfectedStrike+1","champ:FocusedBerserking"],"picked":"SKIP","floor":49}],"player_experience":1075225,"relics_obtained":[{"floor":7.0,"key":"Peace Pipe"},{"floor":9.0,"key":"WingedGreaves"},{"floor":11.0,"key":"Bronze Scales"},{"floor":21.0,"key":"Oddly Smooth Stone"},{"floor":24.0,"key":"champ:SpectersHand"},{"floor":25.0,"key":"Gremlin Horn"},{"floor":27.0,"key":"Prayer Wheel"},{"floor":43.0,"key":"Pear"},{"floor":47,"key":"hexamod:BolsterEngine"}],"event_choices":[{"damage_healed":0.0,"max_hp_gain":0.0,"max_hp_loss":0.0,"gold_gain":0.0,"event_name":"Scrap Ooze","player_choice":"Success","floor":5.0,"gold_loss":0.0,"damage_taken":5.0,"relics_obtained":["StrikeDummy"]},{"damage_healed":0.0,"max_hp_gain":5.0,"max_hp_loss":0.0,"gold_gain":0.0,"event_name":"Big Fish","player_choice":"Donut","floor":10.0,"gold_loss":0.0,"damage_taken":0.0},{"damage_healed":0.0,"max_hp_gain":0.0,"max_hp_loss":0.0,"gold_gain":0.0,"event_name":"The Library","player_choice":"Read","floor":22.0,"gold_loss":0.0,"damage_taken":0.0,"cards_obtained":["champ:BerserkerStyle"]},{"damage_healed":0.0,"max_hp_gain":0.0,"max_hp_loss":0.0,"gold_gain":0.0,"cards_transformed":["champ:Strike","champ:Strike"],"event_name":"Drug Dealer","player_choice":"Became Test Subject","floor":31.0,"gold_loss":0.0,"damage_taken":0.0,"cards_obtained":["champ:BerserkerStyle","champ:GladiatorsShout"]},{"cards_removed":["champ:BerserkerStyle"],"damage_healed":0.0,"max_hp_gain":0.0,"max_hp_loss":0.0,"gold_gain":0.0,"event_name":"Falling","player_choice":"Removed Power","floor":45.0,"gold_loss":0.0,"damage_taken":0.0}],"is_beta":false,"boss_relics":[{"not_picked":["Busted Crown","Coffee Dripper"],"picked":"sneckomod:SneckoTalon"},{"not_picked":["Pandora\u0027s Box","champ:PowerArmor"],"picked":"Sozu"}],"items_purged_floors":[6,46],"is_endless":false,"potions_floor_spawned":[4,8,11,15,27,32,43,48,49],"ascension_level":15}}