{"host":"aeidq2c3auzxo1yh","time":1609151365,"event":{"mods":["AchievementEnabler","BaseMod","Colored Map","Colored Powertips","Minty Spire (QoL Compilation)","Relic Stats","StSLib"],"gold_per_floor":[119,194,194,5,5,16,36,65,65,65,65,98,98,148,148,253,253,266,278,45,45,61,61,61,61],"floor_reached":24,"playtime":1521,"items_purged":["Strike_B"],"score":307,"play_id":"e3de4723-1bad-4202-b3ba-368c23ac84a6","local_time":"20201228152925","is_ascension_mode":true,"campfire_choices":[{"data":"Apotheosis","floor":11,"key":"SMITH"},{"floor":13,"key":"REST"},{"data":"Creative AI","floor":15,"key":"SMITH"},{"floor":23,"key":"REST"}],"circlet_count":0,"master_deck":["Strike_B","Strike_B","Defend_B","Defend_B","Defend_B","Zap","Dualcast","Cold Snap","Apotheosis+1","Redo","Conserve Battery","Fusion","Creative AI+1","Coolheaded","Ball Lightning","Electrodynamics","Sweeping Beam","Genetic Algorithm+1","Consume","Capacitor"],"relics":["Cracked Core","Pear","White Beast Statue","Matryoshka","Shuriken","Lantern","Inserter"],"acts_visited":["Exordium","TheCity"],"potions_floor_usage":[12,12,14,18,18,24,24,24],"damage_taken":[{"damage":4,"enemies":"Jaw Worm","floor":1,"turns":4},{"damage":4,"enemies":"2 Louse","floor":6,"turns":3},{"damage":0,"enemies":"Small Slimes","floor":7,"turns":3},{"damage":4,"enemies":"Lagavulin","floor":8,"turns":6},{"damage":31,"enemies":"Gremlin Nob","floor":12,"turns":5},{"damage":21,"enemies":"3 Sentries","floor":14,"turns":8},{"damage":4,"enemies":"Hexaghost","floor":16,"turns":9},{"damage":21,"enemies":"2 Thieves","floor":18,"turns":4},{"damage":6,"enemies":"Shell Parasite","floor":19,"turns":6},{"damage":40,"enemies":"Snake Plant","floor":22,"turns":4},{"damage":34,"enemies":"Slavers","floor":24,"turns":1}],"seed_played":"-2874189104932864241","potions_obtained":[{"floor":6,"key":"SpeedPotion"},{"floor":7,"key":"Fire Potion"},{"floor":12,"key":"ColorlessPotion"},{"floor":14,"key":"Weak Potion"},{"floor":16,"key":"BlessingOfTheForge"},{"floor":18,"key":"CultistPotion"},{"floor":19,"key":"Fire Potion"},{"floor":22,"key":"Ancient Potion"}],"is_trial":false,"path_per_floor":["M","?","?","$","?","M","M","E","T","T","R","E","R","E","R","B",null,"M","M","$","?","M","R","E"],"character_chosen":"DEFECT","items_purchased":["Apotheosis","Redo","Consume","Capacitor"],"campfire_rested":2,"item_purchase_floors":[4,4,20,20],"current_hp_per_floor":[64,53,53,53,46,42,42,48,48,48,48,17,42,21,21,17,68,47,41,41,41,1,26,0,0],"gold":61,"neow_bonus":"REMOVE_CARD","is_daily":false,"chose_seed":false,"campfire_upgraded":2,"win_rate":0.0,"timestamp":1609151365,"path_taken":["M","?","?","$","?","M","M","E","T","?","R","E","R","E","R","BOSS","M","M","$","?","M","R","E"],"items_purchased_type":["Card","Card","Card","Card"],"build_version":"2020-12-22","purchased_purges":1,"victory":false,"max_hp_per_floor":[75,75,75,75,75,75,75,85,85,85,85,85,85,85,85,85,85,85,85,85,85,85,85,85,85],"relic_stats":{"Inserter":[7],"counters":[11,53],"Shuriken":[3],"obtain_stats":[{"Lantern":14,"Pear":8,"Matryoshka":10,"Inserter":17,"Shuriken":12,"Cracked Core":0,"White Beast Statue":9},{"Lantern":6,"Pear":4,"Matryoshka":4,"Inserter":7,"Shuriken":5,"Cracked Core":0,"White Beast Statue":4},{"Lantern":29,"Pear":16,"Matryoshka":16,"Inserter":38,"Shuriken":21,"Cracked Core":0,"White Beast Statue":16}]},"card_choices":[{"not_picked":["Beam Cell","Reinforced Body"],"picked":"Cold Snap","floor":1},{"not_picked":["Capacitor","Beam Cell"],"picked":"Conserve Battery","floor":6},{"not_picked":["Sunder","Sweeping Beam"],"picked":"Fusion","floor":7},{"not_picked":["Glacier","Hologram"],"picked":"Creative AI","floor":8},{"not_picked":["Cold Snap","Fusion"],"picked":"Coolheaded","floor":12},{"not_picked":["Rebound","Scrape"],"picked":"Ball Lightning","floor":14},{"not_picked":["All For One","Buffer"],"picked":"Electrodynamics","floor":16},{"not_picked":["Glacier+1","Coolheaded"],"picked":"Sweeping Beam","floor":18},{"not_picked":["Gash","Coolheaded"],"picked":"Genetic Algorithm+1","floor":19},{"not_picked":["Reprogram","Recycle+1","Turbo"],"picked":"SKIP","floor":22}],"player_experience":874299,"relics_obtained":[{"floor":8,"key":"Pear"},{"floor":9,"key":"White Beast Statue"},{"floor":10,"key":"Matryoshka"},{"floor":12,"key":"Shuriken"},{"floor":14,"key":"Lantern"}],"event_choices":[{"damage_healed":0,"gold_gain":75,"player_choice":"Gather Gold","damage_taken":11,"max_hp_gain":0,"max_hp_loss":0,"event_name":"World of Goop","floor":2,"gold_loss":0},{"damage_healed":0,"gold_gain":0,"player_choice":"Leave","damage_taken":0,"max_hp_gain":0,"max_hp_loss":0,"event_name":"The Cleric","floor":3,"gold_loss":0},{"cards_removed":["Defend_B"],"damage_healed":0,"gold_gain":0,"player_choice":"Card Removal","damage_taken":7,"max_hp_gain":0,"max_hp_loss":0,"event_name":"Golden Wing","floor":5,"gold_loss":0},{"damage_healed":0,"gold_gain":0,"player_choice":"Ignored","damage_taken":0,"max_hp_gain":0,"max_hp_loss":0,"event_name":"Ghosts","floor":21,"gold_loss":0}],"is_beta":false,"boss_relics":[{"not_picked":["Nuclear Battery","Pandora\u0027s Box"],"picked":"Inserter"}],"items_purged_floors":[20],"is_endless":false,"potions_floor_spawned":[6,7,12,14,16,18,19,22],"killed_by":"Slavers","ascension_level":9}}