{"host":"gkh5j5k5w4qf7k7n","time":1609159539,"event":{"mods":["2.2 Compatiblity","AchievementEnabler","BaseMod","Colored Map","Colored Powertips","GifTheSpireLib","Keyboard Shortcuts","Minty Spire (QoL Compilation)","Quick Restart","StSLib","SuperFastMode","The Construct","The Problem Sleuth","¡¼?Úª?ø«¡½REMEMod"],"gold_per_floor":[115,127,302,252,272,272,272,283,353,353,121,178,78,108,108,206,206,218,93,106,106,126,126,126,126],"floor_reached":23,"playtime":1047,"items_purged":["theSleuth:Strike","theSleuth:Strike","theSleuth:Strike"],"score":448,"play_id":"983df0d2-b5b4-4f9e-8b8d-b0642d00a47d","local_time":"20201228214539","is_ascension_mode":true,"campfire_choices":[{"data":"Apotheosis","floor":6.0,"key":"SMITH"},{"data":"theSleuth:TakeInventory","floor":10.0,"key":"SMITH"},{"floor":15.0,"key":"RECALL"}],"circlet_count":0,"master_deck":["AscendersBane","theSleuth:Defend","theSleuth:Defend","theSleuth:KeyHandgun","theSleuth:TakeInventory+1","theSleuth:Diplomacy","Apotheosis+1","theSleuth:ThinkAhead","theSleuth:WizardSudoku","Flash of Steel","theSleuth:HeroBust"],"relics":["theSleuth:Typewriter","REME_ComplimentaryCards","Oddly Smooth Stone","Frozen Egg 2","Sozu"],"acts_visited":["Exordium","TheCity"],"potions_floor_usage":[23,23],"damage_taken":[{"damage":4.0,"enemies":"Jaw Worm","floor":1.0,"turns":4.0},{"damage":0.0,"enemies":"Small Slimes","floor":2.0,"turns":3.0},{"damage":4.0,"enemies":"2 Louse","floor":5.0,"turns":3.0},{"damage":17.0,"enemies":"Gremlin Gang","floor":8.0,"turns":9.0},{"damage":0.0,"enemies":"Lagavulin Event","floor":12.0,"turns":3.0},{"damage":0.0,"enemies":"Gremlin Nob","floor":14.0,"turns":5.0},{"damage":0.0,"enemies":"Slime Boss","floor":16.0,"turns":4.0},{"damage":0.0,"enemies":"3 Byrds","floor":18.0,"turns":3.0},{"damage":0.0,"enemies":"Spheric Guardian","floor":20.0,"turns":2.0},{"damage":0.0,"enemies":"Cultist and Chosen","floor":22.0,"turns":2.0},{"damage":90,"enemies":"Slavers","floor":23,"turns":10}],"seed_played":"-5109774608840309194","potions_obtained":[{"floor":8.0,"key":"Ancient Potion"},{"floor":12.0,"key":"SkillPotion"},{"floor":14.0,"key":"SteroidPotion"},{"floor":16.0,"key":"FearPotion"}],"is_trial":false,"path_per_floor":["M","M","?","?","M","R","?","M","T","R","$","?","$","E","R","B",null,"M","$","M","?","M","E"],"character_chosen":"THE_sleuth","items_purchased":["Flash of Steel","theSleuth:HeroBust"],"campfire_rested":0,"item_purchase_floors":[11,11],"current_hp_per_floor":[69,69,69,69,65,65,65,48,48,48,48,48,48,48,48,48,72,72,72,72,72,72,0,0,0],"gold":126,"neow_bonus":"TEN_PERCENT_HP_BONUS","is_daily":false,"chose_seed":false,"campfire_upgraded":2,"win_rate":0.0,"timestamp":1609159539,"path_taken":["M","M","?","?","M","R","?","M","T","R","$","?","$","E","R","BOSS","M","$","M","?","M","E"],"items_purchased_type":["Card","Card"],"build_version":"2020-12-22","purchased_purges":3,"victory":false,"max_hp_per_floor":[80,80,80,80,80,80,80,80,80,80,80,80,80,80,80,80,80,80,80,80,80,80,80,80,80],"card_choices":[{"not_picked":["theSleuth:Tootshotgun","theSleuth:TruffleShuffle","theSleuth:WeighIn"],"picked":"SKIP","floor":1.0},{"not_picked":["theSleuth:Ignore","theSleuth:VictoryPose","theSleuth:CharismaBlast"],"picked":"SKIP","floor":2.0},{"not_picked":["theSleuth:TripleScuffle","theSleuth:WizardSudoku"],"picked":"theSleuth:ThinkAhead","floor":5.0},{"not_picked":["theSleuth:Treaty","theSleuth:Ogle"],"picked":"theSleuth:WizardSudoku","floor":8.0},{"not_picked":["theSleuth:VictoryPose","theSleuth:TruffleShuffle","theSleuth:ClubClubClub"],"picked":"SKIP","floor":14.0},{"not_picked":["theSleuth:ThinkAhead+1","theSleuth:DiamondArmor","theSleuth:Pepperminthryl"],"picked":"SKIP","floor":18.0},{"not_picked":["theSleuth:FoolPlate+1","theSleuth:Appropriate","theSleuth:Unscale"],"picked":"SKIP","floor":20.0},{"not_picked":["theSleuth:Ignore","theSleuth:KeyringTommygun","theSleuth:Unscale+1"],"picked":"SKIP","floor":22.0}],"player_experience":934837,"relics_obtained":[{"floor":12.0,"key":"Oddly Smooth Stone"},{"floor":14.0,"key":"Frozen Egg 2"}],"event_choices":[{"damage_healed":0.0,"max_hp_gain":0.0,"max_hp_loss":0.0,"gold_gain":175.0,"event_name":"Liars Game","player_choice":"AGREE","floor":3.0,"gold_loss":0.0,"damage_taken":0.0,"cards_obtained":["Doubt"]},{"cards_removed":["Doubt"],"damage_healed":0.0,"max_hp_gain":0.0,"max_hp_loss":0.0,"gold_gain":0.0,"event_name":"The Cleric","player_choice":"Card Removal","floor":4.0,"gold_loss":50.0,"damage_taken":0.0},{"cards_removed":["theSleuth:Strike"],"damage_healed":0.0,"max_hp_gain":0.0,"max_hp_loss":0.0,"gold_gain":0.0,"event_name":"Living Wall","player_choice":"Forget","floor":7.0,"gold_loss":0.0,"damage_taken":0.0},{"damage_healed":0.0,"max_hp_gain":0.0,"max_hp_loss":0.0,"gold_gain":30.0,"event_name":"Dead Adventurer","player_choice":"Searched \u00272\u0027 times","floor":12.0,"gold_loss":0.0,"damage_taken":0.0},{"cards_removed":["theSleuth:Defend"],"damage_healed":0.0,"max_hp_gain":0.0,"max_hp_loss":0.0,"gold_gain":0.0,"event_name":"Back to Basics","player_choice":"Elegance","floor":21.0,"gold_loss":0.0,"damage_taken":0.0}],"is_beta":false,"boss_relics":[{"not_picked":["SacredBark","Tiny House"],"picked":"Sozu"}],"items_purged_floors":[11,13,19],"is_endless":false,"potions_floor_spawned":[8,12,14,16,20],"killed_by":"Slavers","ascension_level":11}}