{"host":"hfxp6ue4pvwo3fit","time":1609125705,"event":{"mods":["AchievementEnabler","BaseMod","Colored Map","Colored Powertips","Highlight Path","Minty Spire (QoL Compilation)","StSLib","SuperFastMode"],"gold_per_floor":[113,113,78,94,109,144,144,170,239,36,36,60,60,85,85,85,85],"floor_reached":16,"playtime":462,"items_purged":[],"score":232,"play_id":"5829db67-7517-4d95-b130-19352c7c6564","local_time":"20201227212145","is_ascension_mode":true,"campfire_choices":[{"data":"Wraith Form v2","floor":7,"key":"SMITH"},{"floor":13,"key":"REST"},{"data":"Well Laid Plans","floor":15,"key":"SMITH"}],"circlet_count":0,"master_deck":["AscendersBane","Strike_G","Strike_G","Strike_G","Strike_G","Strike_G","Defend_G","Defend_G","Defend_G+1","Defend_G+1","Defend_G","Survivor+1","Neutralize","Poisoned Stab+1","Die Die Die","Quick Slash","Wraith Form v2+1","Deadly Poison","Well Laid Plans+1","Dash"],"relics":["Sozu","Du-Vu Doll","War Paint","Ornamental Fan","TwistedFunnel","Omamori","Odd Mushroom","Nunchaku"],"acts_visited":["Exordium"],"potions_floor_usage":[],"damage_taken":[{"damage":0,"enemies":"2 Louse","floor":1,"turns":2},{"damage":4,"enemies":"Jaw Worm","floor":4,"turns":4},{"damage":0,"enemies":"Small Slimes","floor":5,"turns":2},{"damage":24,"enemies":"3 Sentries","floor":6,"turns":9},{"damage":1,"enemies":"Gremlin Nob","floor":8,"turns":4},{"damage":8,"enemies":"The Mushroom Lair","floor":12,"turns":3},{"damage":8,"enemies":"3 Sentries","floor":14,"turns":6},{"damage":28,"enemies":"The Guardian","floor":16,"turns":8}],"seed_played":"-807752625424628047","potions_obtained":[],"is_trial":false,"path_per_floor":["M","?","?","M","M","E","R","E","T","$","?","?","R","E","R","B"],"character_chosen":"THE_SILENT","items_purchased":["TwistedFunnel","Well Laid Plans"],"campfire_rested":1,"item_purchase_floors":[10,10],"current_hp_per_floor":[59,39,55,51,51,27,27,26,26,26,21,13,32,24,24,0,0],"gold":85,"neow_bonus":"BOSS_RELIC","is_daily":false,"chose_seed":false,"campfire_upgraded":2,"win_rate":0.0,"timestamp":1609125705,"path_taken":["M","?","?","M","M","E","R","E","T","$","?","?","R","E","R","BOSS"],"items_purchased_type":["Relic","Card"],"build_version":"2020-12-22","purchased_purges":0,"victory":false,"max_hp_per_floor":[66,66,66,66,66,66,66,66,66,66,66,66,66,66,66,66,66],"card_choices":[{"not_picked":["Accuracy","Dodge and Roll"],"picked":"Poisoned Stab","floor":1},{"not_picked":["Dagger Throw","PiercingWail"],"picked":"Die Die Die","floor":4},{"not_picked":["Expertise","Backflip"],"picked":"Quick Slash","floor":5},{"not_picked":["Slice","Sucker Punch"],"picked":"Wraith Form v2","floor":6},{"not_picked":["Heel Hook","Calculated Gamble"],"picked":"Deadly Poison","floor":8},{"not_picked":["Leg Sweep","Prepared"],"picked":"Dash","floor":14}],"player_experience":442225,"relics_obtained":[{"floor":6,"key":"Du-Vu Doll"},{"floor":8,"key":"War Paint"},{"floor":9,"key":"Ornamental Fan"},{"floor":12,"key":"Odd Mushroom"},{"floor":14,"key":"Nunchaku"}],"event_choices":[{"damage_healed":0,"gold_gain":0,"player_choice":"Entered Light","damage_taken":20,"max_hp_gain":0,"max_hp_loss":0,"event_name":"Shining Light","floor":2,"gold_loss":0,"cards_upgraded":["Poisoned Stab","Defend_G"]},{"damage_healed":16,"gold_gain":0,"player_choice":"Healed","damage_taken":0,"max_hp_gain":0,"max_hp_loss":0,"event_name":"The Cleric","floor":3,"gold_loss":35},{"damage_healed":0,"gold_gain":0,"player_choice":"Success","damage_taken":5,"relics_obtained":["Omamori"],"max_hp_gain":0,"max_hp_loss":0,"event_name":"Scrap Ooze","floor":11,"gold_loss":0},{"damage_healed":0,"gold_gain":0,"player_choice":"Fought Mushrooms","damage_taken":0,"max_hp_gain":0,"max_hp_loss":0,"event_name":"Mushrooms","floor":12,"gold_loss":0}],"is_beta":false,"boss_relics":[],"items_purged_floors":[],"is_endless":false,"potions_floor_spawned":[1,5,8],"killed_by":"The Guardian","ascension_level":20}}