{"host":"rnys9sj607vajavv","time":1609124637,"event":{"mods":["BaseMod","Colored Map","Downfall","Minty Spire (QoL Compilation)","StSLib"],"gold_per_floor":[0,11,22,172,187,187,212,244,169,7,42,66,51,51,51,51],"floor_reached":14,"playtime":904,"items_purged":["Slimebound:Icky"],"score":115,"play_id":"d088963f-99b6-4c8a-adf0-5aea373a24a5","local_time":"20201227190357","is_ascension_mode":true,"campfire_choices":[{"data":"champ:Taunt","floor":1,"key":"SMITH"},{"data":"champ:ShieldWall","floor":6,"key":"SMITH"},{"floor":9,"key":"RECALL"}],"circlet_count":0,"master_deck":["champ:Strike","champ:Strike","champ:Strike","champ:Strike","champ:Defend","champ:Defend","champ:Defend","champ:Defend","champ:Execute","champ:Taunt+1","Master of Strategy","champ:Balance","champ:ShieldWall+1","champ:FlashCut","champ:ShieldWall","champ:EnGarde","champ:FalseCounter","champ:BringItOn"],"relics":["champ:ChampionCrown","Guardian:PocketSentry","downfall:HeartBlessingBlue","The Courier","Juzu Bracelet"],"acts_visited":["Exordium"],"potions_floor_usage":[14],"damage_taken":[{"damage":6,"enemies":"Jaw Worm","floor":2,"turns":5},{"damage":8,"enemies":"Cultist","floor":3,"turns":2},{"damage":15,"enemies":"Small Slimes","floor":5,"turns":3},{"damage":47,"enemies":"3 Sentries","floor":8,"turns":10},{"damage":0,"enemies":"downfall:FleeingMerchant","floor":10,"turns":4},{"damage":27,"enemies":"Lagavulin","floor":11,"turns":7},{"damage":15,"enemies":"downfall:FleeingMerchant","floor":13,"turns":4},{"damage":15,"enemies":"3 Sentries","floor":14,"turns":4}],"seed_played":"7736312627069178723","potions_obtained":[{"floor":3,"key":"champ:CounterPotion"},{"floor":5,"key":"SteroidPotion"}],"is_trial":false,"path_per_floor":["R","M","M","?","M","R","T","E","R","$","E","T","$","E"],"character_chosen":"THE_CHAMP","items_purchased":["champ:FalseCounter"],"campfire_rested":0,"item_purchase_floors":[10],"current_hp_per_floor":[90,89,89,89,79,79,79,32,42,42,20,20,10,0,0,0],"gold":51,"neow_bonus":"RANDOM_COLORLESS_2","is_daily":false,"chose_seed":false,"campfire_upgraded":2,"win_rate":0.0,"timestamp":1609124637,"path_taken":["R","M","M","?","M","R","T","E","R","$","E","?","$","E"],"items_purchased_type":["Card"],"build_version":"2020-12-22","purchased_purges":1,"victory":false,"max_hp_per_floor":[90,90,90,90,90,90,90,90,100,100,100,100,100,100,100,100],"card_choices":[{"not_picked":["expansioncontent:StudyTheSpire","Transmutation"],"picked":"Master of Strategy","floor":0},{"not_picked":["champ:FlashCut","champ:Backstep"],"picked":"champ:Balance","floor":2},{"not_picked":["champ:Control","champ:CalledShot"],"picked":"champ:ShieldWall","floor":3},{"not_picked":["champ:RecklessLeap","champ:ShieldSigil"],"picked":"champ:FlashCut","floor":5},{"not_picked":["champ:BladeFlurry","champ:BringItOn"],"picked":"champ:ShieldWall","floor":8},{"not_picked":["champ:DeathBlow","champ:DefensiveShout"],"picked":"champ:EnGarde","floor":10},{"not_picked":["champ:RapidStrikes","champ:SwordSigil"],"picked":"champ:BringItOn","floor":11},{"not_picked":["champ:EnragedBash","champ:BringItOn","champ:Haymaker"],"picked":"SKIP","floor":13}],"player_experience":634494,"relics_obtained":[{"floor":8,"key":"Guardian:PocketSentry"},{"floor":11,"key":"The Courier"},{"floor":12,"key":"Juzu Bracelet"}],"event_choices":[],"is_beta":false,"boss_relics":[],"items_purged_floors":[10],"is_endless":false,"potions_floor_spawned":[3,5],"killed_by":"3 Sentries","ascension_level":4}}