{"host":"z9grmtg2w0nmz8n1","time":1609138699,"event":{"mods":["Aspiration","Bard","BaseMod","Beaked The Cultist","Better Altar","Better Match","Better Note","Better Sensory Stone","Better Skull","Better Third Choice","BetterRewards","CCEM","Colored Map","Conspire","Downfall","GifTheSpireLib","Googly Eyes","Halation","Hermit","Highlight Path","Hubris","Hunter ??","Jedi Mod","Jorbs\u0027s Wanderer Trilogy","Mad Scientist","Marisa????????","Minty Spire (QoL Compilation)","Permanent Neow","Replay The Spire","Shade Mod","Shop Mod","Spicy Shops","StSLib","Stuff the Spire","The Bug Knight","The Construct","The Necromancer","The Runesmith","The Witch"],"gold_per_floor":[113,113,133,4,4,30,43,76,76,76,76,76],"floor_reached":11,"playtime":384,"items_purged":["Strike_B"],"score":89,"play_id":"83c45ed8-d49f-4218-93e8-2ec630b56e98","local_time":"20201228045819","is_ascension_mode":true,"campfire_choices":[],"circlet_count":0,"master_deck":["Strike_B","Defend_B","Defend_B","Defend_B","Defend_B","Zap","Dualcast","ReplayGash+1","Leap","Leap","Sweeping Beam"],"relics":["Cracked Core","Runesmith:Locket","jedi:bottledfury"],"acts_visited":["Exordium"],"potions_floor_usage":[6],"damage_taken":[{"damage":7,"enemies":"Jaw Worm","floor":1,"turns":3},{"damage":6,"enemies":"2 Louse","floor":3,"turns":3},{"damage":23,"enemies":"Lagavulin","floor":6,"turns":7},{"damage":0,"enemies":"Cultist","floor":7,"turns":3},{"damage":25,"enemies":"Gremlin Nob","floor":8,"turns":4},{"damage":4,"enemies":"3 Sentries","floor":11,"turns":3}],"seed_played":"6934532722426967681","potions_obtained":[{"floor":1,"key":"jedi:coolantleak"}],"is_trial":false,"path_per_floor":["M","?","M","$","?","E","M","E","T","$","E"],"character_chosen":"DEFECT","items_purchased":["Leap"],"campfire_rested":0,"item_purchase_floors":[4],"current_hp_per_floor":[68,61,55,55,55,32,32,7,7,7,3,3],"gold":76,"neow_bonus":"REMOVE_CARD","is_daily":false,"chose_seed":false,"campfire_upgraded":0,"win_rate":0.0,"timestamp":1609138699,"path_taken":["M","?","M","$","?","E","M","E","T","$","E"],"items_purchased_type":["Card"],"build_version":"2020-12-22","purchased_purges":1,"victory":false,"max_hp_per_floor":[75,75,75,75,75,75,75,75,75,75,75,75],"card_choices":[{"not_picked":["Beam Cell","BasicCrystalCard"],"picked":"ReplayGash","floor":1},{"not_picked":["Undo","ReplayTheSpireMod:Reroute Power","hubris:PowerSurge"],"picked":"SKIP","floor":3},{"not_picked":["jedi:BurstLightning","Loop"],"picked":"Leap","floor":6},{"not_picked":["Cold Snap","jedi:bruteforce","Go for the Eyes"],"picked":"SKIP","floor":7},{"not_picked":["Turbo","StuffTheSpire:GlassShard"],"picked":"Sweeping Beam","floor":8}],"player_experience":735641,"relics_obtained":[{"floor":6,"key":"Runesmith:Locket"},{"floor":8,"key":"jedi:bottledfury"}],"event_choices":[{"cards_removed":["Strike_B"],"damage_healed":0,"gold_gain":0,"player_choice":"Card Removal","damage_taken":7,"max_hp_gain":0,"max_hp_loss":0,"event_name":"Golden Wing","floor":2,"gold_loss":0},{"damage_healed":0,"gold_gain":0,"player_choice":"Upgraded","damage_taken":0,"max_hp_gain":0,"max_hp_loss":0,"event_name":"Upgrade Shrine","floor":5,"gold_loss":0,"cards_upgraded":["ReplayGash"]}],"is_beta":false,"boss_relics":[],"items_purged_floors":[4],"is_endless":false,"potions_floor_spawned":[1],"killed_by":"3 Sentries","ascension_level":2}}