{"host":"we8ay8el3o9pwc2d","time":1609192275,"event":{"mods":["Act Like it!","Aspiration","BaseMod","BetterRewards","Colored Map","Conspire","Elementarium","GungeonMod","Minty Spire (QoL Compilation)","StSLib","The Jungle"],"gold_per_floor":[118,118,133,133,150,150,167,201,201,236,236,236,250,250,250,376,376,400,400,425,425,441,441,456,480,480,503,515,69,69,84,84,204,204,217,217,217,285,285,329,329,352,352,352,415,431,431,451,451,451,451,451,115,159,159],"floor_reached":56,"playtime":3841,"items_purged":["conspire:GhostlyDefend"],"score":1535,"play_id":"cab2204d-02b9-4bf0-8577-71fc75dc7b1d","local_time":"20201228145115","is_ascension_mode":false,"campfire_choices":[{"floor":6,"key":"RECALL"},{"floor":15,"key":"REST"},{"data":"1","floor":23,"key":"LIFT"},{"data":"2","floor":30,"key":"LIFT"},{"data":"3","floor":32,"key":"LIFT"},{"data":"Noxious Fumes","floor":41,"key":"SMITH"},{"data":"Caltrops","floor":44,"key":"SMITH"},{"data":"Dagger Spray","floor":47,"key":"SMITH"},{"data":"Flying Knee","floor":49,"key":"SMITH"},{"data":"Survivor","floor":52,"key":"SMITH"}],"circlet_count":0,"master_deck":["conspire:GhostlyStrike","conspire:GhostlyStrike","conspire:GhostlyStrike","conspire:GhostlyStrike","conspire:GhostlyDefend","conspire:GhostlyDefend","conspire:GhostlyDefend","conspire:GhostlyDefend","Survivor+1","Neutralize","Flying Knee+1","Slice","Dagger Spray+1","Cloak And Dagger+1","Caltrops+1","Blade Dance+1","Deadly Poison+1","conspire:DoublingDagger+1","Quick Slash+1","Cloak And Dagger+1","Adrenaline+1","Crippling Poison+1","Madness+1","Noxious Fumes+1","Distraction+1","Caltrops+1","Catalyst+1","Deadly Poison+1","Noxious Fumes+1"],"relics":["Ring of the Snake","Toxic Egg 2","conspire:DeflatedDodgeball","aspiration:AnachronicSnailShell","DemoMod:GnawedKey","Ninja Scroll","conspire:BottledYoYo","Girya","Golden Idol","aspiration:SecretTechniqueScroll","DemoMod:BlueGuonStone","aspiration:HummingbirdHeart","MawBank","DemoMod:Relodestone","DemoMod:MeatBun","aspiration:FutureDiary","Lizard Tail","Boot","conspire:Flyswatter","The Specimen","DemoMod:Metronome","Orichalcum"],"acts_visited":["Exordium","theJungle:Jungle","TheBeyond","TheEnding"],"potions_floor_usage":[7,8,10,10,20,20,22,50,50,50,54,55],"damage_taken":[{"damage":1,"enemies":"Cultist","floor":1,"turns":4},{"damage":0,"enemies":"conspire:RoseBush","floor":3,"turns":3},{"damage":0,"enemies":"2 Louse","floor":5,"turns":3},{"damage":4,"enemies":"2 Fungi Beasts","floor":7,"turns":4},{"damage":3,"enemies":"3 Sentries","floor":8,"turns":7},{"damage":11,"enemies":"Lagavulin","floor":10,"turns":6},{"damage":0,"enemies":"Gremlin Gang","floor":13,"turns":4},{"damage":21,"enemies":"The Guardian","floor":16,"turns":11},{"damage":8,"enemies":"theJungle:Flameango_and_Byrd","floor":18,"turns":5},{"damage":4,"enemies":"theJungle:MUSHROOMGANG","floor":20,"turns":5},{"damage":2,"enemies":"Snake Plant","floor":22,"turns":4},{"damage":1,"enemies":"theJungle:JungleHuntersEncounter","floor":24,"turns":4},{"damage":8,"enemies":"theJungle:2_Snecko_Cultists","floor":25,"turns":3},{"damage":0,"enemies":"Snake Plant","floor":31,"turns":2},{"damage":0,"enemies":"theJungle:QueenSpyder","floor":33,"turns":4},{"damage":0,"enemies":"3 Darklings","floor":35,"turns":2},{"damage":0,"enemies":"2 Orb Walkers","floor":38,"turns":3},{"damage":0,"enemies":"Nemesis","floor":40,"turns":3},{"damage":0,"enemies":"Orb Walker","floor":42,"turns":1},{"damage":1,"enemies":"Mind Bloom Boss Battle","floor":45,"turns":4},{"damage":0,"enemies":"3 Darklings","floor":46,"turns":3},{"damage":1,"enemies":"Jaw Worm Horde","floor":48,"turns":3},{"damage":58,"enemies":"conspire:OrnateMirror","floor":50,"turns":7},{"damage":0,"enemies":"Shield and Spear","floor":54,"turns":6},{"damage":63,"enemies":"The Heart","floor":55,"turns":8}],"seed_played":"-3705294859549884770","potions_obtained":[{"floor":1,"key":"Weak Potion"},{"floor":3,"key":"ColorlessPotion"},{"floor":4,"key":"PowerPotion"},{"floor":8,"key":"DistilledChaos"},{"floor":13,"key":"SpeedPotion"},{"floor":16,"key":"LiquidMemories"},{"floor":20,"key":"ColorlessPotion"},{"floor":24,"key":"LiquidBronze"},{"floor":40,"key":"Regen Potion"},{"floor":46,"key":"Block Potion"}],"is_trial":false,"path_per_floor":["M","T","M","?","M","R","M","E","T","E","$","?","M","?","R","B",null,"M","?","M","T","M","R","M","M","T","T","?","$","R","M","R","B",null,"M","?","$","?","?","E","R","M","T","R","?","M","R","M","R","B",null,"R","$","E","B",null],"character_chosen":"THE_SILENT","items_purchased":["Toxic Egg 2","DemoMod:WeirdEgg","DemoMod:GnawedKey","Flying Knee","DemoMod:Relodestone","DemoMod:MeatBun","Poison Potion","Block Potion","DemoMod:Metronome"],"campfire_rested":1,"item_purchase_floors":[0,0,0,0,29,29,53,53,53],"current_hp_per_floor":[41,41,41,41,41,41,37,34,34,23,23,23,23,23,42,21,65,57,75,71,71,69,69,68,60,60,60,60,74,74,74,74,74,75,75,75,75,75,75,75,75,75,75,75,74,74,74,73,73,30,75,75,75,75,12],"gold":159,"neow_bonus":"","is_daily":false,"chose_seed":false,"campfire_upgraded":5,"win_rate":0.0,"timestamp":1609192275,"path_taken":["M","?","M","?","?","R","M","E","T","E","$","?","M","?","R","BOSS","M","?","?","?","M","R","M","?","T","?","?","$","R","?","R","BOSS","M","?","$","?","?","E","R","M","T","R","?","M","R","?","R","BOSS","R","$","E","BOSS"],"items_purchased_type":["Relic","Relic","Relic","Card","Relic","Relic","Potion","Potion","Relic"],"build_version":"2020-12-22","purchased_purges":1,"victory":true,"max_hp_per_floor":[70,70,70,70,70,70,70,70,70,70,70,65,65,65,65,65,65,65,75,75,75,75,75,75,75,75,75,75,75,75,75,75,75,75,75,75,75,75,75,75,75,75,75,75,75,75,75,75,75,75,75,75,75,75,75],"card_choices":[{"not_picked":["Backflip+1","Acrobatics+1","Finisher"],"picked":"SKIP","floor":1},{"not_picked":["Backflip+1","PiercingWail+1"],"picked":"Slice","floor":3},{"not_picked":["Eviscerate","Footwork"],"picked":"Dagger Spray","floor":5},{"not_picked":["Deadly Poison+1","Heel Hook"],"picked":"Cloak And Dagger+1","floor":7},{"not_picked":["Underhanded Strike","Flechettes"],"picked":"Caltrops","floor":8},{"not_picked":["Phantasmal Killer+1","Prepared+1"],"picked":"Blade Dance+1","floor":10},{"not_picked":["Outmaneuver+1","Reflex+1","Underhanded Strike"],"picked":"SKIP","floor":13},{"not_picked":["Grand Finale","Night Terror+1"],"picked":"Unload","floor":16},{"not_picked":["Flying Knee","Acrobatics+1"],"picked":"Deadly Poison+1","floor":18},{"not_picked":["Concentrate+1","Underhanded Strike","Setup+1"],"picked":"SKIP","floor":20},{"not_picked":["Dodge and Roll+1","Escape Plan+1","Prepared+1"],"picked":"SKIP","floor":22},{"not_picked":["Dagger Throw","Doppelganger+1"],"picked":"conspire:DoublingDagger+1","floor":24},{"not_picked":["Deflect+1","Flechettes"],"picked":"Quick Slash+1","floor":25},{"not_picked":["Dagger Spray","Calculated Gamble+1"],"picked":"Cloak And Dagger+1","floor":31},{"not_picked":["Tools of the Trade","Die Die Die"],"picked":"Adrenaline+1","floor":33},{"not_picked":["Well Laid Plans","All Out Attack"],"picked":"Crippling Poison+1","floor":35},{"not_picked":["DemoMod:Deposit+1","HandOfGreed"],"picked":"Madness+1","floor":39},{"not_picked":["Skewer+1","Deflect+1"],"picked":"Noxious Fumes","floor":40},{"not_picked":["PiercingWail+1","Well Laid Plans"],"picked":"Distraction+1","floor":42},{"not_picked":["Prepared+1","Deflect+1"],"picked":"Caltrops+1","floor":45},{"not_picked":["Deflect+1","Sucker Punch"],"picked":"Catalyst+1","floor":46},{"not_picked":["Slice","Skewer+1"],"picked":"Deadly Poison+1","floor":48},{"not_picked":["Choke","Phantasmal Killer+1"],"picked":"Noxious Fumes+1","floor":54}],"player_experience":1786147,"relics_obtained":[{"floor":8,"key":"Ninja Scroll"},{"floor":9,"key":"conspire:BottledYoYo"},{"floor":10,"key":"Girya"},{"floor":21,"key":"DemoMod:BlueGuonStone"},{"floor":26,"key":"aspiration:HummingbirdHeart"},{"floor":27,"key":"MawBank"},{"floor":38,"key":"Lizard Tail"},{"floor":40,"key":"Boot"},{"floor":43,"key":"conspire:Flyswatter"},{"floor":45,"key":"The Specimen"},{"floor":54,"key":"Orichalcum"}],"event_choices":[{"damage_healed":0,"gold_gain":0,"player_choice":"Got Potions","damage_taken":0,"max_hp_gain":0,"max_hp_loss":0,"event_name":"Lab","floor":4,"gold_loss":0},{"damage_healed":0,"gold_gain":0,"player_choice":"Lose Max HP","damage_taken":0,"relics_obtained":["Golden Idol"],"max_hp_gain":0,"max_hp_loss":5,"event_name":"Golden Idol","floor":12,"gold_loss":0},{"damage_healed":0,"gold_gain":0,"player_choice":"Agree","damage_taken":0,"max_hp_gain":0,"max_hp_loss":0,"event_name":"conspire:LoneGhost","floor":14,"gold_loss":0},{"cards_removed":["Unload"],"damage_healed":8,"gold_gain":0,"player_choice":"Offered Rare","damage_taken":0,"max_hp_gain":10,"max_hp_loss":0,"event_name":"Bonfire Elementals","floor":19,"gold_loss":0},{"cards_removed":["conspire:GhostlyStrike"],"damage_healed":0,"gold_gain":0,"player_choice":"Card Removal","damage_taken":0,"max_hp_gain":0,"max_hp_loss":0,"event_name":"Wheel of Change","floor":28,"gold_loss":0},{"damage_healed":0,"gold_gain":0,"player_choice":"Leave","damage_taken":0,"max_hp_gain":0,"max_hp_loss":0,"event_name":"conspire:Investor","floor":36,"gold_loss":0},{"damage_healed":0,"gold_gain":0,"player_choice":"Fight","damage_taken":0,"max_hp_gain":0,"max_hp_loss":0,"event_name":"Mysterious Sphere","floor":38,"gold_loss":0},{"damage_healed":0,"gold_gain":0,"player_choice":"Memory 1","damage_taken":0,"max_hp_gain":0,"max_hp_loss":0,"event_name":"SensoryStone","floor":39,"gold_loss":0},{"damage_healed":0,"gold_gain":0,"player_choice":"Fight","damage_taken":0,"max_hp_gain":0,"max_hp_loss":0,"event_name":"MindBloom","floor":45,"gold_loss":0}],"is_beta":false,"boss_relics":[{"not_picked":["Black Star","aspiration:DefectSkillbook"],"picked":"aspiration:SecretTechniqueScroll"},{"not_picked":["conspire:SlowCooker","Empty Cage"],"picked":"aspiration:FutureDiary"}],"items_purged_floors":[53],"is_endless":false,"potions_floor_spawned":[1,3,8,13,16,20,24,40,46],"ascension_level":0}}