{"host":"o5or1zybx7au40zl","time":1609187953,"event":{"mods":["Act Like it!","BaseMod","Better Third Choice","Conspire","Dota2Spire","Hubris","Minty Spire (QoL Compilation)","Replay The Spire","StSLib"],"gold_per_floor":[115,115,134,150,162,181,207,207,232,250,220,77,106,119,119,220,220,237,254,272,272,272],"floor_reached":21,"playtime":729,"items_purged":["Defend_P"],"score":195,"play_id":"347bce49-3190-4def-b30c-41c29f1b288c","local_time":"20201228213913","is_ascension_mode":false,"campfire_choices":[{"floor":8,"key":"REST"},{"floor":15,"key":"RECALL"}],"circlet_count":0,"master_deck":["Strike_P","Strike_P","Strike_P","Strike_P","Defend_P","Defend_P","Defend_P","Eruption","Vigilance","DeceiveReality","Consecrate","Evaluate","Consecrate","DeusExMachina","CrushJoints","TalkToTheHand","TalkToTheHand","FearNoEvil","SashWhip","Alpha","MentalFortress","Replay:Vibes+1","Replay:Vibes+1"],"relics":["PureWater","Dota2Spire:OctarineCore","MealTicket","Replay:Multitool","Cursed Key"],"acts_visited":["Exordium","TheCity"],"potions_floor_usage":[7,11,16,16,19,21],"damage_taken":[{"damage":0,"enemies":"Small Slimes","floor":1,"turns":3},{"damage":0,"enemies":"Cultist","floor":3,"turns":3},{"damage":3,"enemies":"2 Louse","floor":4,"turns":3},{"damage":0,"enemies":"Large Slime","floor":5,"turns":3},{"damage":4,"enemies":"Exordium Thugs","floor":6,"turns":6},{"damage":12,"enemies":"Lagavulin","floor":7,"turns":4},{"damage":0,"enemies":"2 Fungi Beasts","floor":10,"turns":3},{"damage":1,"enemies":"Looter","floor":11,"turns":4},{"damage":16,"enemies":"Replay:BlueRogue","floor":13,"turns":4},{"damage":4,"enemies":"Large Slime","floor":14,"turns":5},{"damage":12,"enemies":"Hexaghost","floor":16,"turns":8},{"damage":17,"enemies":"Spheric Guardian","floor":18,"turns":4},{"damage":6,"enemies":"Chosen","floor":19,"turns":6},{"damage":29,"enemies":"Sentry and Sphere","floor":20,"turns":6},{"damage":24,"enemies":"Cultist and Chosen","floor":21,"turns":5}],"seed_played":"-8744401220742511619","potions_obtained":[{"floor":4,"key":"Strength Potion"},{"floor":5,"key":"Weak Potion"},{"floor":7,"key":"ColorlessPotion"},{"floor":13,"key":"LiquidBronze"},{"floor":14,"key":"Dota2Spire:Clarity"},{"floor":18,"key":"DistilledChaos"},{"floor":20,"key":"PowerPotion"}],"is_trial":false,"path_per_floor":["M","?","M","M","M","M","E","R","T","M","M","$","E","M","R","B",null,"M","M","M","M"],"character_chosen":"WATCHER","items_purchased":["TalkToTheHand"],"campfire_rested":1,"item_purchase_floors":[12],"current_hp_per_floor":[51,51,51,48,48,44,32,53,53,53,52,67,51,47,47,35,72,55,49,20,0,0],"gold":272,"neow_bonus":"ONE_RARE_RELIC","is_daily":false,"chose_seed":false,"campfire_upgraded":0,"win_rate":0.0,"timestamp":1609187953,"path_taken":["M","?","?","M","M","M","E","R","T","M","M","$","E","M","R","BOSS","M","?","M","M"],"items_purchased_type":["Card"],"build_version":"2020-12-22","purchased_purges":1,"victory":false,"max_hp_per_floor":[72,72,72,72,72,72,72,72,72,72,72,72,72,72,72,72,72,72,72,72,72,72],"card_choices":[{"not_picked":["WaveOfTheHand","Meditate"],"picked":"DeceiveReality","floor":1},{"not_picked":["Replay:Hum","EmptyBody","Replay:AtTheReady"],"picked":"SKIP","floor":3},{"not_picked":["SashWhip","Prostrate"],"picked":"Consecrate","floor":4},{"not_picked":["EmptyBody","ThirdEye"],"picked":"Evaluate","floor":5},{"not_picked":["Study","LikeWater"],"picked":"Consecrate","floor":6},{"not_picked":["FlurryOfBlows","SandsOfTime"],"picked":"DeusExMachina","floor":7},{"not_picked":["Consecrate","Replay:AtTheReady"],"picked":"CrushJoints","floor":10},{"not_picked":["Evaluate","FlyingSleeves"],"picked":"TalkToTheHand","floor":11},{"not_picked":["EmptyFist","Replay:Vibes"],"picked":"FearNoEvil","floor":13},{"not_picked":["Meditate","FlyingSleeves"],"picked":"SashWhip","floor":14},{"not_picked":["Devotion","DeusExMachina"],"picked":"Alpha","floor":16},{"not_picked":["EmptyBody","Perseverance"],"picked":"MentalFortress","floor":18},{"not_picked":["Indignation","CutThroughFate"],"picked":"Replay:Vibes+1","floor":19},{"not_picked":["Replay:Hum","JustLucky+1"],"picked":"Replay:Vibes+1","floor":20}],"player_experience":905613,"relics_obtained":[{"floor":7,"key":"MealTicket"},{"floor":13,"key":"Replay:Multitool"}],"event_choices":[{"damage_healed":0,"gold_gain":0,"player_choice":"0 cards matched","damage_taken":0,"max_hp_gain":0,"max_hp_loss":0,"event_name":"Match and Keep!","floor":2,"gold_loss":0,"cards_obtained":[]}],"is_beta":false,"boss_relics":[{"not_picked":["Calling Bell","conspire:RoyalGoblet"],"picked":"Cursed Key"}],"items_purged_floors":[12],"is_endless":false,"potions_floor_spawned":[4,5,7,13,14,18,20],"killed_by":"Cultist and Chosen","ascension_level":0}}