{"host":"h4390p13uu6iw1q5","time":1609131170,"event":{"mods":["BaseMod","Colored Map","Minty Spire (QoL Compilation)"],"gold_per_floor":[113,132,132,307,321,321,36,65,92,123,123,123,123,123,135,242,304,335,2,47,65,65,94,94,105,131,131,143,143,68,83,83,179,179,190,205,222,293,293,293,48,48,48],"floor_reached":42,"playtime":2212,"items_purged":["Doubt","Defend_B"],"score":673,"play_id":"e244c705-6692-4a43-b3be-a68b83988428","local_time":"20201227235250","is_ascension_mode":true,"campfire_choices":[{"data":"Darkness","floor":6,"key":"SMITH"},{"floor":11,"key":"REST"},{"floor":13,"key":"REST"},{"data":"Defragment","floor":15,"key":"SMITH"},{"floor":24,"key":"REST"},{"data":"Buffer","floor":32,"key":"SMITH"},{"floor":40,"key":"REST"}],"circlet_count":0,"master_deck":["Strike_B","Defend_B","Defend_B","Defend_B","Zap","Dualcast","Darkness+1","Rebound","Fusion","Defragment+1","Mayhem+1","Streamline+1","Sunder+1","Consume","Stack","Recycle","Buffer+1","Leap","All For One","Conserve Battery","Loop","Compile Driver","Melter+1","Coolheaded+1","Stack+1","Ghostly","Ghostly","Ghostly","Ghostly","Ghostly","Rainbow","Storm","Ball Lightning+1","Leap"],"relics":["Snecko Eye","Juzu Bracelet","Kunai","Dream Catcher","Bag of Preparation","MawBank","Tiny House","Lantern","PreservedInsect","Eternal Feather","Tiny Chest","Whetstone","Black Star","White Beast Statue","Bronze Scales"],"acts_visited":["Exordium","TheCity","TheBeyond"],"potions_floor_usage":[8,8,18,23,35,37,37,37,42],"damage_taken":[{"damage":4,"enemies":"Cultist","floor":1,"turns":5},{"damage":13,"enemies":"Jaw Worm","floor":2,"turns":4},{"damage":3,"enemies":"Small Slimes","floor":5,"turns":3},{"damage":24,"enemies":"Lagavulin","floor":8,"turns":5},{"damage":20,"enemies":"3 Sentries","floor":10,"turns":6},{"damage":11,"enemies":"Slime Boss","floor":16,"turns":5},{"damage":19,"enemies":"2 Thieves","floor":18,"turns":3},{"damage":11,"enemies":"Spheric Guardian","floor":21,"turns":3},{"damage":0,"enemies":"Slavers","floor":23,"turns":5},{"damage":43,"enemies":"Snake Plant","floor":25,"turns":5},{"damage":0,"enemies":"Cultist and Chosen","floor":28,"turns":3},{"damage":0,"enemies":"Snecko","floor":31,"turns":4},{"damage":5,"enemies":"Automaton","floor":33,"turns":9},{"damage":14,"enemies":"3 Shapes","floor":35,"turns":6},{"damage":0,"enemies":"Orb Walker","floor":36,"turns":2},{"damage":35,"enemies":"3 Darklings","floor":37,"turns":9},{"damage":42,"enemies":"Reptomancer","floor":42,"turns":6}],"seed_played":"-767814711967805124","potions_obtained":[{"floor":1,"key":"SmokeBomb"},{"floor":2,"key":"Fire Potion"},{"floor":5,"key":"ColorlessPotion"},{"floor":16,"key":"ColorlessPotion"},{"floor":17,"key":"Fruit Juice"},{"floor":18,"key":"GamblersBrew"},{"floor":31,"key":"Explosive Potion"},{"floor":33,"key":"Energy Potion"},{"floor":35,"key":"Regen Potion"},{"floor":37,"key":"Weak Potion"}],"is_trial":false,"path_per_floor":["M","M","?","?","M","R","$","E","T","E","R","?","R","?","R","B",null,"M","$","T","M","?","E","R","M","T","?","M","?","?","M","R","B",null,"M","M","M","T","?","R","$","E"],"character_chosen":"DEFECT","items_purchased":["Defragment","Mayhem","Streamline","All For One","Lantern","Conserve Battery","Bronze Scales"],"campfire_rested":4,"item_purchase_floors":[7,7,7,19,19,19,41],"current_hp_per_floor":[64,51,48,48,45,45,45,21,21,1,23,23,45,45,45,34,70,51,51,51,40,40,40,79,36,36,36,36,36,36,36,40,35,39,30,30,10,10,10,41,41,0,0],"gold":48,"neow_bonus":"BOSS_RELIC","is_daily":false,"chose_seed":false,"campfire_upgraded":3,"win_rate":0.0,"timestamp":1609131170,"path_taken":["M","M","?","?","M","R","?","E","T","E","R","?","R","?","R","BOSS","M","$","?","M","?","E","R","M","T","?","M","?","?","M","R","BOSS","M","M","M","?","?","R","$","E"],"items_purchased_type":["Card","Card","Card","Card","Relic","Card","Relic"],"build_version":"2020-12-22","purchased_purges":2,"victory":false,"max_hp_per_floor":[75,75,75,75,75,75,75,75,75,75,75,75,75,75,75,75,80,80,80,80,80,80,80,80,80,80,80,80,40,40,40,40,40,40,45,45,45,45,45,45,45,45,45],"card_choices":[{"not_picked":["Hello World","Steam"],"picked":"Darkness","floor":1},{"not_picked":["Turbo","Darkness"],"picked":"Rebound","floor":2},{"not_picked":["Leap","Doom and Gloom"],"picked":"Fusion","floor":5},{"not_picked":["Streamline","Coolheaded"],"picked":"Sunder","floor":8},{"not_picked":["Coolheaded","Beam Cell","Lockon"],"picked":"SKIP","floor":10},{"not_picked":["Redo","Thunder Strike"],"picked":"Consume","floor":11},{"not_picked":["Redo","Scrape"],"picked":"Recycle","floor":13},{"not_picked":["Reboot","All For One"],"picked":"Buffer","floor":16},{"not_picked":["Beam Cell","Rip and Tear"],"picked":"Leap","floor":17},{"not_picked":["Hologram","Sweeping Beam","Go for the Eyes"],"picked":"SKIP","floor":18},{"not_picked":["Barrage","Ball Lightning"],"picked":"Loop","floor":21},{"not_picked":["Hologram","Chaos"],"picked":"Compile Driver","floor":23},{"not_picked":["Heatsinks","Aggregate"],"picked":"Melter+1","floor":24},{"not_picked":["Redo","Lockon"],"picked":"Coolheaded+1","floor":25},{"not_picked":["Steam","Redo"],"picked":"Stack+1","floor":28},{"not_picked":["Gash","Melter+1","Streamline"],"picked":"SKIP","floor":31},{"not_picked":["Seek","Fission"],"picked":"Rainbow","floor":33},{"not_picked":["Ball Lightning+1","Beam Cell"],"picked":"Storm","floor":35},{"not_picked":["Rebound+1","Barrage+1"],"picked":"Ball Lightning+1","floor":36},{"not_picked":["Ball Lightning","Rebound+1"],"picked":"Cold Snap","floor":37},{"not_picked":["Consume+1","Gash"],"picked":"Leap","floor":40}],"player_experience":2388449,"relics_obtained":[{"floor":8,"key":"Kunai"},{"floor":9,"key":"Dream Catcher"},{"floor":10,"key":"Bag of Preparation"},{"floor":20,"key":"PreservedInsect"},{"floor":23,"key":"Tiny Chest"},{"floor":26,"key":"Whetstone"},{"floor":38,"key":"White Beast Statue"}],"event_choices":[{"damage_healed":0,"gold_gain":0,"player_choice":"Success","damage_taken":3,"relics_obtained":["Juzu Bracelet"],"max_hp_gain":0,"max_hp_loss":0,"event_name":"Scrap Ooze","floor":3,"gold_loss":0},{"damage_healed":0,"gold_gain":175,"player_choice":"AGREE","damage_taken":0,"max_hp_gain":0,"max_hp_loss":0,"event_name":"Liars Game","floor":4,"gold_loss":0,"cards_obtained":["Doubt"]},{"damage_healed":0,"gold_gain":0,"cards_transformed":["Strike_B"],"player_choice":"Transformed","damage_taken":0,"max_hp_gain":0,"max_hp_loss":0,"event_name":"Transmorgrifier","floor":12,"gold_loss":0,"cards_obtained":["Stack"]},{"damage_healed":0,"gold_gain":0,"player_choice":"Gave Potion","damage_taken":0,"relics_obtained":["MawBank"],"max_hp_gain":0,"max_hp_loss":0,"event_name":"WeMeetAgain","floor":14,"gold_loss":0},{"damage_healed":0,"gold_gain":0,"player_choice":"Opened","damage_taken":0,"relics_obtained":["Eternal Feather"],"max_hp_gain":0,"max_hp_loss":0,"event_name":"The Mausoleum","floor":22,"gold_loss":0},{"cards_removed":["Strike_B"],"damage_healed":0,"gold_gain":0,"player_choice":"Offered Basic","damage_taken":0,"max_hp_gain":0,"max_hp_loss":0,"event_name":"Bonfire Elementals","floor":27,"gold_loss":0},{"damage_healed":0,"gold_gain":0,"player_choice":"Became a Ghost","damage_taken":0,"max_hp_gain":0,"max_hp_loss":40,"event_name":"Ghosts","floor":29,"gold_loss":0,"cards_obtained":["Ghostly","Ghostly","Ghostly","Ghostly","Ghostly"]},{"cards_removed":["Strike_B"],"damage_healed":0,"gold_gain":0,"player_choice":"Gave Gold","damage_taken":0,"max_hp_gain":0,"max_hp_loss":0,"event_name":"Beggar","floor":30,"gold_loss":75},{"cards_removed":["Cold Snap"],"damage_healed":0,"gold_gain":0,"player_choice":"Removed Attack","damage_taken":0,"max_hp_gain":0,"max_hp_loss":0,"event_name":"Falling","floor":39,"gold_loss":0}],"is_beta":false,"boss_relics":[{"not_picked":["Coffee Dripper","Runic Dome"],"picked":"Tiny House"},{"not_picked":["Pandora\u0027s Box","Runic Pyramid"],"picked":"Black Star"}],"items_purged_floors":[19,41],"is_endless":false,"potions_floor_spawned":[1,2,5,16,18,31,33,35,37],"killed_by":"Reptomancer","ascension_level":9}}