{"host":"dpbezu80jg8zk7un","time":1609170117,"event":{"mods":["BaseMod","Colored Map","Colored Powertips","Custom Start","DeckTracker","Minty Spire (QoL Compilation)","Quick Restart","StSLib","SuperFastMode"],"gold_per_floor":[110,110,124,124,140,140,169,169,169,169,182,107,136,148,148,225,225,245,135,154,172,72,100,100,132,132,157,32,46,73,91,91,165,165,183,203,53,0,999,1032,1049,1084,1084,1084,1084,1113,1113,1128,1128,1128,1128,1128,1128,379,412,412],"floor_reached":57,"playtime":2148,"items_purged":["Strike_P","Strike_P","Strike_P+1","Defend_P","EmptyFist+1"],"score":3731,"play_id":"aecd0468-0a56-4bd3-a354-0aba5532f11b","local_time":"20201229004157","is_ascension_mode":true,"campfire_choices":[{"data":"Eruption","floor":6.0,"key":"SMITH"},{"data":"EmptyFist","floor":8.0,"key":"SMITH"},{"floor":10.0,"key":"RECALL"},{"data":"Vigilance","floor":15.0,"key":"SMITH"},{"data":"Scrawl","floor":24.0,"key":"SMITH"},{"data":"Halt","floor":32.0,"key":"SMITH"},{"data":"Adaptation","floor":45.0,"key":"SMITH"},{"data":"Tantrum","floor":47.0,"key":"SMITH"},{"data":"FlurryOfBlows","floor":49.0,"key":"SMITH"},{"data":"FearNoEvil","floor":53.0,"key":"SMITH"}],"circlet_count":0,"master_deck":["AscendersBane","Eruption+1","Vigilance+1","Scrawl+1","Halt+1","FlurryOfBlows+1","FearNoEvil+1","Adaptation+1","Tantrum+1","Vault+1"],"relics":["PureWater","Kunai","Shuriken","Anchor","Philosopher\u0027s Stone","Omamori","Boot","Mercury Hourglass","Pocketwatch","Ornamental Fan","SacredBark","Red Mask","Bag of Marbles","Calipers","Toxic Egg 2","Smiling Mask","Bottled Lightning","Happy Flower","HandDrill","Pantograph"],"acts_visited":["Exordium","TheCity","TheBeyond","TheEnding"],"potions_floor_usage":[56],"damage_taken":[{"damage":8.0,"enemies":"Small Slimes","floor":1.0,"turns":4.0},{"damage":4.0,"enemies":"Jaw Worm","floor":3.0,"turns":5.0},{"damage":0.0,"enemies":"Cultist","floor":5.0,"turns":3.0},{"damage":3.0,"enemies":"Gremlin Nob","floor":7.0,"turns":3.0},{"damage":2.0,"enemies":"Exordium Wildlife","floor":11.0,"turns":5.0},{"damage":20.0,"enemies":"3 Sentries","floor":13.0,"turns":9.0},{"damage":0.0,"enemies":"Lots of Slimes","floor":14.0,"turns":3.0},{"damage":0.0,"enemies":"Slime Boss","floor":16.0,"turns":7.0},{"damage":0.0,"enemies":"Spheric Guardian","floor":18.0,"turns":1.0},{"damage":2.0,"enemies":"2 Thieves","floor":20.0,"turns":2.0},{"damage":2.0,"enemies":"Snake Plant","floor":21.0,"turns":2.0},{"damage":0.0,"enemies":"Slavers","floor":23.0,"turns":2.0},{"damage":0.0,"enemies":"Gremlin Leader","floor":25.0,"turns":3.0},{"damage":28.0,"enemies":"Slavers","floor":27.0,"turns":3.0},{"damage":0.0,"enemies":"Cultist and Chosen","floor":29.0,"turns":3.0},{"damage":0.0,"enemies":"Gremlin Leader","floor":30.0,"turns":3.0},{"damage":0.0,"enemies":"Centurion and Healer","floor":31.0,"turns":3.0},{"damage":0.0,"enemies":"Collector","floor":33.0,"turns":3.0},{"damage":0.0,"enemies":"3 Shapes","floor":35.0,"turns":3.0},{"damage":0.0,"enemies":"3 Darklings","floor":36.0,"turns":2.0},{"damage":8.0,"enemies":"Reptomancer","floor":40.0,"turns":4.0},{"damage":0.0,"enemies":"Jaw Worm Horde","floor":41.0,"turns":1.0},{"damage":0.0,"enemies":"Giant Head","floor":42.0,"turns":1.0},{"damage":0.0,"enemies":"Nemesis","floor":46.0,"turns":3.0},{"damage":0.0,"enemies":"4 Shapes","floor":48.0,"turns":2.0},{"damage":0.0,"enemies":"Awakened One","floor":50.0,"turns":4.0},{"damage":4.0,"enemies":"Time Eater","floor":51.0,"turns":4.0},{"damage":0.0,"enemies":"Shield and Spear","floor":55.0,"turns":1.0},{"damage":53,"enemies":"The Heart","floor":56,"turns":6}],"seed_played":"-1296439806299945056","potions_obtained":[{"floor":3.0,"key":"SneckoOil"},{"floor":7.0,"key":"Weak Potion"},{"floor":14.0,"key":"Fire Potion"},{"floor":18.0,"key":"EntropicBrew"},{"floor":29.0,"key":"SteroidPotion"},{"floor":30.0,"key":"PowerPotion"},{"floor":33.0,"key":"CultistPotion"}],"is_trial":false,"path_per_floor":["M","?","M","?","M","R","E","R","T","R","M","$","E","M","R","B",null,"M","?","M","M","$","E","R","E","T","E","$","M","E","M","R","B",null,"M","M","$","?","?","E","M","E","T","T","R","E","R","M","R","B","B",null,"R","$","E","B",null],"character_chosen":"WATCHER","items_purchased":["Bottled Lightning","Happy Flower","HandDrill","LiquidMemories"],"campfire_rested":0,"item_purchase_floors":[54,54,54,54],"current_hp_per_floor":[53,53,49,49,49,49,46,46,46,46,44,44,24,24,24,24,57,57,57,55,53,53,53,53,53,53,25,25,25,25,25,25,25,57,57,57,57,57,57,49,49,49,49,49,49,49,49,49,49,49,45,62,62,62,62,15],"gold":412,"neow_bonus":"REMOVE_CARD","is_daily":false,"chose_seed":false,"campfire_upgraded":9,"win_rate":0.0,"timestamp":1609170117,"path_taken":["M","?","M","?","?","R","E","R","T","R","M","$","E","M","R","BOSS","M","?","M","M","$","E","R","E","T","E","$","M","E","?","R","BOSS","M","M","$","?","?","E","M","E","T","?","R","E","R","M","R","BOSS","BOSS","R","$","E","BOSS"],"items_purchased_type":["Relic","Relic","Relic","Potion"],"build_version":"2020-12-22","purchased_purges":5,"victory":true,"max_hp_per_floor":[68,68,68,68,68,68,68,68,68,68,68,68,68,68,68,68,68,68,68,68,68,68,68,68,68,68,68,68,68,68,68,68,68,68,68,68,68,68,68,68,68,68,68,68,68,68,68,68,68,68,68,68,68,68,68,68],"card_choices":[{"not_picked":["Halt","Prostrate","FlyingSleeves"],"picked":"SKIP","floor":1.0},{"not_picked":["ThirdEye","Prostrate","JustLucky"],"picked":"SKIP","floor":3.0},{"not_picked":["Alpha","Nirvana"],"picked":"EmptyFist","floor":5.0},{"not_picked":["Protect","JustLucky","WindmillStrike"],"picked":"SKIP","floor":7.0},{"not_picked":["SignatureMove","ThirdEye","Crescendo"],"picked":"SKIP","floor":11.0},{"not_picked":["TalkToTheHand","Protect","FollowUp"],"picked":"SKIP","floor":13.0},{"not_picked":["FlyingSleeves","EmptyFist","ThirdEye"],"picked":"SKIP","floor":14.0},{"not_picked":["Establishment","SpiritShield"],"picked":"Scrawl","floor":16.0},{"not_picked":["Crescendo+1","Prostrate","Conclude"],"picked":"SKIP","floor":18.0},{"not_picked":["SashWhip","FlyingSleeves"],"picked":"Halt","floor":20.0},{"not_picked":["WheelKick","ClearTheMind+1"],"picked":"FlurryOfBlows","floor":21.0},{"not_picked":["BattleHymn","EmptyFist","Prostrate+1"],"picked":"SKIP","floor":23.0},{"not_picked":["TalkToTheHand","Study"],"picked":"FearNoEvil","floor":25.0},{"not_picked":["SashWhip","PathToVictory","Establishment"],"picked":"SKIP","floor":27.0},{"not_picked":["Vengeance+1","Indignation","EmptyFist"],"picked":"SKIP","floor":29.0},{"not_picked":["Consecrate","ThirdEye","Evaluate+1"],"picked":"SKIP","floor":30.0},{"not_picked":["Evaluate","Protect","JustLucky"],"picked":"SKIP","floor":31.0},{"not_picked":["FlurryOfBlows","Crescendo+1","Prostrate"],"picked":"SKIP","floor":35.0},{"not_picked":["FlurryOfBlows","Evaluate+1","ClearTheMind"],"picked":"SKIP","floor":36.0},{"not_picked":["Halt","Consecrate"],"picked":"Adaptation","floor":40.0},{"not_picked":["Swivel","WreathOfFlame"],"picked":"Tantrum","floor":41.0},{"not_picked":["DeceiveReality","PathToVictory","Crescendo+1"],"picked":"SKIP","floor":42.0},{"not_picked":["Establishment","Tantrum","Consecrate+1"],"picked":"SKIP","floor":46.0},{"not_picked":["EmptyFist","EmptyMind+1","ClearTheMind+1"],"picked":"SKIP","floor":48.0},{"not_picked":["Protect+1","Wallop+1"],"picked":"Vault+1","floor":55.0}],"player_experience":2788038,"relics_obtained":[{"floor":7.0,"key":"Kunai"},{"floor":9.0,"key":"Shuriken"},{"floor":13.0,"key":"Anchor"},{"floor":23.0,"key":"Omamori"},{"floor":25.0,"key":"Boot"},{"floor":26.0,"key":"Mercury Hourglass"},{"floor":27.0,"key":"Pocketwatch"},{"floor":30.0,"key":"Ornamental Fan"},{"floor":40.0,"key":"Bag of Marbles"},{"floor":42.0,"key":"Calipers"},{"floor":44.0,"key":"Toxic Egg 2"},{"floor":46.0,"key":"Smiling Mask"},{"floor":55.0,"key":"Pantograph"}],"event_choices":[{"cards_removed":["Strike_P"],"damage_healed":0.0,"max_hp_gain":0.0,"max_hp_loss":0.0,"gold_gain":0.0,"event_name":"Living Wall","player_choice":"Forget","floor":2.0,"gold_loss":0.0,"damage_taken":0.0},{"cards_removed":["Defend_P"],"damage_healed":0.0,"max_hp_gain":0.0,"max_hp_loss":0.0,"gold_gain":0.0,"event_name":"Purifier","player_choice":"Purged","floor":4.0,"gold_loss":0.0,"damage_taken":0.0},{"cards_removed":["Defend_P"],"damage_healed":0.0,"max_hp_gain":0.0,"max_hp_loss":0.0,"gold_gain":0.0,"event_name":"Designer","player_choice":"Upgrade and Remove","floor":19.0,"gold_loss":110.0,"damage_taken":0.0,"cards_upgraded":["Strike_P"]},{"damage_healed":0.0,"max_hp_gain":0.0,"max_hp_loss":0.0,"gold_gain":0.0,"event_name":"Tomb of Lord Red Mask","player_choice":"Paid","floor":38.0,"gold_loss":53.0,"damage_taken":0.0,"relics_obtained":["Red Mask"]},{"damage_healed":0.0,"max_hp_gain":0.0,"max_hp_loss":0.0,"gold_gain":999.0,"event_name":"MindBloom","player_choice":"Gold","floor":39.0,"gold_loss":0.0,"damage_taken":0.0,"cards_obtained":["Normality","Normality"]}],"is_beta":false,"boss_relics":[{"not_picked":["Busted Crown","Runic Dome"],"picked":"Philosopher\u0027s Stone"},{"not_picked":["Snecko Eye","Fusion Hammer"],"picked":"SacredBark"}],"items_purged_floors":[12,22,28,37,54],"is_endless":false,"potions_floor_spawned":[3,7,14,18,21,29,30,33,35,36,42,48],"ascension_level":20}}