{"host":"pynofkhbweftzsaw","time":1609130776,"event":{"mods":["BaseMod","Colored Map","Minty Spire (QoL Compilation)","StSLib"],"gold_per_floor":[117,117,92,92,92,127,138,138,138,138,154,154,173,199,199,294,294,310,329,148,162,162,194,194,228,251,251,264,264,298,298,298,298,298],"floor_reached":33,"playtime":2142,"items_purged":["Defend_G"],"score":311,"play_id":"2237e094-60c4-4882-998a-80a2c1dd1782","local_time":"20201228124616","is_ascension_mode":false,"campfire_choices":[{"floor":8,"key":"REST"},{"data":"Neutralize","floor":12,"key":"SMITH"},{"floor":15,"key":"REST"},{"data":"A Thousand Cuts","floor":24,"key":"SMITH"},{"floor":27,"key":"REST"},{"floor":32,"key":"DIG"}],"circlet_count":0,"master_deck":["Strike_G","Strike_G","Strike_G","Strike_G","Strike_G","Defend_G","Defend_G","Defend_G","Defend_G","Survivor","Neutralize+1","Deflect","Prepared","Blade Dance","Infinite Blades+1","Dagger Throw","Dagger Throw","Heel Hook","A Thousand Cuts+1","Choke","Terror","Escape Plan","Deadly Poison+1","Corpse Explosion"],"relics":["WristBlade","Centennial Puzzle","HornCleat","Boot","Sozu","Membership Card","Kunai","Shovel","Regal Pillow","Potion Belt","Bag of Marbles","Unceasing Top"],"acts_visited":["Exordium","TheCity"],"potions_floor_usage":[16,16,18,30],"damage_taken":[{"damage":0,"enemies":"2 Louse","floor":1,"turns":3},{"damage":49,"enemies":"Gremlin Nob","floor":6,"turns":6},{"damage":0,"enemies":"Small Slimes","floor":7,"turns":2},{"damage":3,"enemies":"Jaw Worm","floor":11,"turns":2},{"damage":2,"enemies":"Looter","floor":13,"turns":2},{"damage":13,"enemies":"3 Sentries","floor":14,"turns":6},{"damage":35,"enemies":"The Guardian","floor":16,"turns":9},{"damage":3,"enemies":"2 Thieves","floor":18,"turns":4},{"damage":0,"enemies":"Spheric Guardian","floor":19,"turns":3},{"damage":11,"enemies":"Chosen and Byrds","floor":21,"turns":3},{"damage":19,"enemies":"Gremlin Leader","floor":23,"turns":4},{"damage":12,"enemies":"Book of Stabbing","floor":25,"turns":4},{"damage":6,"enemies":"Centurion and Healer","floor":28,"turns":4},{"damage":20,"enemies":"Slavers","floor":30,"turns":5},{"damage":51,"enemies":"Automaton","floor":33,"turns":6}],"seed_played":"7803546216823695635","potions_obtained":[{"floor":6,"key":"Poison Potion"},{"floor":13,"key":"EssenceOfSteel"},{"floor":14,"key":"Poison Potion"},{"floor":16,"key":"Block Potion"}],"is_trial":false,"path_per_floor":["M","?","$","?","$","E","M","R","T","?","M","R","M","E","R","B",null,"M","M","$","M","?","E","R","E","T","R","M","?","E","?","R","B"],"character_chosen":"THE_SILENT","items_purchased":["Prepared","Membership Card"],"campfire_rested":3,"item_purchase_floors":[3,20],"current_hp_per_floor":[70,75,75,75,75,26,26,48,48,48,45,45,43,30,52,17,75,72,72,72,61,61,42,42,30,30,67,61,61,41,41,41,0,0],"gold":298,"neow_bonus":"BOSS_RELIC","is_daily":false,"chose_seed":false,"campfire_upgraded":2,"win_rate":0.0,"timestamp":1609130776,"path_taken":["M","?","$","?","?","E","M","R","T","?","M","R","M","E","R","BOSS","M","M","$","M","?","E","R","E","T","R","M","?","E","?","R","BOSS"],"items_purchased_type":["Card","Relic"],"build_version":"2020-12-22","purchased_purges":1,"victory":false,"max_hp_per_floor":[70,75,75,75,75,75,75,75,75,75,75,75,75,75,75,75,75,75,75,75,75,75,75,75,75,75,75,75,75,75,75,75,75,75],"card_choices":[{"not_picked":["Dodge and Roll","Eviscerate"],"picked":"Deflect","floor":1},{"not_picked":["Infinite Blades","Distraction"],"picked":"Blade Dance","floor":6},{"not_picked":["Poisoned Stab","Underhanded Strike"],"picked":"Infinite Blades","floor":7},{"not_picked":["Malaise","Bane"],"picked":"Dagger Throw","floor":11},{"not_picked":["Deflect","Backflip"],"picked":"Dagger Throw","floor":13},{"not_picked":["Noxious Fumes","Flechettes"],"picked":"Heel Hook","floor":14},{"not_picked":["Burst","Tools of the Trade"],"picked":"A Thousand Cuts","floor":16},{"not_picked":["Predator","Flying Knee"],"picked":"Choke","floor":18},{"not_picked":["Acrobatics+1","Heel Hook"],"picked":"Terror","floor":19},{"not_picked":["Flying Knee","Sucker Punch+1"],"picked":"Escape Plan","floor":21},{"not_picked":["Backflip+1","Dodge and Roll"],"picked":"Deadly Poison+1","floor":23},{"not_picked":["Sucker Punch","Flechettes","Expertise+1"],"picked":"SKIP","floor":25},{"not_picked":["Underhanded Strike","Dagger Spray","Deflect"],"picked":"SKIP","floor":28},{"not_picked":["Flechettes+1","Poisoned Stab"],"picked":"Corpse Explosion","floor":30}],"player_experience":20349,"relics_obtained":[{"floor":6,"key":"Centennial Puzzle"},{"floor":9,"key":"HornCleat"},{"floor":14,"key":"Boot"},{"floor":23,"key":"Kunai"},{"floor":25,"key":"Shovel"},{"floor":26,"key":"Regal Pillow"},{"floor":30,"key":"Bag of Marbles"},{"floor":32,"key":"Unceasing Top"}],"event_choices":[{"damage_healed":0,"gold_gain":0,"player_choice":"Donut","damage_taken":0,"max_hp_gain":5,"max_hp_loss":0,"event_name":"Big Fish","floor":2,"gold_loss":0},{"damage_healed":0,"gold_gain":0,"player_choice":"Ignored","damage_taken":0,"max_hp_gain":0,"max_hp_loss":0,"event_name":"Liars Game","floor":4,"gold_loss":0},{"damage_healed":0,"gold_gain":0,"player_choice":"Grow","damage_taken":0,"max_hp_gain":0,"max_hp_loss":0,"event_name":"Living Wall","floor":10,"gold_loss":0,"cards_upgraded":["Infinite Blades"]},{"damage_healed":0,"gold_gain":0,"player_choice":"Ignored","damage_taken":0,"max_hp_gain":0,"max_hp_loss":0,"event_name":"Beggar","floor":22,"gold_loss":0},{"damage_healed":0,"gold_gain":0,"player_choice":"Opened","damage_taken":0,"relics_obtained":["Potion Belt"],"max_hp_gain":0,"max_hp_loss":0,"event_name":"The Mausoleum","floor":29,"gold_loss":0},{"damage_healed":0,"gold_gain":0,"player_choice":"Ignored","damage_taken":0,"max_hp_gain":0,"max_hp_loss":0,"event_name":"Ghosts","floor":31,"gold_loss":0}],"is_beta":false,"boss_relics":[{"not_picked":["Busted Crown","Tiny House"],"picked":"Sozu"}],"items_purged_floors":[20],"is_endless":false,"potions_floor_spawned":[6,13,14,16,18,21,25],"killed_by":"Automaton","ascension_level":0}}