{"host":"792mtbovsoa03nb3","time":1609181073,"event":{"mods":["BaseMod","Colored Map","Dota2Spire","Downfall","Hubris","Infinite Spire","Minty Spire (QoL Compilation)","Replay The Spire","Spicy Shops","StSLib","The Blue Laboratory","The Jungle"],"gold_per_floor":[117,67,77,77,96,131,228,228,228,253,265,305,330,354,366,473,485,513,440,452,389,413,425,472,503,541,569,581,610,640,299,299,398,398,417,417,194,214,234,269,322,337,337,347,376,376,404,421,421,421],"floor_reached":51,"playtime":2112,"items_purged":[],"score":955,"play_id":"75c43bc9-68f4-403f-adec-554255365a7b","local_time":"20201228104433","is_ascension_mode":true,"campfire_choices":[{"data":"Double Tap","floor":11,"key":"SMITH"},{"data":"Havoc","floor":23,"key":"SMITH"},{"data":"True Grit","floor":32,"key":"SMITH"},{"data":"Armaments","floor":46,"key":"SMITH"},{"data":"Havoc","floor":49,"key":"SMITH"}],"circlet_count":0,"master_deck":["Strike_R","Strike_R","Strike_R","Defend_R+1","Defend_R+1","Defend_R","Bash","ReplayTheSpireMod:Strike From Hell","Run Through","ReplayTheSpireMod:Strike From Hell","Shrug It Off","ReplayTheSpireMod:Strike From Hell","Double Tap+1","Shrug It Off+1","ReplayReversal+1","Defy Death","Offering","Havoc+1","Impervious","Havoc+1","infinitespire:OneForAll+1","Thunderclap+1","infinitespire:UltimateForm+1","Shockwave","True Grit+1","Berserk+1","Armaments+1","Feel No Pain+1","ReplayTheSpireMod:Strike From Hell","Anger","Warcry+1","Demon Form+1","ReplayTheSpireMod:Stacked","Defy Death"],"relics":["Burning Blood","Dota2Spire:CrimsonGuard","Frozen Egg 2","MawBank","Dota2Spire:Desolator","hubris:VirtuousBlindfold","Ornamental Fan","ReplayTheSpireMod:Spearhead","Simple Rune","Dota2Spire:UrnOfShadows","Mark of Pain","Lee\u0027s Waffle","ReplayFunnel","hubris:Backtick","Dota2Spire:HeartOfTarrasque","Bag of Marbles","Gremlin Food","hubris:Spice","Pear","Pen Nib","hubris:PeanutButter"],"acts_visited":["Exordium","TheCity","TheBeyond"],"potions_floor_usage":[6,12,16,16,24,24,29,33,48,50],"damage_taken":[{"damage":7,"enemies":"Jaw Worm","floor":1,"turns":6},{"damage":0,"enemies":"Small Slimes","floor":3,"turns":3},{"damage":6,"enemies":"Cultist","floor":5,"turns":3},{"damage":22,"enemies":"3 Sentries","floor":6,"turns":11},{"damage":4,"enemies":"2 Fungi Beasts","floor":10,"turns":3},{"damage":23,"enemies":"Gremlin Nob","floor":12,"turns":4},{"damage":5,"enemies":"Large Slime","floor":13,"turns":5},{"damage":14,"enemies":"Red Slaver","floor":14,"turns":2},{"damage":6,"enemies":"The Guardian","floor":16,"turns":10},{"damage":6,"enemies":"2 Thieves","floor":18,"turns":3},{"damage":6,"enemies":"3 Byrds","floor":22,"turns":4},{"damage":55,"enemies":"Gremlin Leader","floor":24,"turns":7},{"damage":15,"enemies":"Snake Plant","floor":25,"turns":2},{"damage":15,"enemies":"Shelled Parasite and Fungi","floor":27,"turns":4},{"damage":6,"enemies":"Centurion and Healer","floor":29,"turns":4},{"damage":6,"enemies":"Snecko","floor":30,"turns":3},{"damage":50,"enemies":"Champ","floor":33,"turns":7},{"damage":6,"enemies":"3 Shapes","floor":35,"turns":4},{"damage":0,"enemies":"Orb Walker","floor":38,"turns":3},{"damage":10,"enemies":"Writhing Mass","floor":39,"turns":5},{"damage":6,"enemies":"Nemesis","floor":40,"turns":5},{"damage":18,"enemies":"2 Orb Walkers","floor":41,"turns":6},{"damage":0,"enemies":"Spire Growth","floor":42,"turns":4},{"damage":31,"enemies":"Sphere and 2 Shapes","floor":44,"turns":4},{"damage":8,"enemies":"Giant Head","floor":45,"turns":5},{"damage":30,"enemies":"Reptomancer","floor":47,"turns":3},{"damage":8,"enemies":"Maw","floor":48,"turns":5},{"damage":16,"enemies":"Replay:Hell Engine","floor":50,"turns":4}],"seed_played":"2723011440351794222","potions_obtained":[{"floor":1,"key":"Adrenaline Potion"},{"floor":5,"key":"Dexterity Potion"},{"floor":10,"key":"champ:CounterPotion"},{"floor":12,"key":"blueLaboratory:BubblePotion"},{"floor":14,"key":"Fire Potion"},{"floor":22,"key":"Energy Potion"},{"floor":27,"key":"Strength Potion"},{"floor":29,"key":"champ:CounterPotion"},{"floor":38,"key":"LiquidMemories"},{"floor":41,"key":"FairyPotion"},{"floor":44,"key":"SkillPotion"},{"floor":47,"key":"Dota2Spire:HealingSalve"},{"floor":48,"key":"blueLaboratory:BottleOfRum"}],"is_trial":false,"path_per_floor":["M","?","M","?","M","E","?","?","T","M","R","E","M","M","R_BF","B",null,"M","?","T","?","M","R","E","M","T","M","AVR","M","M","$","R","B",null,"M","?","$","M","M","E","?","M","T","M","E","R","E","M","R","B",null],"character_chosen":"IRONCLAD","items_purchased":["True Grit","Lee\u0027s Waffle","ReplayFunnel","Feel No Pain+1","Bag of Marbles"],"campfire_rested":0,"item_purchase_floors":[31,31,31,37,37],"current_hp_per_floor":[79,79,80,73,73,57,57,57,57,59,59,42,43,35,59,59,80,80,80,80,80,80,80,31,22,22,13,13,19,25,87,87,43,95,95,95,95,95,95,95,91,101,111,92,97,97,79,77,77,73],"gold":421,"neow_bonus":"TRANSFORM_CARD","is_daily":false,"chose_seed":false,"campfire_upgraded":5,"win_rate":0.0,"timestamp":1609181073,"path_taken":["M","?","M","?","M","E","?","?","T","M","R","E","M","?","R_BF","BOSS","M","?","?","?","M","R","E","M","T","M","AVR","M","M","$","R","BOSS","M","?","$","M","?","E","?","M","T","M","E","R","E","M","R","BOSS"],"items_purchased_type":["Card","Relic","Relic","Card","Relic"],"build_version":"2020-12-22","purchased_purges":0,"victory":true,"max_hp_per_floor":[80,80,80,80,80,80,80,80,80,80,80,80,80,80,80,80,80,80,80,80,80,80,80,80,80,80,80,80,80,80,87,87,87,95,95,95,95,95,95,95,103,103,113,113,113,113,113,113,113,113],"card_choices":[{"not_picked":["hubris:ReadiedAction","Entrench"],"picked":"Run Through","floor":1},{"not_picked":["Burning Pact","Sword Boomerang"],"picked":"ReplayTheSpireMod:Strike From Hell","floor":3},{"not_picked":["Wild Strike","ReplayTheSpireMod:Corrosion Curse"],"picked":"Shrug It Off","floor":5},{"not_picked":["infinitespire:OneForAll","Whirlwind"],"picked":"ReplayTheSpireMod:Strike From Hell","floor":6},{"not_picked":["Body Slam","Carnage"],"picked":"Double Tap","floor":7},{"not_picked":["Sword Boomerang","Uppercut"],"picked":"Shrug It Off","floor":7},{"not_picked":["ReplayTheSpireMod:Corrosion Curse","Cleave"],"picked":"ReplayReversal","floor":10},{"not_picked":["Flex","Searing Blow"],"picked":"Defy Death","floor":12},{"not_picked":["Reckless Charge","Sword Boomerang"],"picked":"Offering","floor":13},{"not_picked":["Pummel","Replay:Undeath\u0027s Touch"],"picked":"Havoc","floor":14},{"not_picked":["Demon Form+1","Hemogenesis"],"picked":"Impervious","floor":16},{"not_picked":["Hemokinesis","Replay:Undeath\u0027s Touch"],"picked":"Havoc","floor":18},{"not_picked":["Bloodletting","Iron Wave"],"picked":"infinitespire:OneForAll+1","floor":22},{"not_picked":["Intimidate","Run Through","Warcry"],"picked":"SKIP","floor":24},{"not_picked":["Blood for Blood+1","Battle Trance","Spot Weakness"],"picked":"SKIP","floor":25},{"not_picked":["Clothesline+1","Entrench"],"picked":"Thunderclap+1","floor":27},{"not_picked":["Pommel Strike","Headbutt","Clothesline+1"],"picked":"SKIP","floor":29},{"not_picked":["Cleave+1","Spot Weakness"],"picked":"Shockwave","floor":30},{"not_picked":["Replay:Many Hands","Impervious"],"picked":"Berserk+1","floor":33},{"not_picked":["Evolve+1","Shrug It Off"],"picked":"Armaments","floor":35},{"not_picked":["Ghostly Armor","Wild Strike"],"picked":"ReplayTheSpireMod:Strike From Hell","floor":38},{"not_picked":["hubris:ReadiedAction+1","Flex"],"picked":"Anger","floor":39},{"not_picked":["Flex","Run Through"],"picked":"Warcry+1","floor":40},{"not_picked":["Sentinel+1","Perfected Strike+1"],"picked":"Demon Form+1","floor":41},{"not_picked":["Twin Strike+1","Iron Wave+1","Intimidate"],"picked":"SKIP","floor":42},{"not_picked":["ReplayTheSpireMod:Corrosion Curse","Warcry","Inflame+1"],"picked":"SKIP","floor":44},{"not_picked":["Sword Boomerang+1","hubris:ReadiedAction+1","Clothesline+1"],"picked":"SKIP","floor":45},{"not_picked":["Seeing Red","Whirlwind+1"],"picked":"ReplayTheSpireMod:Stacked","floor":47},{"not_picked":["Clothesline+1","Havoc+1"],"picked":"Defy Death","floor":48}],"player_experience":797883,"relics_obtained":[{"floor":6,"key":"Frozen Egg 2"},{"floor":9,"key":"MawBank"},{"floor":12,"key":"Dota2Spire:Desolator"},{"floor":20,"key":"ReplayTheSpireMod:Spearhead"},{"floor":24,"key":"Simple Rune"},{"floor":40,"key":"Gremlin Food"},{"floor":41,"key":"hubris:Spice"},{"floor":43,"key":"Pear"},{"floor":45,"key":"Pen Nib"},{"floor":47,"key":"hubris:PeanutButter"}],"event_choices":[{"cards_removed":["Defend_R"],"damage_healed":0,"gold_gain":0,"player_choice":"Card Removal","damage_taken":0,"max_hp_gain":0,"max_hp_loss":0,"event_name":"The Cleric","floor":2,"gold_loss":50},{"damage_healed":0,"gold_gain":0,"player_choice":"Success","damage_taken":7,"relics_obtained":["Dota2Spire:CrimsonGuard"],"max_hp_gain":0,"max_hp_loss":0,"event_name":"Scrap Ooze","floor":4,"gold_loss":0},{"damage_healed":0,"gold_gain":0,"player_choice":"Obtained Relic","damage_taken":0,"relics_obtained":["Ornamental Fan"],"max_hp_gain":0,"max_hp_loss":0,"event_name":"Addict","floor":19,"gold_loss":85},{"cards_removed":["Strike_R"],"damage_healed":0,"gold_gain":0,"player_choice":"Gave Gold","damage_taken":0,"max_hp_gain":0,"max_hp_loss":0,"event_name":"Beggar","floor":21,"gold_loss":75},{"damage_healed":0,"gold_gain":0,"player_choice":"Bought 0 Potions","damage_taken":0,"max_hp_gain":0,"max_hp_loss":0,"event_name":"The Woman in Blue","floor":36,"gold_loss":0},{"damage_healed":0,"gold_gain":0,"player_choice":"Fight","damage_taken":0,"max_hp_gain":0,"max_hp_loss":0,"event_name":"Mysterious Sphere","floor":41,"gold_loss":0}],"is_beta":false,"boss_relics":[{"not_picked":["Replay:Fungal Core","infinitespire:Cupcake"],"picked":"hubris:VirtuousBlindfold"},{"not_picked":["ChewingGum","Cursed Key"],"picked":"hubris:Backtick"}],"items_purged_floors":[],"is_endless":false,"potions_floor_spawned":[1,5,10,12,14,22,27,29,38,41,44,47,48],"ascension_level":4}}