{"host":"wxrgaq1bfkpxegie","time":1609122301,"event":{"mods":["Act Like it!","BaseMod","Colored Powertips","Downfall","Gensokyo","Hermit","KinomotoSakuraMod(????)","Koishi","Marisa????????","Minty Spire (QoL Compilation)","Reimu??????","Remilia??????","StSLib","The Administrix","The Cursed","The Disciple","The Gatherer","The Poker Player","The Runesmith","The Senshi","The Servant 0.9.4","Waifu the Spire","WarShipGirlsR/????R mod","Yuyuko"],"gold_per_floor":[116,127,46,63,76,76,94,105,105,105,65,65,65,84,84,84,84],"floor_reached":16,"playtime":1037,"items_purged":[],"score":94,"play_id":"57f61946-2a15-4be7-b585-182ae5a861a7","local_time":"20201227182501","is_ascension_mode":false,"campfire_choices":[{"data":"hermit:Combo","floor":6,"key":"SMITH"},{"data":"1","floor":10,"key":"LIFT"},{"floor":15,"key":"REST"}],"circlet_count":0,"master_deck":["hermit:Strike_Hermit","hermit:Strike_Hermit","hermit:Strike_Hermit","hermit:Strike_Hermit","hermit:Defend_Hermit","hermit:Defend_Hermit","hermit:Defend_Hermit","hermit:Defend_Hermit","hermit:Snapshot","hermit:Covet","hermit:EyeOfTheStorm","hermit:Combo+1","hermit:PistolWhip","hermit:Ricochet","hermit:BodyArmor","hermit:PistolWhip","hermit:Horror","hermit:Coalescence"],"relics":["hermit:Momento","Girya","PaintedHorse:ReiMu"],"acts_visited":["Exordium"],"potions_floor_usage":[],"damage_taken":[{"damage":0,"enemies":"Cultist","floor":1,"turns":4},{"damage":2,"enemies":"Small Slimes","floor":2,"turns":3},{"damage":5,"enemies":"2 Louse","floor":4,"turns":4},{"damage":0,"enemies":"2 Fungi Beasts","floor":5,"turns":2},{"damage":6,"enemies":"Large Slime","floor":7,"turns":8},{"damage":5,"enemies":"Lots of Slimes","floor":8,"turns":3},{"damage":13,"enemies":"Red Slaver","floor":14,"turns":2},{"damage":0,"enemies":"The Guardian","floor":16,"turns":1}],"seed_played":"-6439559554173166433","potions_obtained":[{"floor":1,"key":"FearPotion"},{"floor":2,"key":"SteroidPotion"},{"floor":7,"key":"sneckomod:MuddlingPotion"},{"floor":8,"key":"Energy Potion"}],"is_trial":false,"path_per_floor":["M","M","$","M","M","R","M","M","T","R","?","?","$","M","R","B"],"character_chosen":"HERMIT","items_purchased":["hermit:PistolWhip"],"campfire_rested":1,"item_purchase_floors":[3],"current_hp_per_floor":[75,73,73,68,68,68,62,57,57,57,57,57,57,44,66,66,66],"gold":84,"neow_bonus":"","is_daily":false,"chose_seed":false,"campfire_upgraded":1,"win_rate":0.0,"timestamp":1609122301,"path_taken":["M","M","$","M","?","R","M","M","T","R","?","?","$","M","R","BOSS"],"items_purchased_type":["Card"],"build_version":"2020-12-22","purchased_purges":0,"victory":false,"max_hp_per_floor":[75,75,75,75,75,75,75,75,75,75,75,75,75,75,75,75,75],"card_choices":[{"not_picked":["hermit:Showdown","hermit:NoHoldsBarred"],"picked":"hermit:EyeOfTheStorm","floor":1},{"not_picked":["hermit:ItchyTrigger","hermit:Misfire"],"picked":"hermit:Combo","floor":2},{"not_picked":["hermit:Showdown","hermit:Cheat"],"picked":"hermit:Ricochet","floor":4},{"not_picked":["hermit:LoneWolf","hermit:LowProfile"],"picked":"hermit:BodyArmor","floor":5},{"not_picked":["hermit:Dissolve","hermit:LoneWolf"],"picked":"hermit:PistolWhip","floor":7},{"not_picked":["hermit:Vantage","hermit:CalledShot"],"picked":"hermit:Horror","floor":8},{"not_picked":["hermit:TakeAim","hermit:Quickdraw"],"picked":"hermit:Coalescence","floor":14}],"player_experience":19,"relics_obtained":[{"floor":9,"key":"Girya"}],"event_choices":[{"damage_healed":0,"gold_gain":0,"player_choice":"Donate","damage_taken":0,"relics_obtained":["PaintedHorse:ReiMu"],"max_hp_gain":0,"max_hp_loss":0,"event_name":"yidonshenshe","floor":11,"gold_loss":40},{"damage_healed":0,"gold_gain":0,"player_choice":"Bought 0 Potions","damage_taken":0,"max_hp_gain":0,"max_hp_loss":0,"event_name":"The Woman in Blue","floor":12,"gold_loss":0}],"is_beta":false,"boss_relics":[],"items_purged_floors":[],"is_endless":false,"potions_floor_spawned":[1,2,7,8],"killed_by":"The Guardian","ascension_level":0}}