{"host":"rewczy2ihmzhwqlt","time":1609152477,"event":{"mods":["Act Like it!","BaseMod","Gensokyo","Minty Spire (QoL Compilation)","Permanent Neow","Quick Restart","Rare Cards Sparkle","StSLib"],"gold_per_floor":[213,231,242,260,260,291,291,322,322,335,363,363,373,143,143,242,242,258,270,72,89,89,117,117,117,117,134,166,86,86,113,113,212,212,231,6,6,19,36,64,89,89,164,164,208,243,261,261,261,261],"floor_reached":51,"playtime":3822,"items_purged":["Strike_P"],"score":1420,"play_id":"a60b63e7-96d7-4de8-b00b-59c8f7cc920f","local_time":"20201228184757","is_ascension_mode":true,"campfire_choices":[{"data":"Eruption","floor":7.0,"key":"SMITH"},{"data":"Meditate","floor":12.0,"key":"SMITH"},{"data":"Vigilance","floor":15.0,"key":"SMITH"},{"data":"Vault","floor":25.0,"key":"SMITH"},{"floor":32.0,"key":"REST"},{"floor":49,"key":"DIG"}],"circlet_count":0,"master_deck":["Strike_P","Strike_P","Defend_P","Defend_P","Defend_P","Defend_P","Eruption+1","Vigilance+1","CarveReality","DeusExMachina","Study+1","Meditate+1","Adaptation+1","Vault+1","CrushJoints+1","Wireheading+1","Tantrum+1","Gensokyo:FourOfAKind","Gensokyo:FourOfAKind","Gensokyo:FourOfAKind","Gensokyo:FourOfAKind","Gensokyo:MenInBlack","Vault"],"relics":["PureWater","Gensokyo:Mercy","StoneCalendar","HornCleat","Frozen Egg 2","Molten Egg 2","ClockworkSouvenir","Busted Crown","Orichalcum","WingedGreaves","Art of War","Gensokyo:MosesMiracle","Gremlin Horn","Smiling Mask","Meat on the Bone","Black Star","Shovel","Omamori","Matryoshka","Eternal Feather","Pen Nib","CeramicFish","Damaru","Kunai","Mercury Hourglass","Letter Opener","CloakClasp","Bag of Preparation","Pear"],"acts_visited":["Exordium","Gensokyo:Gensokyo","Gensokyo:Gensokyoer"],"potions_floor_usage":[50,50],"damage_taken":[{"damage":3.0,"enemies":"Gensokyo:Gryphon","floor":1.0,"turns":4.0},{"damage":0.0,"enemies":"Gensokyo:2_Kodama","floor":2.0,"turns":4.0},{"damage":0.0,"enemies":"Gensokyo:3_Fairies","floor":3.0,"turns":3.0},{"damage":11.0,"enemies":"Gensokyo:3_Kodama","floor":4.0,"turns":3.0},{"damage":0.0,"enemies":"Gensokyo:Mamizou","floor":6.0,"turns":8.0},{"damage":0.0,"enemies":"Gensokyo:Aya","floor":8.0,"turns":4.0},{"damage":2.0,"enemies":"Gensokyo:2_Rabbits","floor":10.0,"turns":3.0},{"damage":4.0,"enemies":"Gensokyo:Cirno","floor":11.0,"turns":5.0},{"damage":0.0,"enemies":"Gensokyo:Gryphon_and_Rabbit","floor":13.0,"turns":3.0},{"damage":27.0,"enemies":"Gensokyo:Reimu","floor":16.0,"turns":7.0},{"damage":2.0,"enemies":"Gensokyo:AngelMirror","floor":18.0,"turns":3.0},{"damage":0.0,"enemies":"Gensokyo:2_Gloops","floor":19.0,"turns":4.0},{"damage":9.0,"enemies":"Gensokyo:Monolith_and_Dog","floor":21.0,"turns":6.0},{"damage":20.0,"enemies":"Gensokyo:Tenshi","floor":23.0,"turns":3.0},{"damage":0.0,"enemies":"Gensokyo:Chomper_and_Gloop","floor":27.0,"turns":3.0},{"damage":0.0,"enemies":"Gensokyo:Koishi","floor":28.0,"turns":3.0},{"damage":23.0,"enemies":"Gensokyo:Tenshi","floor":31.0,"turns":3.0},{"damage":4.0,"enemies":"Gensokyo:Eiki","floor":33.0,"turns":5.0},{"damage":0.0,"enemies":"Gensokyo:3_Boulders","floor":35.0,"turns":3.0},{"damage":1.0,"enemies":"Gensokyo:3_Bats","floor":38.0,"turns":4.0},{"damage":0.0,"enemies":"Gensokyo:AtlasGolem","floor":39.0,"turns":5.0},{"damage":9.0,"enemies":"Gensokyo:Marisa","floor":40.0,"turns":6.0},{"damage":0.0,"enemies":"Gensokyo:Kasen","floor":41.0,"turns":7.0},{"damage":0,"enemies":"Gensokyo:Doremy","floor":45,"turns":7},{"damage":0,"enemies":"Gensokyo:Marisa","floor":46,"turns":5},{"damage":0,"enemies":"Gensokyo:Rafflesia","floor":47,"turns":4},{"damage":0,"enemies":"Gensokyo:Yuyuko","floor":50,"turns":7}],"seed_played":"3114335493629707435","potions_obtained":[{"floor":1.0,"key":"SpeedPotion"},{"floor":6.0,"key":"SpeedPotion"},{"floor":10.0,"key":"Weak Potion"},{"floor":18.0,"key":"GamblersBrew"},{"floor":19.0,"key":"FearPotion"},{"floor":21.0,"key":"FairyPotion"},{"floor":38.0,"key":"PowerPotion"},{"floor":48,"key":"DuplicationPotion"},{"floor":48,"key":"CultistPotion"}],"is_trial":false,"path_per_floor":["M","M","M","M","?","E","R","E","T","M","E","R","M","COS","R","B",null,"M","M","$","M","?","E","?","R","T","M","E","COS","?","E","R","B",null,"M","COS","?","M","M","E","E","?","T","?","E","E","M","?","R","B",null],"character_chosen":"WATCHER","items_purchased":["CrushJoints+1","Wireheading+1"],"campfire_rested":1,"item_purchase_floors":[20,20],"current_hp_per_floor":[62,62,62,51,51,51,51,51,51,49,45,45,45,45,45,18,59,57,57,57,48,48,28,28,28,28,28,28,28,28,5,20,28,45,45,45,45,44,44,35,35,35,35,28,28,28,28,28,50,50],"gold":261,"neow_bonus":"HUNDRED_GOLD","is_daily":false,"chose_seed":false,"campfire_upgraded":4,"win_rate":0.0,"timestamp":1609152477,"path_taken":["M","M","?","M","?","E","R","E","T","M","E","R","M","COS","R","BOSS","M","M","$","M","?","E","?","R","T","M","E","COS","?","E","R","BOSS","M","COS","?","?","?","E","E","?","T","?","E","E","M","?","R","BOSS"],"items_purchased_type":["Card","Card"],"build_version":"2020-12-22","purchased_purges":1,"victory":true,"max_hp_per_floor":[72,72,72,72,72,72,72,72,72,72,72,72,72,72,72,72,72,72,72,72,72,51,51,51,51,51,51,51,51,51,51,51,51,51,51,51,51,51,51,51,51,51,51,51,51,51,51,51,61,61],"card_choices":[{"not_picked":["Nirvana","Worship","Collect"],"picked":"SKIP","floor":1.0},{"not_picked":["SashWhip","BowlingBash"],"picked":"FlurryOfBlows","floor":2.0},{"not_picked":["ThirdEye","Worship","Halt"],"picked":"SKIP","floor":3.0},{"not_picked":["Halt","Nirvana"],"picked":"CarveReality","floor":4.0},{"not_picked":["SandsOfTime","BattleHymn"],"picked":"DeusExMachina","floor":6.0},{"not_picked":["WaveOfTheHand","Pray","BattleHymn"],"picked":"SKIP","floor":8.0},{"not_picked":["Consecrate","FlyingSleeves"],"picked":"Study+1","floor":10.0},{"not_picked":["Sanctity","FlyingSleeves+1"],"picked":"Meditate","floor":11.0},{"not_picked":["FlyingSleeves+1","LikeWater+1"],"picked":"Adaptation+1","floor":13.0},{"not_picked":["Brilliance+1","Alpha"],"picked":"Vault","floor":16.0},{"not_picked":["Conclude+1"],"picked":"SKIP","floor":18.0},{"not_picked":["Indignation"],"picked":"SKIP","floor":19.0},{"not_picked":[],"picked":"Tantrum+1","floor":21.0},{"not_picked":["SandsOfTime+1"],"picked":"SKIP","floor":23.0},{"not_picked":["CrushJoints+1"],"picked":"SKIP","floor":27.0},{"not_picked":["CrushJoints+1"],"picked":"SKIP","floor":28.0},{"not_picked":["WindmillStrike+1"],"picked":"SKIP","floor":31.0},{"not_picked":["Pray"],"picked":"SKIP","floor":35.0},{"not_picked":["Pray"],"picked":"SKIP","floor":35.0},{"not_picked":["FlyingSleeves+1"],"picked":"SKIP","floor":38.0},{"not_picked":["ThirdEye+1"],"picked":"SKIP","floor":39.0},{"not_picked":["WaveOfTheHand+1"],"picked":"SKIP","floor":40.0},{"not_picked":["SashWhip+1"],"picked":"SKIP","floor":41.0},{"not_picked":[],"picked":"Vault","floor":45},{"not_picked":["CrushJoints+1"],"picked":"SKIP","floor":46},{"not_picked":["EmptyBody+1"],"picked":"SKIP","floor":47}],"player_experience":581097,"relics_obtained":[{"floor":6.0,"key":"StoneCalendar"},{"floor":8.0,"key":"HornCleat"},{"floor":9.0,"key":"Frozen Egg 2"},{"floor":11.0,"key":"Molten Egg 2"},{"floor":23.0,"key":"Art of War"},{"floor":26.0,"key":"Gremlin Horn"},{"floor":28.0,"key":"Smiling Mask"},{"floor":31.0,"key":"Gensokyo:MosesMiracle"},{"floor":31.0,"key":"Meat on the Bone"},{"floor":40.0,"key":"Matryoshka"},{"floor":40.0,"key":"Eternal Feather"},{"floor":41.0,"key":"Pen Nib"},{"floor":41.0,"key":"CeramicFish"},{"floor":43.0,"key":"Damaru"},{"floor":43.0,"key":"Kunai"},{"floor":45,"key":"Mercury Hourglass"},{"floor":45,"key":"Letter Opener"},{"floor":46,"key":"CloakClasp"},{"floor":46,"key":"Bag of Preparation"},{"floor":49,"key":"Pear"}],"event_choices":[],"is_beta":false,"boss_relics":[{"not_picked":["Calling Bell","Runic Dome"],"picked":"Busted Crown"},{"not_picked":["Runic Pyramid","SlaversCollar"],"picked":"Black Star"}],"items_purged_floors":[20],"is_endless":false,"potions_floor_spawned":[1,6,10,18,19,21,28,38,46],"ascension_level":9}}