{"host":"55yei7x27djrlaep","time":1609148927,"event":{"mods":["Act Like it!","Aspiration","BaseMod","Better Altar","Better Match","Better Note","Better Sensory Stone","Better Skull","Better Third Choice","BetterRewards","Colored Map","Conspire","Friendly Minions","GifTheSpireLib","Halation","Hubris","Minty Spire (QoL Compilation)","Pale of the Ancients","Relic Sorter","Replay The Spire","Spikes Relics","StSLib","Stuff the Spire","The Elementalist","The Marked"],"gold_per_floor":[116,116,130,150,161,194,194,222,273,307,322,334,334,348,348,452,452,467,467,477,477,487,522,522,549,549,549,549,549,575,575,603,328,328,426,426,443,443,443,462,462,489,499,534,534,567,586,616,627,638,638,638,648,659,659,197,197,215,215,215,215,215],"floor_reached":63,"playtime":4482,"items_purged":["Strike_B","Strike_B","Strike_B"],"score":2260,"play_id":"8a9ea444-1b24-4288-98aa-34e26ddc8ffa","local_time":"20201228124847","is_ascension_mode":true,"campfire_choices":[{"floor":7.0,"key":"REST"},{"floor":13.0,"key":"REST"},{"data":"Zap","floor":15.0,"key":"SMITH"},{"floor":24,"key":"REST"},{"floor":31,"key":"REST"},{"floor":34,"key":"RECALL"},{"data":"Aggregate","floor":51,"key":"SMITH"},{"data":"Aggregate+1","floor":57,"key":"SMITH"},{"data":"Aggregate+2","floor":59,"key":"SMITH"}],"circlet_count":0,"master_deck":["Defend_B","Defend_B","Defend_B","Zap+1","Dualcast","FIFO Queue","White Noise","Conserve Battery","StuffTheSpire:Plugnplay","FTL","Storm","Panic Button","Seek","BasicCrystalCard","Lockon","Conserve Battery","Redo+1","Core Surge","StuffTheSpire:Synthwave+1","Malaise","StuffTheSpire:Shiver","Hologram","StuffTheSpire:DeathNote","Defragment","Heatsinks+1","Aggregate+3","Hologram+1","Ball Lightning","Electrodynamics","Redo+1","Storm","ReplaySolidLightProjector+1","Conserve Battery+1","ReplayTheSpireMod:Calculation Training+1","aspiration:Polymerization","aspiration:Polymerization","Fusion","StuffTheSpire:ForEach","CommonCold","aspiration:Lunge","StuffTheSpire:Synthwave","Reinforced Body+1"],"relics":["Cracked Core","paleoftheancients:SoulOfTheWatcher","halation:VictoryRuler","CrustySpines","HyperAlloy","Ice Cream","Pantograph","StoneCalendar","FaceOfCleric","StuffTheSpire:EmeraldSignet","hubris:PeanutButter","ReplayTheSpireMod:Lightbulb","Happy Flower","halation:Prosthetics","Solar Panel","Centennial Puzzle","conspire:InfiniteJournal","Replay:Bottled Snecko","hubris:64BitClover","Regal Pillow","StuffTheSpire:RunicHypercube","Snack Pack","Replay:WaspNest","HornCleat","Replay:Ringing Soul","Boot","paleoftheancients:Timepiece","paleoftheancients:KeyRelic","Sozu","Letter Opener","Ring of Misfortune","conspire:DeflatedDodgeball","StuffTheSpire:Mouthbags","Carrot"],"acts_visited":["Exordium","TheCity","TheBeyond","paleoftheancients:PaleOfTheAncients"],"potions_floor_usage":[20,23,23,32,32,47,52,52],"damage_taken":[{"damage":4.0,"enemies":"Jaw Worm","floor":1.0,"turns":3.0},{"damage":0.0,"enemies":"Cultist","floor":3.0,"turns":3.0},{"damage":2.0,"enemies":"conspire:RoseBush","floor":4.0,"turns":3.0},{"damage":3.0,"enemies":"Large Slime","floor":5.0,"turns":6.0},{"damage":21.0,"enemies":"Lagavulin","floor":6.0,"turns":5.0},{"damage":4.0,"enemies":"Gremlin Nob","floor":8.0,"turns":3.0},{"damage":4.0,"enemies":"Lagavulin","floor":10.0,"turns":5.0},{"damage":10.0,"enemies":"Exordium Wildlife","floor":11.0,"turns":4.0},{"damage":0.0,"enemies":"2 Fungi Beasts","floor":12.0,"turns":3.0},{"damage":0.0,"enemies":"Large Slime","floor":14.0,"turns":4.0},{"damage":10.0,"enemies":"Fading Forest","floor":16.0,"turns":11.0},{"damage":3,"enemies":"Spheric Guardian","floor":18,"turns":6},{"damage":7,"enemies":"3 Byrds","floor":20,"turns":4},{"damage":5,"enemies":"Sentry and Sphere","floor":22,"turns":4},{"damage":11,"enemies":"conspire:Head Lice","floor":23,"turns":7},{"damage":16,"enemies":"Gremlin Leader","floor":25,"turns":6},{"damage":6,"enemies":"Book of Stabbing","floor":30,"turns":4},{"damage":0,"enemies":"conspire:Head Lice","floor":32,"turns":4},{"damage":7,"enemies":"hubris:MusketHawk","floor":35,"turns":6},{"damage":0,"enemies":"3 Shapes","floor":37,"turns":2},{"damage":0,"enemies":"Orb Walker","floor":40,"turns":3},{"damage":23,"enemies":"Nemesis","floor":42,"turns":3},{"damage":0,"enemies":"Transient","floor":43,"turns":5},{"damage":12,"enemies":"Reptomancer","floor":44,"turns":4},{"damage":7,"enemies":"Giant Head","floor":46,"turns":6},{"damage":0,"enemies":"Writhing Mass","floor":47,"turns":2},{"damage":0,"enemies":"Reptomancer","floor":48,"turns":3},{"damage":8,"enemies":"Jaw Worm Horde","floor":49,"turns":2},{"damage":0,"enemies":"Maw","floor":50,"turns":4},{"damage":0,"enemies":"Donu and Deca","floor":52,"turns":3},{"damage":9,"enemies":"Donu and Deca","floor":53,"turns":4},{"damage":7,"enemies":"Donu and Deca","floor":54,"turns":7},{"damage":18,"enemies":"Donu and Deca","floor":58,"turns":6},{"damage":4,"enemies":"paleoftheancients:N","floor":62,"turns":6}],"seed_played":"-6121222224971529229","potions_obtained":[{"floor":4.0,"key":"Adrenaline Potion"},{"floor":5.0,"key":"Languid Potion"},{"floor":10.0,"key":"SteroidPotion"},{"floor":12.0,"key":"Strength Potion"},{"floor":14.0,"key":"PotionOfCapacity"},{"floor":18,"key":"Swift Potion"},{"floor":20,"key":"Block Potion"},{"floor":25,"key":"Strength Potion"},{"floor":30,"key":"Explosive Potion"},{"floor":32,"key":"EssenceOfDarkness"},{"floor":37,"key":"SpeedPotion"},{"floor":42,"key":"Milkshake"},{"floor":46,"key":"DistilledChaos"},{"floor":49,"key":"SneckoOil"}],"is_trial":false,"path_per_floor":["M","?","M","M","M","E","R","E","T","E","M","M","R","M","R","B",null,"M","?","M","?","M","E","R","E","PTL","PTL","T","?","E","R","E","$","R_BF","B",null,"M","?","?","M","?","E","M","E","T","E","M","E","M","M","R_BF","B","M","M","?","$","R","M","R","T","?","B",null],"character_chosen":"DEFECT","items_purchased":["HyperAlloy","FIFO Queue","White Noise","Ice Cream","Conserve Battery","StuffTheSpire:Plugnplay","Pantograph","FTL","Regal Pillow","conspire:DeflatedDodgeball","StuffTheSpire:Mouthbags","StuffTheSpire:Synthwave"],"campfire_rested":4,"item_purchase_floors":[0,0,0,0,0,0,0,0,33,56,56,56],"current_hp_per_floor":[24,24,25,24,22,2,25,22,22,19,10,11,35,38,38,56,50,48,48,42,22,18,12,28,25,25,25,25,25,20,36,53,53,53,53,58,59,59,59,60,60,48,53,54,54,64,65,69,66,74,74,75,78,80,83,86,86,86,86,86,86,91],"gold":215,"neow_bonus":"","is_daily":false,"chose_seed":false,"campfire_upgraded":4,"win_rate":0.0,"timestamp":1609148927,"path_taken":["M","?","M","M","?","E","R","E","T","E","M","M","R","?","R","BOSS","M","?","M","?","M","E","R","E","PTL","PTL","T","?","E","R","E","$","R_BF","BOSS","M","?","?","M","?","E","M","E","T","E","M","E","M","M","R_BF","BOSS","M","M","?","$","R","M","R","T","?","BOSS"],"items_purchased_type":["Relic","Card","Card","Relic","Card","Card","Relic","Card","Relic","Relic","Relic","Card"],"build_version":"2020-12-22","purchased_purges":3,"victory":true,"max_hp_per_floor":[75,75,76,77,78,79,79,80,80,81,82,83,83,84,84,85,50,51,51,52,52,53,54,54,55,55,55,55,55,56,56,57,57,57,58,58,59,59,59,60,60,61,62,63,63,64,65,69,70,74,74,75,79,80,83,86,86,90,90,90,90,91],"card_choices":[{"not_picked":["Ball Lightning","Barrage"],"picked":"Storm","floor":1.0},{"not_picked":["Rebound","Stack"],"picked":"Panic Button","floor":3.0},{"not_picked":["Streamline","StuffTheSpire:LoadUp"],"picked":"Seek","floor":4.0},{"not_picked":["Beam Cell","Tempest"],"picked":"BasicCrystalCard","floor":5.0},{"not_picked":["Gash","Sweeping Beam","DiskWipe"],"picked":"SKIP","floor":6.0},{"not_picked":["Reprogram","ReplaySolidLightProjector"],"picked":"Lockon","floor":8.0},{"not_picked":["StuffTheSpire:LoadUp","Chaos"],"picked":"Conserve Battery","floor":10.0},{"not_picked":["Steam","ReplayGash","conspire:SharedLibrary"],"picked":"SKIP","floor":11.0},{"not_picked":["StuffTheSpire:GlassShard","Hologram"],"picked":"Redo","floor":12.0},{"not_picked":["StuffTheSpire:LoadUp","Stack","StuffTheSpire:ShieldGenerator"],"picked":"SKIP","floor":14.0},{"not_picked":["ReplayTheSpireMod:Omega Cannon","hubris:Prefetch"],"picked":"Core Surge","floor":16.0},{"not_picked":["StuffTheSpire:Plugnplay","Barrage+1"],"picked":"StuffTheSpire:Synthwave+1","floor":18},{"not_picked":["Cold Snap+1","Undo"],"picked":"Hologram","floor":20},{"not_picked":["Cold Snap","Steam"],"picked":"Defragment","floor":22},{"not_picked":["Scrape+1","ReplayTheSpireMod:Reroute Power"],"picked":"Heatsinks+1","floor":23},{"not_picked":["Hologram","StuffTheSpire:Coldhearted"],"picked":"Aggregate","floor":25},{"not_picked":["Panic Button","BootSequence+1"],"picked":"Hologram+1","floor":30},{"not_picked":["Capacitor","Skim+1"],"picked":"Ball Lightning","floor":32},{"not_picked":["Multi-Cast","Creative AI"],"picked":"Electrodynamics","floor":35},{"not_picked":["ReplayTheSpireMod:System Scan+1","Gash+1"],"picked":"Redo+1","floor":37},{"not_picked":["StuffTheSpire:GlassShard+1","Coolheaded+1"],"picked":"Storm","floor":40},{"not_picked":["Ball Lightning+1","Compile Driver"],"picked":"ReplaySolidLightProjector+1","floor":42},{"not_picked":["Barrage+1","Stack+1"],"picked":"Conserve Battery+1","floor":43},{"not_picked":["Rebound+1","StuffTheSpire:GlassShard","StuffTheSpire:NuclearReactor"],"picked":"SKIP","floor":44},{"not_picked":["Rebound+1","StuffTheSpire:GlassShard","StuffTheSpire:NuclearReactor"],"picked":"SKIP","floor":44},{"not_picked":["BasicCrystalCard","Streamline+1"],"picked":"ReplayTheSpireMod:Calculation Training+1","floor":46},{"not_picked":["Gash+1","Go for the Eyes"],"picked":"aspiration:Polymerization","floor":47},{"not_picked":["Beam Cell","Coolheaded"],"picked":"aspiration:Polymerization","floor":48},{"not_picked":["Barrage","Redo","Turbo+1"],"picked":"SKIP","floor":49},{"not_picked":["Barrage","Redo","Turbo+1"],"picked":"SKIP","floor":49},{"not_picked":["Barrage","Redo","Turbo+1"],"picked":"SKIP","floor":49},{"not_picked":["Barrage","Redo","Turbo+1"],"picked":"SKIP","floor":49},{"not_picked":["StuffTheSpire:NuclearReactor","Go for the Eyes+1"],"picked":"Fusion","floor":50},{"not_picked":["Hologram+1","Leap"],"picked":"StuffTheSpire:ForEach","floor":53},{"not_picked":["ReplayTheSpireMod:GoodbyeWorld","Skim","Compile Driver+1"],"picked":"SKIP","floor":54},{"not_picked":["Heatsinks","Panic Button"],"picked":"Reinforced Body+1","floor":58}],"player_experience":389539,"relics_obtained":[{"floor":6.0,"key":"StuffTheSpire:EmeraldSignet"},{"floor":8.0,"key":"hubris:PeanutButter"},{"floor":9.0,"key":"ReplayTheSpireMod:Lightbulb"},{"floor":10.0,"key":"Happy Flower"},{"floor":23,"key":"Solar Panel"},{"floor":25,"key":"Centennial Puzzle"},{"floor":28,"key":"conspire:InfiniteJournal"},{"floor":30,"key":"Replay:Bottled Snecko"},{"floor":32,"key":"hubris:64BitClover"},{"floor":42,"key":"Snack Pack"},{"floor":44,"key":"halation:VictoryRuler"},{"floor":45,"key":"Replay:WaspNest"},{"floor":46,"key":"HornCleat"},{"floor":48,"key":"Replay:Ringing Soul"},{"floor":50,"key":"Boot"},{"floor":54,"key":"paleoftheancients:SoulOfTheWatcher"},{"floor":55,"key":"Ring of Misfortune"},{"floor":58,"key":"paleoftheancients:SoulOfTheDefect"},{"floor":60,"key":"Carrot"}],"event_choices":[{"damage_healed":0.0,"max_hp_gain":0.0,"max_hp_loss":0.0,"gold_gain":0.0,"event_name":"FaceTrader","player_choice":"Trade","floor":2.0,"gold_loss":0.0,"damage_taken":0.0,"relics_obtained":["FaceOfCleric"]}],"is_beta":false,"boss_relics":[{"not_picked":["Velvet Choker","FrozenCore"],"picked":"halation:Prosthetics"},{"not_picked":["StuffTheSpire:RunicConfusion","hubris:Stopwatch"],"picked":"StuffTheSpire:RunicHypercube"}],"items_purged_floors":[0,0,33],"is_endless":false,"potions_floor_spawned":[4,5,10,12,14,18,20,25,30,32,37,42,46,49,50,58],"ascension_level":4}}