{"host":"1ltt377nc7aury4n","time":1609131293,"event":{"mods":["AchievementEnabler","BaseMod","Best Route Mod","Colored Powertips","Minty Spire (QoL Compilation)","StSLib"],"gold_per_floor":[367,183,200,200,200,233,233,233,233,233,158,158,182,222,222,352,352,367,390,3,3,3],"floor_reached":21,"playtime":1792,"items_purged":["Strike_P","Defend_P"],"score":204,"play_id":"cd603859-4f2f-4e06-8c39-3bf4710a8017","local_time":"20201227235453","is_ascension_mode":true,"campfire_choices":[{"floor":7.0,"key":"REST"},{"floor":10.0,"key":"REST"},{"data":"Halt","floor":12,"key":"SMITH"},{"floor":15,"key":"REST"}],"circlet_count":0,"master_deck":["Strike_P+1","Strike_P","Strike_P+1","Defend_P+1","Defend_P+1","Eruption+1","Vigilance","Halt+1","CarveReality","EmptyFist","Injury","DeceiveReality","BattleHymn","Wish","LessonLearned","Consecrate","Wireheading+1"],"relics":["PureWater","Whetstone","Golden Idol","Kunai","FossilizedHelix","Blue Candle","Fusion Hammer","Girya"],"acts_visited":["Exordium","TheCity"],"potions_floor_usage":[16,21],"damage_taken":[{"damage":2.0,"enemies":"Cultist","floor":1.0,"turns":3.0},{"damage":1.0,"enemies":"2 Louse","floor":3.0,"turns":2.0},{"damage":15.0,"enemies":"3 Sentries","floor":6.0,"turns":7.0},{"damage":0,"enemies":"Small Slimes","floor":13,"turns":2},{"damage":16,"enemies":"Lagavulin","floor":14,"turns":5},{"damage":19,"enemies":"Hexaghost","floor":16,"turns":7},{"damage":8,"enemies":"Shell Parasite","floor":18,"turns":4},{"damage":44,"enemies":"3 Byrds","floor":19,"turns":4},{"damage":53,"enemies":"Shelled Parasite and Fungi","floor":21,"turns":4}],"seed_played":"-6037240668637598156","potions_obtained":[{"floor":1.0,"key":"StancePotion"},{"floor":3.0,"key":"FairyPotion"},{"floor":14,"key":"AttackPotion"},{"floor":19,"key":"Strength Potion"}],"is_trial":false,"path_per_floor":["M","$","M","?","?","E","R","?","T","R","$","R","M","E","R","B",null,"M","M","$","M"],"character_chosen":"WATCHER","items_purchased":["CarveReality","Whetstone","Girya"],"campfire_rested":3,"item_purchase_floors":[2,2,20],"current_hp_per_floor":[49,49,48,48,34,19,40,33,33,54,54,54,54,38,59,40,72,64,20,20,0,0],"gold":3,"neow_bonus":"TWO_FIFTY_GOLD","is_daily":false,"chose_seed":false,"campfire_upgraded":1,"win_rate":0.0,"timestamp":1609131293,"path_taken":["M","$","?","?","?","E","R","?","T","R","?","R","M","E","R","BOSS","M","M","$","M"],"items_purchased_type":["Card","Relic","Relic"],"build_version":"2020-12-22","purchased_purges":2,"victory":false,"max_hp_per_floor":[72,72,72,72,72,72,72,72,72,72,72,72,72,72,72,72,72,72,72,72,72,72],"card_choices":[{"not_picked":["Vengeance","BowlingBash"],"picked":"Halt","floor":1.0},{"not_picked":["PathToVictory","WreathOfFlame"],"picked":"EmptyFist","floor":3.0},{"not_picked":["EmptyBody","FearNoEvil"],"picked":"DeceiveReality","floor":6.0},{"not_picked":["Omniscience","ClearTheMind"],"picked":"BattleHymn","floor":13},{"not_picked":["Collect","BowlingBash"],"picked":"Wish","floor":14},{"not_picked":["Ragnarok","Vault"],"picked":"LessonLearned","floor":16},{"not_picked":["PathToVictory","MentalFortress"],"picked":"Consecrate","floor":18},{"not_picked":["ThirdEye","WaveOfTheHand+1"],"picked":"Wireheading+1","floor":19}],"player_experience":253997,"relics_obtained":[{"floor":6.0,"key":"Kunai"},{"floor":9.0,"key":"FossilizedHelix"},{"floor":14,"key":"Blue Candle"}],"event_choices":[{"damage_healed":0.0,"max_hp_gain":0.0,"max_hp_loss":0.0,"gold_gain":0.0,"event_name":"Golden Idol","player_choice":"Take Wound","floor":4.0,"gold_loss":0.0,"damage_taken":0.0,"relics_obtained":["Golden Idol"],"cards_obtained":["Injury"]},{"damage_healed":0.0,"max_hp_gain":0.0,"max_hp_loss":0.0,"gold_gain":0.0,"event_name":"Shining Light","player_choice":"Entered Light","floor":5.0,"gold_loss":0.0,"damage_taken":14.0,"cards_upgraded":["Defend_P","Strike_P"]},{"cards_removed":["Defend_P"],"damage_healed":0.0,"max_hp_gain":0.0,"max_hp_loss":0.0,"gold_gain":0.0,"event_name":"Golden Wing","player_choice":"Card Removal","floor":8.0,"gold_loss":0.0,"damage_taken":7.0}],"is_beta":false,"boss_relics":[{"not_picked":["Ectoplasm","Tiny House"],"picked":"Fusion Hammer"}],"items_purged_floors":[11,20],"is_endless":false,"potions_floor_spawned":[1,3,14,19],"killed_by":"Shelled Parasite and Fungi","ascension_level":2}}