{"host":"cnluwb240fdd52tp","time":1609175812,"event":{"mods":["BaseMod","Colored Map","DeckTracker","Infinite Spire","Minty Spire (QoL Compilation)","Rare Cards Sparkle","StSLib"],"gold_per_floor":[113,113,129,144,120,153,153,188,211,211,83,83,103,116,116,212,212,229,242,242,242,258,285,301,301,301,301,301,328,328,348,348,450,450,461,479,495,495,510,544,55,74,122,54,67,67,67,96,96,96,96],"floor_reached":50,"playtime":4997,"items_purged":["Bash"],"score":632,"play_id":"7094ba14-5a92-4889-89ce-7086f55451a7","local_time":"20201228181652","is_ascension_mode":true,"campfire_choices":[{"data":"Perfected Strike","floor":7,"key":"SMITH"},{"floor":10,"key":"REST"},{"data":"Perfected Strike","floor":15,"key":"SMITH"},{"floor":25,"key":"REST"},{"data":"Twin Strike","floor":28,"key":"SMITH"},{"floor":30,"key":"REST"},{"data":"Headbutt","floor":32,"key":"SMITH"},{"floor":49,"key":"REST"}],"circlet_count":0,"master_deck":["Strike_R","Strike_R","Strike_R","Strike_R","Defend_R","Defend_R","Perfected Strike+1","Headbutt+1","Twin Strike+1","Perfected Strike+1","Double Tap","Iron Wave+1","Battle Trance+1","infinitespire:FutureSight","Pommel Strike","Seeing Red+1","Pommel Strike","Metamorphosis","Battle Trance","Barricade"],"relics":["infinitespire:Cupcake","MealTicket","Oddly Smooth Stone","Shuriken","Regal Pillow","infinitespire:Burning Sword","Empty Cage","Thread and Needle","Pen Nib","Unceasing Top","SlaversCollar","Boot","infinitespire:ShieldingShard","Bag of Marbles","Red Skull"],"acts_visited":["Exordium","TheCity","TheBeyond"],"potions_floor_usage":[8,29,33,33,45,48,48,50],"damage_taken":[{"damage":6,"enemies":"Cultist","floor":1,"turns":3},{"damage":11,"enemies":"2 Louse","floor":3,"turns":2},{"damage":1,"enemies":"Jaw Worm","floor":4,"turns":2},{"damage":31,"enemies":"3 Sentries","floor":6,"turns":7},{"damage":36,"enemies":"Lagavulin","floor":8,"turns":4},{"damage":0,"enemies":"Red Slaver","floor":13,"turns":1},{"damage":4,"enemies":"Gremlin Gang","floor":14,"turns":3},{"damage":26,"enemies":"Slime Boss","floor":16,"turns":8},{"damage":0,"enemies":"Spheric Guardian","floor":18,"turns":1},{"damage":2,"enemies":"3 Byrds","floor":19,"turns":2},{"damage":10,"enemies":"Centurion and Healer","floor":22,"turns":3},{"damage":31,"enemies":"Gremlin Leader","floor":23,"turns":3},{"damage":8,"enemies":"Cultist and Chosen","floor":24,"turns":3},{"damage":26,"enemies":"Slavers","floor":29,"turns":3},{"damage":0,"enemies":"Snake Plant","floor":31,"turns":2},{"damage":34,"enemies":"Collector","floor":33,"turns":5},{"damage":18,"enemies":"3 Shapes","floor":35,"turns":3},{"damage":32,"enemies":"3 Darklings","floor":36,"turns":4},{"damage":0,"enemies":"Maw","floor":37,"turns":4},{"damage":16,"enemies":"Spire Growth","floor":39,"turns":3},{"damage":1,"enemies":"Reptomancer","floor":40,"turns":3},{"damage":0,"enemies":"Transient","floor":42,"turns":5},{"damage":24,"enemies":"3 Darklings","floor":45,"turns":4},{"damage":0,"enemies":"Nemesis","floor":48,"turns":1},{"damage":62,"enemies":"Awakened One","floor":50,"turns":4}],"seed_played":"-2865045034874516684","potions_obtained":[{"floor":4,"key":"Strength Potion"},{"floor":8,"key":"Weak Potion"},{"floor":14,"key":"Explosive Potion"},{"floor":16,"key":"GamblersBrew"},{"floor":29,"key":"DuplicationPotion"},{"floor":33,"key":"CultistPotion"},{"floor":36,"key":"BlessingOfTheForge"},{"floor":39,"key":"Block Potion"},{"floor":45,"key":"Strength Potion"}],"is_trial":false,"path_per_floor":["M","?","M","M","$","E","R","E","T","R","$","?","M","M","R","B",null,"M","M","AVR","?","M","E","M","R","T","?","R","E","R","M","R","B",null,"M","M","M","AVR","M","E","$","M","T","$","M","?","?","E","R","B"],"character_chosen":"IRONCLAD","items_purchased":["Headbutt","Perfected Strike","infinitespire:ShieldingShard","Pommel Strike","Metamorphosis","Battle Trance"],"campfire_rested":4,"item_purchase_floors":[5,11,41,41,41,44],"current_hp_per_floor":[74,74,63,62,77,46,46,10,10,49,64,64,64,60,60,34,80,80,78,78,78,68,37,29,68,68,73,73,47,80,80,80,46,80,62,30,30,30,14,13,28,28,28,43,19,19,19,19,58,0,0],"gold":96,"neow_bonus":"BOSS_RELIC","is_daily":false,"chose_seed":false,"campfire_upgraded":4,"win_rate":0.0,"timestamp":1609175812,"path_taken":["M","?","M","?","?","E","R","E","T","R","$","?","M","M","R","BOSS","M","M","AVR","?","M","E","M","R","T","?","R","E","R","?","R","BOSS","M","M","?","AVR","M","E","$","M","T","$","M","?","?","E","R","BOSS"],"items_purchased_type":["Card","Card","Relic","Card","Card","Card"],"build_version":"2020-12-22","purchased_purges":1,"victory":false,"max_hp_per_floor":[80,80,80,80,80,80,80,80,80,80,80,80,80,80,80,80,80,80,80,80,80,80,80,80,80,80,80,80,80,80,80,80,80,80,80,80,80,80,80,80,80,80,80,80,80,80,80,80,80,80,80],"card_choices":[{"not_picked":["Thunderclap","Havoc"],"picked":"Rage","floor":1},{"not_picked":["Sever Soul","Sword Boomerang"],"picked":"Perfected Strike","floor":3},{"not_picked":["Armaments","Cleave","Flex"],"picked":"SKIP","floor":4},{"not_picked":["Sword Boomerang","Warcry","Clash"],"picked":"SKIP","floor":6},{"not_picked":["Shockwave","Sword Boomerang"],"picked":"Twin Strike","floor":8},{"not_picked":["Metallicize","Twin Strike","Armaments"],"picked":"SKIP","floor":13},{"not_picked":["True Grit","Havoc"],"picked":"Cleave","floor":14},{"not_picked":["Wild Strike","Heavy Blade","Burning Pact"],"picked":"SKIP","floor":18},{"not_picked":["Wild Strike","Clash"],"picked":"Cleave","floor":19},{"not_picked":["Sentinel+1","Body Slam","Evolve"],"picked":"SKIP","floor":22},{"not_picked":["Warcry","Thunderclap+1","Sword Boomerang"],"picked":"SKIP","floor":23},{"not_picked":["Dropkick","Heavy Blade","Sword Boomerang"],"picked":"SKIP","floor":24},{"not_picked":["Dropkick","Heavy Blade","Sword Boomerang"],"picked":"SKIP","floor":24},{"not_picked":["Headbutt","Fire Breathing","Spot Weakness+1"],"picked":"SKIP","floor":29},{"not_picked":["Berserk","Flex","Searing Blow"],"picked":"SKIP","floor":31},{"not_picked":["Immolate","Fiend Fire"],"picked":"Double Tap","floor":33},{"not_picked":["Shrug It Off","Thunderclap+1"],"picked":"Iron Wave+1","floor":35},{"not_picked":["Pummel+1","Dropkick+1"],"picked":"Battle Trance+1","floor":36},{"not_picked":["Feel No Pain+1","Ghostly Armor","Clash"],"picked":"SKIP","floor":37},{"not_picked":["Barricade","Cleave+1"],"picked":"Pommel Strike","floor":39},{"not_picked":["Dual Wield","Inflame+1"],"picked":"Seeing Red+1","floor":40},{"not_picked":["Iron Wave","Second Wind+1","Thunderclap+1"],"picked":"SKIP","floor":42},{"not_picked":["Cleave+1","Thunderclap","Clash"],"picked":"SKIP","floor":45},{"not_picked":["Infernal Blade","Immolate","Warcry"],"picked":"SKIP","floor":48}],"player_experience":160231,"relics_obtained":[{"floor":6,"key":"Oddly Smooth Stone"},{"floor":8,"key":"Shuriken"},{"floor":9,"key":"Regal Pillow"},{"floor":23,"key":"Thread and Needle"},{"floor":26,"key":"Pen Nib"},{"floor":29,"key":"Unceasing Top"},{"floor":40,"key":"Boot"},{"floor":43,"key":"Bag of Marbles"},{"floor":48,"key":"Red Skull"}],"event_choices":[{"cards_removed":["Rage"],"damage_healed":0,"gold_gain":0,"player_choice":"Gave Card","damage_taken":0,"relics_obtained":["MealTicket"],"max_hp_gain":0,"max_hp_loss":0,"event_name":"WeMeetAgain","floor":2,"gold_loss":0},{"damage_healed":0,"gold_gain":0,"player_choice":"Ignored","damage_taken":0,"max_hp_gain":0,"max_hp_loss":0,"event_name":"Vampires","floor":21,"gold_loss":0},{"cards_removed":["Cleave"],"damage_healed":5,"gold_gain":0,"player_choice":"Offered Common","damage_taken":0,"max_hp_gain":0,"max_hp_loss":0,"event_name":"Bonfire Elementals","floor":27,"gold_loss":0},{"cards_removed":["Cleave"],"damage_healed":5,"gold_gain":0,"player_choice":"Offered Special","damage_taken":0,"max_hp_gain":0,"max_hp_loss":0,"event_name":"Bonfire Elementals","floor":27,"gold_loss":0},{"cards_removed":["Strike_R"],"damage_healed":0,"gold_gain":0,"player_choice":"Removed Attack","damage_taken":0,"max_hp_gain":0,"max_hp_loss":0,"event_name":"Falling","floor":46,"gold_loss":0},{"damage_healed":0,"gold_gain":0,"cards_transformed":["Cleave"],"player_choice":"Transformed","damage_taken":0,"max_hp_gain":0,"max_hp_loss":0,"event_name":"Transmorgrifier","floor":47,"gold_loss":0,"cards_obtained":["Barricade"]}],"is_beta":false,"boss_relics":[{"not_picked":["Black Star","Calling Bell"],"picked":"infinitespire:Burning Sword"},{"not_picked":["Coffee Dripper","Tiny House"],"picked":"SlaversCollar"}],"items_purged_floors":[11],"is_endless":false,"potions_floor_spawned":[4,8,14,16,23,29,31,33,36,37,39,42,45],"killed_by":"Awakened One","ascension_level":1}}