{"host":"ppno391ju7318je5","time":1609183447,"event":{"mods":["AchievementEnabler","BaseMod","DeckTracker","Keyboard Shortcuts","Minty Spire (QoL Compilation)"],"gold_per_floor":[20,20,20,40,56,96,96,140,140,158,158,126,126,161,161,287,287,302,317,338,361,379,412,427,427,427],"floor_reached":25,"playtime":2254,"items_purged":[],"score":284,"play_id":"b255a4cf-2b6f-43d1-8931-eb014bd21c4b","local_time":"20201228202407","is_ascension_mode":true,"campfire_choices":[{"data":"Secret Technique","floor":7.0,"key":"SMITH"},{"data":"Creative AI","floor":11.0,"key":"SMITH"},{"data":"Hologram","floor":15.0,"key":"SMITH"}],"circlet_count":0,"master_deck":["Strike_B","Strike_B","Strike_B","Defend_B","Defend_B","Defend_B","Defend_B","Zap","Dualcast+1","Secret Technique+1","Conserve Battery","Rebound","Ball Lightning","Self Repair","Ball Lightning","Creative AI+1","Hologram+1","Amplify","Conserve Battery","Leap","Cold Snap+1","Aggregate","FTL"],"relics":["Cracked Core","Golden Idol","Darkstone Periapt","HornCleat","Gremlin Horn","Bottled Tornado","Coffee Dripper","Omamori"],"acts_visited":["Exordium","TheCity"],"potions_floor_usage":[],"damage_taken":[{"damage":0.0,"enemies":"Cultist","floor":1.0,"turns":4.0},{"damage":1.0,"enemies":"Jaw Worm","floor":4.0,"turns":4.0},{"damage":0.0,"enemies":"2 Louse","floor":5.0,"turns":2.0},{"damage":16.0,"enemies":"3 Sentries","floor":6.0,"turns":8.0},{"damage":27.0,"enemies":"Gremlin Nob","floor":8.0,"turns":4.0},{"damage":14.0,"enemies":"Large Slime","floor":10.0,"turns":5.0},{"damage":2.0,"enemies":"Lagavulin","floor":14.0,"turns":6.0},{"damage":6.0,"enemies":"Hexaghost","floor":16.0,"turns":9.0},{"damage":13.0,"enemies":"2 Thieves","floor":18.0,"turns":4.0},{"damage":17.0,"enemies":"Chosen","floor":19.0,"turns":5.0},{"damage":4.0,"enemies":"Sentry and Sphere","floor":20.0,"turns":8.0},{"damage":6.0,"enemies":"Centurion and Healer","floor":21.0,"turns":7.0},{"damage":55.0,"enemies":"3 Cultists","floor":22.0,"turns":7.0},{"damage":0.0,"enemies":"Book of Stabbing","floor":23.0,"turns":7.0},{"damage":3.0,"enemies":"Chosen and Byrds","floor":24.0,"turns":5.0},{"damage":11,"enemies":"Slavers","floor":25,"turns":3}],"seed_played":"6826708916180536857","potions_obtained":[{"floor":1.0,"key":"BlessingOfTheForge"},{"floor":10.0,"key":"SkillPotion"},{"floor":16.0,"key":"PotionOfCapacity"},{"floor":18.0,"key":"SneckoOil"},{"floor":20.0,"key":"SteroidPotion"},{"floor":22.0,"key":"Fire Potion"},{"floor":24.0,"key":"SmokeBomb"}],"is_trial":false,"path_per_floor":["M","?","?","M","M","E","R","E","T","M","R","?","?","E","R","B",null,"M","M","M","M","M","E","M","E"],"character_chosen":"DEFECT","items_purchased":[],"campfire_rested":0,"item_purchase_floors":[],"current_hp_per_floor":[75,57,57,56,56,40,40,20,20,13,13,13,13,18,18,19,75,62,52,55,56,8,15,12,1,1],"gold":427,"neow_bonus":"RANDOM_COLORLESS_2","is_daily":false,"chose_seed":false,"campfire_upgraded":3,"win_rate":0.0,"timestamp":1609183447,"path_taken":["M","?","?","M","?","E","R","E","T","M","R","?","?","E","R","BOSS","M","?","M","M","M","E","M","E"],"items_purchased_type":[],"build_version":"2020-12-22","purchased_purges":0,"victory":false,"max_hp_per_floor":[75,75,75,75,75,75,75,75,75,75,75,75,75,75,75,75,75,75,75,75,75,75,75,75,75,75],"card_choices":[{"not_picked":["Transmutation","Secret Weapon"],"picked":"Secret Technique","floor":0.0},{"not_picked":["Gash","Fusion"],"picked":"Conserve Battery","floor":1.0},{"not_picked":["Sunder","Streamline"],"picked":"Rebound","floor":4.0},{"not_picked":["Lockon","Leap"],"picked":"Ball Lightning","floor":5.0},{"not_picked":["Auto Shields","Rip and Tear"],"picked":"Self Repair","floor":6.0},{"not_picked":["Heatsinks","Force Field"],"picked":"Ball Lightning","floor":8.0},{"not_picked":["Turbo","Sweeping Beam"],"picked":"Creative AI","floor":10.0},{"not_picked":["Ball Lightning","Stack"],"picked":"Hologram","floor":14.0},{"not_picked":["Creative AI","Thunder Strike"],"picked":"Amplify","floor":16.0},{"not_picked":["Cold Snap","Go for the Eyes","Turbo"],"picked":"SKIP","floor":18.0},{"not_picked":["Beam Cell","Leap"],"picked":"Conserve Battery","floor":19.0},{"not_picked":["Steam Power+1","Auto Shields"],"picked":"Leap","floor":20.0},{"not_picked":["Steam","Aggregate"],"picked":"Cold Snap+1","floor":21.0},{"not_picked":["Turbo","Steam+1"],"picked":"Aggregate","floor":22.0},{"not_picked":["Compile Driver","Ball Lightning"],"picked":"FTL","floor":23.0},{"not_picked":["Ball Lightning","Steam Power","Blizzard"],"picked":"SKIP","floor":24.0}],"player_experience":103939,"relics_obtained":[{"floor":6.0,"key":"Darkstone Periapt"},{"floor":8.0,"key":"HornCleat"},{"floor":9.0,"key":"Gremlin Horn"},{"floor":14.0,"key":"Bottled Tornado"},{"floor":23.0,"key":"Omamori"}],"event_choices":[{"damage_healed":0.0,"max_hp_gain":0.0,"max_hp_loss":0.0,"gold_gain":0.0,"event_name":"Golden Idol","player_choice":"Take Damage","floor":2.0,"gold_loss":0.0,"damage_taken":18.0,"relics_obtained":["Golden Idol"]},{"cards_removed":["Strike_B"],"damage_healed":0.0,"max_hp_gain":0.0,"max_hp_loss":0.0,"gold_gain":0.0,"event_name":"Bonfire Elementals","player_choice":"Offered Basic","floor":3.0,"gold_loss":0.0,"damage_taken":0.0},{"damage_healed":0.0,"max_hp_gain":0.0,"max_hp_loss":0.0,"gold_gain":0.0,"event_name":"World of Goop","player_choice":"Left Gold","floor":12.0,"gold_loss":32.0,"damage_taken":0.0},{"damage_healed":0.0,"max_hp_gain":0.0,"max_hp_loss":0.0,"gold_gain":0.0,"event_name":"Upgrade Shrine","player_choice":"Upgraded","floor":13.0,"gold_loss":0.0,"damage_taken":0.0,"cards_upgraded":["Dualcast"]}],"is_beta":false,"boss_relics":[{"not_picked":["Runic Dome","Nuclear Battery"],"picked":"Coffee Dripper"}],"items_purged_floors":[],"is_endless":false,"potions_floor_spawned":[1,10,16,18,20,22,24],"killed_by":"Slavers","ascension_level":1}}