{"host":"ecuvtzmejf7hhjpv","time":1609120626,"event":{"mods":["AchievementEnabler","Act Like it!","Aspiration","BaseMod","Better Altar","Better Match","Better Note","Better Sensory Stone","Better Skull","Better Third Choice","BetterRewards","Conspire","Custom Start","Gensokyo","GifTheSpireLib","Hallownest","Hermit","Hubris","Kratos Character Expansion","Marisa????????","Minty Spire (QoL Compilation)","Prisma Mod","Replay The Spire","Spicy Shops","StSLib","The Animator","The Blackbeard","The Bug Knight","The Forsaken","The Hierophant","The Jungle","The Necromancer","The Poker Player","The Wild Card"],"gold_per_floor":[115,195,69,83,96,127,52,65,145,145,178,196,217,217,217,300,300,273,74,74,80,80,80],"floor_reached":22,"playtime":910,"items_purged":[],"score":273,"play_id":"e7bef410-69f4-40e6-8581-2db8d73de7e6","local_time":"20201227195706","is_ascension_mode":true,"campfire_choices":[{"floor":10,"key":"REST"},{"data":"Enlightenment","floor":15,"key":"SMITH"}],"circlet_count":0,"master_deck":["conspire:GhostlyStrike","conspire:GhostlyStrike","conspire:GhostlyStrike","conspire:GhostlyStrike","hierophant:Punish","conspire:GhostlyDefend","conspire:GhostlyDefend","conspire:GhostlyDefend","conspire:GhostlyDefend","hierophant:ChurchCoffers","Enlightenment+1","hierophant:Smite","hierophant:Community","hierophant:Zeal","hierophant:PristineSoul","hierophant:FieryStrike","hierophant:Glossolalia","hierophant:Determination","hierophant:MorningPrayer","hierophant:ChurchCoffers","hierophant:MorningPrayer","hierophant:ArchangelShield"],"relics":["hierophant:PropheticMaskRelic","Regal Pillow","Bag of Marbles","conspire:Dentures","theForsaken:Lifeblossom","MealTicket","theForsaken:PaleLantern","DollysMirror"],"acts_visited":["Exordium","TheCity"],"potions_floor_usage":[8,18,22],"damage_taken":[{"damage":1,"enemies":"Jaw Worm","floor":1,"turns":4},{"damage":6,"enemies":"2 Louse","floor":4,"turns":3},{"damage":1,"enemies":"Cultist","floor":5,"turns":3},{"damage":32,"enemies":"Lagavulin","floor":6,"turns":7},{"damage":30,"enemies":"Gremlin Nob","floor":8,"turns":4},{"damage":4,"enemies":"HollowMod:MossKnight","floor":11,"turns":7},{"damage":3,"enemies":"Lots of Slimes","floor":12,"turns":3},{"damage":30,"enemies":"3 Sentries","floor":13,"turns":7},{"damage":44,"enemies":"Fading Forest","floor":16,"turns":11},{"damage":44,"enemies":"2 Thieves","floor":18,"turns":5},{"damage":51,"enemies":"conspire:FuzzyDice","floor":21,"turns":9},{"damage":34,"enemies":"Centurion and Healer","floor":22,"turns":7}],"seed_played":"6925840028824994468","potions_obtained":[{"floor":6,"key":"Regen Potion"},{"floor":11,"key":"SpeedPotion"},{"floor":16,"key":"SkillPotion"}],"is_trial":false,"path_per_floor":["M","?","$","M","M","E","?","E","T","R","E","M","E","?","R","B",null,"M","$","?","M","M"],"character_chosen":"HIEROPHANT","items_purchased":["Enlightenment","hierophant:Community","hierophant:Zeal","DollysMirror","hierophant:MorningPrayer"],"campfire_rested":1,"item_purchase_floors":[0,3,3,19,19],"current_hp_per_floor":[74,74,74,68,67,35,35,19,19,56,52,55,31,31,31,15,75,34,49,49,19,0,0],"gold":80,"neow_bonus":"","is_daily":false,"chose_seed":false,"campfire_upgraded":1,"win_rate":0.0,"timestamp":1609120626,"path_taken":["M","?","$","M","M","E","?","E","T","R","E","?","E","?","R","BOSS","M","$","?","M","M"],"items_purchased_type":["Card","Card","Card","Relic","Card"],"build_version":"2020-12-22","purchased_purges":0,"victory":false,"max_hp_per_floor":[75,75,75,75,75,75,75,75,75,75,75,75,75,75,75,75,75,75,75,75,75,75,75],"card_choices":[{"not_picked":["hierophant:HolyVerse","hierophant:Purify"],"picked":"hierophant:Smite","floor":1},{"not_picked":["hierophant:Upheaval","hierophant:SealAway"],"picked":"hierophant:PristineSoul","floor":4},{"not_picked":["hierophant:Embezzle","hierophant:RecallFunds"],"picked":"hierophant:FieryStrike","floor":5},{"not_picked":["hierophant:Mercenaries","hierophant:Batter"],"picked":"hierophant:Glossolalia","floor":6},{"not_picked":["hierophant:SolarFlare","hierophant:Prophecy","hierophant:Sermon"],"picked":"SKIP","floor":8},{"not_picked":["hierophant:Purify","hierophant:Blessing","hierophant:SecretStash"],"picked":"SKIP","floor":11},{"not_picked":["hierophant:Zeal","hierophant:Racketeering","hierophant:Remorse"],"picked":"SKIP","floor":12},{"not_picked":["hierophant:Purify","hierophant:CoinFling","hierophant:Invocation"],"picked":"SKIP","floor":13},{"not_picked":["hierophant:DivineIntervention","hierophant:MintersHammer"],"picked":"hierophant:Determination","floor":16},{"not_picked":["hierophant:Doubloon","hierophant:MirrorShield"],"picked":"hierophant:MorningPrayer","floor":18},{"not_picked":["hierophant:CoinFling","hierophant:MorningPrayer"],"picked":"hierophant:ArchangelShield","floor":21}],"player_experience":910868,"relics_obtained":[{"floor":6,"key":"Regal Pillow"},{"floor":8,"key":"Bag of Marbles"},{"floor":9,"key":"conspire:Dentures"},{"floor":11,"key":"theForsaken:Lifeblossom"},{"floor":13,"key":"MealTicket"}],"event_choices":[{"damage_healed":0,"gold_gain":0,"player_choice":"2","damage_taken":0,"max_hp_gain":0,"max_hp_loss":0,"event_name":"betterMatch:BetterMatch","floor":7,"gold_loss":0,"cards_obtained":["betterMatch:UncommonCard"]},{"damage_healed":0,"gold_gain":0,"player_choice":"Agree","damage_taken":0,"max_hp_gain":0,"max_hp_loss":0,"event_name":"conspire:LoneGhost","floor":14,"gold_loss":0},{"damage_healed":0,"gold_gain":0,"player_choice":"Ignored","damage_taken":0,"max_hp_gain":0,"max_hp_loss":0,"event_name":"N\u0027loth","floor":20,"gold_loss":0}],"is_beta":false,"boss_relics":[{"not_picked":["Fusion Hammer","hubris:HollowSoul"],"picked":"theForsaken:PaleLantern"}],"items_purged_floors":[],"is_endless":false,"potions_floor_spawned":[6,11,16],"killed_by":"Centurion and Healer","ascension_level":1}}