{"host":"cxvet2awney1vbzu","time":1609117604,"event":{"mods":["AchievementEnabler","BaseMod","Colored Powertips","Highlight Path","Minty Spire (QoL Compilation)","Quick Restart","StSLib"],"gold_per_floor":[117,117,129,129,129,129,163,182,206,253,141,180,180,224,224,224,224],"floor_reached":16,"playtime":892,"items_purged":["Defend_G"],"score":122,"play_id":"18691fb0-879d-4827-ae6e-fb2cfaa4cd7c","local_time":"20201228010644","is_ascension_mode":true,"campfire_choices":[{"floor":6,"key":"REST"},{"floor":13,"key":"REST"},{"floor":15,"key":"REST"}],"circlet_count":0,"master_deck":["Strike_G","Strike_G","Strike_G","Strike_G","Defend_G","Defend_G","Defend_G","Survivor","Neutralize","Acrobatics","Skewer","Backstab","Infinite Blades"],"relics":["Ring of the Snake","Golden Idol","Tiny Chest","Pen Nib","Lantern","Blue Candle"],"acts_visited":["Exordium"],"potions_floor_usage":[7,14],"damage_taken":[{"damage":0,"enemies":"Cultist","floor":1,"turns":4},{"damage":0,"enemies":"Small Slimes","floor":3,"turns":3},{"damage":36,"enemies":"3 Sentries","floor":7,"turns":9},{"damage":0,"enemies":"2 Louse","floor":8,"turns":1},{"damage":18,"enemies":"Gremlin Nob","floor":12,"turns":4},{"damage":8,"enemies":"Lagavulin","floor":14,"turns":5},{"damage":63,"enemies":"Hexaghost","floor":16,"turns":11}],"seed_played":"-8141058425959418940","potions_obtained":[{"floor":1,"key":"CultistPotion"},{"floor":3,"key":"Poison Potion"},{"floor":7,"key":"Ancient Potion"}],"is_trial":false,"path_per_floor":["M","?","M","?","?","R","E","M","T","T","$","E","R","E","R","B"],"character_chosen":"THE_SILENT","items_purchased":["Infinite Blades"],"campfire_rested":3,"item_purchase_floors":[11],"current_hp_per_floor":[77,77,77,77,58,77,41,41,41,41,41,23,46,38,61,0,0],"gold":224,"neow_bonus":"TEN_PERCENT_HP_BONUS","is_daily":false,"chose_seed":false,"campfire_upgraded":0,"win_rate":0.0,"timestamp":1609117604,"path_taken":["M","?","?","?","?","R","E","M","T","?","$","E","R","E","R","BOSS"],"items_purchased_type":["Card"],"build_version":"2020-12-22","purchased_purges":1,"victory":false,"max_hp_per_floor":[77,77,77,77,77,77,77,77,77,77,77,77,77,77,77,77,77],"card_choices":[{"not_picked":["Flying Knee","Skewer"],"picked":"Acrobatics","floor":1},{"not_picked":["Cloak And Dagger","Endless Agony","Underhanded Strike"],"picked":"SKIP","floor":3},{"not_picked":["Dagger Spray","Sucker Punch"],"picked":"Backstab","floor":7},{"not_picked":["Slice","Prepared","Flying Knee"],"picked":"SKIP","floor":8},{"not_picked":["Bane","Backflip","Phantasmal Killer"],"picked":"SKIP","floor":12},{"not_picked":["Blur","Poisoned Stab","Quick Slash"],"picked":"SKIP","floor":14}],"player_experience":412826,"relics_obtained":[{"floor":7,"key":"Tiny Chest"},{"floor":10,"key":"Pen Nib"},{"floor":12,"key":"Lantern"},{"floor":14,"key":"Blue Candle"}],"event_choices":[{"damage_healed":0,"gold_gain":0,"cards_transformed":["Defend_G"],"player_choice":"Transformed","damage_taken":0,"max_hp_gain":0,"max_hp_loss":0,"event_name":"Transmorgrifier","floor":2,"gold_loss":0,"cards_obtained":["Skewer"]},{"cards_removed":["Strike_G"],"damage_healed":0,"gold_gain":0,"player_choice":"Forget","damage_taken":0,"max_hp_gain":0,"max_hp_loss":0,"event_name":"Living Wall","floor":4,"gold_loss":0},{"damage_healed":0,"gold_gain":0,"player_choice":"Take Damage","damage_taken":19,"relics_obtained":["Golden Idol"],"max_hp_gain":0,"max_hp_loss":0,"event_name":"Golden Idol","floor":5,"gold_loss":0}],"is_beta":false,"boss_relics":[],"items_purged_floors":[11],"is_endless":false,"potions_floor_spawned":[1,3,7],"killed_by":"Hexaghost","ascension_level":1}}