{"host":"hspm0s97xpvpwopl","time":1609115879,"event":{"mods":["BaseMod","Better Third Choice","Colored Map","Colored Powertips","Curses Come First","Downfall","Hermit","Minty Spire (QoL Compilation)","Relic Stats","Robot Space Explorer","Shop Mod","Spicy Shops","StSLib","The Cursed","The Runesmith"],"gold_per_floor":[116,128,142,155,155,155,185,197,234,276,306,318,341,368,380,488,500,523,550,562,213,225,225,243,261,261,261,261,261,0,0,0,95,95,106,106,106,106,0,0,33,44,44,44,62,73,9,21,21,21,21],"floor_reached":50,"playtime":5072,"items_purged":[],"score":534,"play_id":"626a5475-a297-41c6-b6ca-10abaa1bfe67","local_time":"20201227183759","is_ascension_mode":false,"campfire_choices":[{"data":"hermit:Gestalt","floor":6,"key":"SMITH"},{"floor":8,"key":"REST"},{"floor":15,"key":"REST"},{"floor":23,"key":"REST"},{"floor":29,"key":"REST"},{"floor":32,"key":"REST"},{"data":"hermit:BlackWind","floor":40,"key":"SMITH"},{"floor":44,"key":"REST"},{"floor":49,"key":"REST"}],"circlet_count":0,"master_deck":["hermit:Strike_Hermit+1","hermit:Strike_Hermit+1","hermit:Strike_Hermit+1","hermit:Strike_Hermit+1","hermit:Defend_Hermit+1","hermit:Defend_Hermit+1","hermit:Defend_Hermit+1","hermit:Defend_Hermit+1","hermit:Snapshot","hermit:Covet","hermit:Gestalt+1","hermit:Ricochet","hermit:WideOpen","hermit:Malice","hermit:Determination","hermit:Manifest","hermit:Deadeye","hermit:Coalescence","hermit:FatalDesire","hermit:GoldenBullet","hermit:TrackingShot","hermit:TakeAim","hermit:Desperado","hermit:SprayPray","hermit:FlashPowder+1","Parasite","hermit:BlackWind+1","CurseOfTheBell","hermit:CalledShot+1","Writhe","Parasite","hermit:Vantage+1","hermit:Snipe+1","hermit:Headshot+1","hermit:Feint","hermit:Spite+1"],"relics":["hermit:ClaspedLocket","GremlinMask","MawBank","Blood Vial","Centennial Puzzle","Pen Nib","OrangePellets","Sundial","Membership Card","PreservedInsect","Akabeko","Calling Bell","Toy Ornithopter","hermit:Spyglass","Turnip","Strawberry","Frozen Eye","Anchor","Eternal Feather","Ornamental Fan"],"acts_visited":["Exordium","TheCity","TheBeyond"],"potions_floor_usage":[1,7,7,7,16,19,22,33,33,41,46,50],"damage_taken":[{"damage":0,"enemies":"Cultist","floor":1,"turns":3},{"damage":4,"enemies":"2 Louse","floor":2,"turns":4},{"damage":1,"enemies":"Jaw Worm","floor":3,"turns":3},{"damage":5,"enemies":"Gremlin Gang","floor":4,"turns":5},{"damage":15,"enemies":"3 Sentries","floor":7,"turns":6},{"damage":18,"enemies":"Lagavulin","floor":10,"turns":7},{"damage":5,"enemies":"Looter","floor":11,"turns":3},{"damage":1,"enemies":"2 Fungi Beasts","floor":13,"turns":5},{"damage":0,"enemies":"Blue Slaver","floor":14,"turns":2},{"damage":2,"enemies":"Slime Boss","floor":16,"turns":10},{"damage":0,"enemies":"Chosen","floor":18,"turns":5},{"damage":53,"enemies":"3 Byrds","floor":19,"turns":7},{"damage":29,"enemies":"Centurion and Healer","floor":22,"turns":5},{"damage":12,"enemies":"Snake Plant","floor":24,"turns":4},{"damage":34,"enemies":"3 Cultists","floor":25,"turns":7},{"damage":16,"enemies":"Collector","floor":33,"turns":8},{"damage":19,"enemies":"Orb Walker","floor":35,"turns":4},{"damage":86,"enemies":"Reptomancer","floor":41,"turns":7},{"damage":5,"enemies":"3 Darklings","floor":42,"turns":7},{"damage":41,"enemies":"Jaw Worm Horde","floor":45,"turns":5},{"damage":11,"enemies":"Transient","floor":46,"turns":5},{"damage":7,"enemies":"Sphere and 2 Shapes","floor":48,"turns":5},{"damage":60,"enemies":"Donu and Deca","floor":50,"turns":6}],"seed_played":"4906843856022800940","potions_obtained":[{"floor":1,"key":"EntropicBrew"},{"floor":11,"key":"FairyPotion"},{"floor":13,"key":"Fire Potion"},{"floor":16,"key":"ColorlessPotion"},{"floor":18,"key":"Dexterity Potion"},{"floor":24,"key":"Fire Potion"},{"floor":25,"key":"FearPotion"},{"floor":35,"key":"Fire Potion"},{"floor":45,"key":"Guardian:BlockOnCardUsePotion"},{"floor":46,"key":"DuplicationPotion"}],"is_trial":false,"path_per_floor":["M","M","M","M","?","R","E","R","T","E","M","$","M","M","R","B",null,"M","M","?","$","M","R","M","M","T","?","?","R","$","?","R","B",null,"M","?","?","?","$","R","E","M","T","R","M","M","$","M","R","B"],"character_chosen":"HERMIT","items_purchased":["Pen Nib","OrangePellets","hermit:TrackingShot","hermit:TakeAim","Membership Card","PreservedInsect","Akabeko","Strawberry","Frozen Eye","Ornamental Fan"],"campfire_rested":7,"item_purchase_floors":[21,21,21,21,30,30,30,39,39,47],"current_hp_per_floor":[82,78,77,72,72,72,57,81,81,64,61,61,62,64,82,80,82,82,29,29,29,2,26,16,24,24,24,24,48,48,48,72,58,82,63,63,63,82,89,89,8,5,5,49,10,6,6,1,48,0,0],"gold":21,"neow_bonus":"TEN_PERCENT_HP_BONUS","is_daily":false,"chose_seed":false,"campfire_upgraded":2,"win_rate":0.0,"timestamp":1609115879,"path_taken":["M","M","M","?","?","R","E","R","T","E","M","?","M","M","R","BOSS","M","M","?","$","M","R","M","?","T","?","?","R","?","?","R","BOSS","M","?","?","?","$","R","E","M","T","R","?","M","$","M","R","BOSS"],"items_purchased_type":["Relic","Relic","Card","Card","Relic","Relic","Relic","Relic","Relic","Relic"],"build_version":"2020-12-22","purchased_purges":0,"victory":false,"max_hp_per_floor":[82,82,82,82,82,82,82,82,82,82,82,82,82,82,82,82,82,82,82,82,82,82,82,82,82,82,82,82,82,82,82,82,82,82,82,82,82,82,89,89,89,89,89,89,89,89,89,89,89,89,89],"relic_stats":{"counters":[23,123],"Eternal Feather":39,"Pen Nib":[11],"PreservedInsect":61,"MawBank":168,"Blood Vial":25,"OrangePellets":[10],"Centennial Puzzle":[42],"Sundial":[2],"Ornamental Fan":[12],"Turnip":[10],"obtain_stats":[{"hermit:ClaspedLocket":17,"GremlinMask":5,"Eternal Feather":43,"Pen Nib":21,"PreservedInsect":30,"MawBank":7,"Akabeko":30,"Blood Vial":9,"Calling Bell":34,"OrangePellets":21,"Frozen Eye":39,"Centennial Puzzle":10,"Anchor":41,"Sundial":26,"Ornamental Fan":47,"Strawberry":39,"Turnip":34,"Membership Card":30,"hermit:Momento":0,"Toy Ornithopter":34,"hermit:Spyglass":34},{"hermit:ClaspedLocket":10,"GremlinMask":4,"Eternal Feather":19,"Pen Nib":12,"PreservedInsect":15,"MawBank":5,"Akabeko":15,"Blood Vial":5,"Calling Bell":16,"OrangePellets":12,"Frozen Eye":17,"Centennial Puzzle":6,"Anchor":18,"Sundial":15,"Ornamental Fan":21,"Strawberry":17,"Turnip":16,"Membership Card":15,"hermit:Momento":0,"Toy Ornithopter":16,"hermit:Spyglass":16},{"hermit:ClaspedLocket":48,"GremlinMask":15,"Eternal Feather":102,"Pen Nib":60,"PreservedInsect":76,"MawBank":21,"Akabeko":76,"Blood Vial":21,"Calling Bell":84,"OrangePellets":60,"Frozen Eye":88,"Centennial Puzzle":28,"Anchor":95,"Sundial":76,"Ornamental Fan":112,"Strawberry":88,"Turnip":84,"Membership Card":76,"hermit:Momento":0,"Toy Ornithopter":84,"hermit:Spyglass":84}],"Toy Ornithopter":15},"card_choices":[{"not_picked":["hermit:HoleUp","hermit:Glare"],"picked":"hermit:Gestalt","floor":1},{"not_picked":["hermit:LowProfile","hermit:SprayPray"],"picked":"hermit:Glare","floor":2},{"not_picked":["hermit:Vantage","hermit:Glare"],"picked":"hermit:Ricochet","floor":3},{"not_picked":["hermit:Glare","hermit:Ricochet"],"picked":"hermit:WideOpen","floor":4},{"not_picked":["hermit:HoleUp","hermit:LuckOfTheDraw"],"picked":"hermit:Malice","floor":7},{"not_picked":["hermit:OverwhelmingPower","hermit:HoleUp"],"picked":"hermit:Determination","floor":10},{"not_picked":["hermit:Quickdraw","hermit:Ricochet"],"picked":"hermit:Manifest","floor":11},{"not_picked":["hermit:Gestalt","hermit:Glare"],"picked":"hermit:Deadeye","floor":13},{"not_picked":["hermit:Misfire","hermit:HoleUp"],"picked":"hermit:Coalescence","floor":14},{"not_picked":["hermit:Magnum","hermit:Adapt"],"picked":"hermit:FatalDesire","floor":16},{"not_picked":["hermit:Feint","hermit:HoleUp"],"picked":"hermit:LowProfile","floor":18},{"not_picked":["hermit:PistolWhip","hermit:Quickdraw+1"],"picked":"hermit:GoldenBullet","floor":19},{"not_picked":["hermit:HoleUp+1","hermit:FullyLoaded+1"],"picked":"hermit:Desperado","floor":22},{"not_picked":["hermit:TrackingShot","hermit:Malice"],"picked":"hermit:SprayPray","floor":24},{"not_picked":["hermit:PistolWhip","hermit:Malice"],"picked":"hermit:FlashPowder+1","floor":25},{"not_picked":["hermit:Purgatory","hermit:FinalCanter"],"picked":"hermit:BlackWind","floor":33},{"not_picked":["hermit:Gestalt+1","hermit:Roulette+1"],"picked":"hermit:CalledShot+1","floor":35},{"not_picked":["hermit:LoneWolf+1","hermit:LuckOfTheDraw+1"],"picked":"hermit:Vantage+1","floor":41},{"not_picked":["hermit:Manifest","hermit:Glare+1"],"picked":"hermit:Snipe+1","floor":42},{"not_picked":["hermit:FromBeyond","hermit:LuckOfTheDraw"],"picked":"hermit:Headshot+1","floor":45},{"not_picked":["hermit:Virtue","hermit:ItchyTrigger"],"picked":"hermit:Feint","floor":46},{"not_picked":["hermit:LowProfile+1","hermit:BigShot+1"],"picked":"hermit:Spite+1","floor":48}],"player_experience":249327,"relics_obtained":[{"floor":7,"key":"MawBank"},{"floor":9,"key":"Blood Vial"},{"floor":10,"key":"Centennial Puzzle"},{"floor":26,"key":"Sundial"},{"floor":34,"key":"Toy Ornithopter"},{"floor":34,"key":"hermit:Spyglass"},{"floor":34,"key":"Turnip"},{"floor":41,"key":"Anchor"},{"floor":43,"key":"Eternal Feather"}],"event_choices":[{"damage_healed":0,"gold_gain":0,"player_choice":"Trade","damage_taken":0,"relics_obtained":["GremlinMask"],"max_hp_gain":0,"max_hp_loss":0,"event_name":"FaceTrader","floor":5,"gold_loss":0},{"cards_removed":["hermit:LowProfile"],"damage_healed":0,"gold_gain":0,"player_choice":"Purged","damage_taken":0,"max_hp_gain":0,"max_hp_loss":0,"event_name":"Purifier","floor":20,"gold_loss":0},{"damage_healed":0,"gold_gain":0,"player_choice":"Ignored","damage_taken":0,"max_hp_gain":0,"max_hp_loss":0,"event_name":"Ghosts","floor":28,"gold_loss":0},{"damage_healed":0,"gold_gain":0,"player_choice":"Simplicity","damage_taken":0,"max_hp_gain":0,"max_hp_loss":8,"event_name":"betterThird:BetterWriting","floor":31,"gold_loss":0},{"damage_healed":0,"gold_gain":0,"player_choice":"Ignored","damage_taken":0,"max_hp_gain":0,"max_hp_loss":0,"event_name":"Mysterious Sphere","floor":36,"gold_loss":0},{"cards_removed":["hermit:Glare"],"damage_healed":0,"gold_gain":0,"player_choice":"Removed Skill","damage_taken":0,"max_hp_gain":0,"max_hp_loss":0,"event_name":"Falling","floor":37,"gold_loss":0},{"damage_healed":21,"gold_gain":0,"player_choice":"Writhe","damage_taken":0,"max_hp_gain":0,"max_hp_loss":0,"event_name":"Winding Halls","floor":38,"gold_loss":0,"cards_obtained":["Writhe"]}],"is_beta":false,"boss_relics":[{"not_picked":["Runesmith:UraniumAnvil","Runic Pyramid"],"picked":"hermit:ClaspedLocket"},{"not_picked":["Astrolabe","Tiny House"],"picked":"Calling Bell"}],"items_purged_floors":[],"is_endless":false,"potions_floor_spawned":[1,4,11,13,16,18,24,25,35,45,46],"killed_by":"Donu and Deca","ascension_level":0}}