{"host":"5fasz840ryq7obdf","time":1609178998,"event":{"mods":["AchievementEnabler","BaseMod","Bestiary","Better Altar","Better Skull","Better Third Choice","BetterRewards","Block Reminder","Colored Powertips","Curses Come First","Highlight Path","Minty Spire (QoL Compilation)","Quick Restart","Rare Cards Sparkle","Relic Sorter","Relic Stats","Shop Mod","Slay-I","Spicy Shops","StSLib","SuperFastMode"],"gold_per_floor":[119,131,43,43,60,95,95,124,169,20,170,170,170],"floor_reached":12,"playtime":675,"items_purged":["Strike_B"],"score":172,"play_id":"77ac944a-df44-4748-b32b-2c0be1d70445","local_time":"20201228180958","is_ascension_mode":true,"campfire_choices":[{"data":"Buffer","floor":7.0,"key":"SMITH"}],"circlet_count":0,"master_deck":["AscendersBane","Strike_B","Strike_B","Defend_B","Defend_B","Defend_B","Defend_B","Zap","Dualcast","Multi-Cast","Doom and Gloom","Coolheaded","Undo","Hologram","Tempest","Steam","Hologram","Compile Driver","Defragment","Buffer+1","Hologram","FTL","Steam","Defragment","Leap","Darkness","Doubt"],"relics":["Cracked Core","Membership Card","Orrery","Cables","White Beast Statue","Juzu Bracelet","Boot"],"acts_visited":["Exordium"],"potions_floor_usage":[12],"damage_taken":[{"damage":0.0,"enemies":"Cultist","floor":1.0,"turns":4.0},{"damage":8.0,"enemies":"Small Slimes","floor":2.0,"turns":3.0},{"damage":0.0,"enemies":"Jaw Worm","floor":5.0,"turns":3.0},{"damage":9.0,"enemies":"3 Sentries","floor":6.0,"turns":4.0},{"damage":14.0,"enemies":"Gremlin Nob","floor":8.0,"turns":3.0},{"damage":0,"enemies":"3 Sentries","floor":12,"turns":6}],"seed_played":"89709026001180234","potions_obtained":[{"floor":2.0,"key":"Explosive Potion"},{"floor":8.0,"key":"SneckoOil"}],"is_trial":false,"path_per_floor":["M","M","$","?","M","E","R","E","T","$","?","E"],"character_chosen":"DEFECT","items_purchased":["Membership Card","Multi-Cast","Doom and Gloom","Coolheaded","Orrery","Compile Driver","Cables","Hologram","FTL","Defragment","Leap","Darkness"],"campfire_rested":0,"item_purchase_floors":[0,0,0,0,0,0,0,3,3,10,10,10],"current_hp_per_floor":[32,24,24,24,24,15,15,1,1,1,1,1,1],"gold":170,"neow_bonus":"","is_daily":false,"chose_seed":false,"campfire_upgraded":1,"win_rate":0.0,"timestamp":1609178998,"path_taken":["M","M","$","?","?","E","R","E","T","?","?","E"],"items_purchased_type":["Relic","Card","Card","Card","Relic","Card","Relic","Card","Card","Card","Card","Card"],"build_version":"2020-12-22","purchased_purges":1,"victory":false,"max_hp_per_floor":[71,71,71,71,71,71,71,71,71,71,71,71,71],"relic_stats":{"counters":[43,186],"Juzu Bracelet":0,"Boot":[0],"obtain_stats":[{"Lantern":36,"Torii":48,"CeramicFish":0,"Vajra":8,"Juzu Bracelet":8,"Boot":9,"Blood Vial":6,"Centennial Puzzle":36,"Nunchaku":0,"Mummified Hand":0,"Sundial":13,"Prayer Wheel":0,"Kunai":0,"Replay:Antivirus Software":2,"Replay:Wax Seal":5,"Toxic Egg 2":26,"Cracked Core":0,"Happy Flower":30,"PreservedInsect":9,"Pen Nib":27,"Frozen Egg 2":0,"Odd Mushroom":12,"War Paint":23,"MawBank":31,"White Beast Statue":6,"Cables":0,"Anchor":9,"DataDisk":44,"Busted Crown":34,"Bronze Scales":0,"Ring of Misfortune":2,"Bloody Idol":19,"Orrery":0,"Ring of Fury":2,"Coffee Dripper":17,"Membership Card":0,"Symbiotic Virus":10},{"Lantern":25,"Torii":33,"CeramicFish":3,"Vajra":12,"Juzu Bracelet":42,"Boot":42,"Blood Vial":6,"Centennial Puzzle":25,"Nunchaku":34,"Mummified Hand":9,"Sundial":15,"Prayer Wheel":9,"Kunai":34,"Replay:Antivirus Software":1,"Replay:Wax Seal":5,"Toxic Egg 2":20,"Cracked Core":0,"Happy Flower":22,"PreservedInsect":7,"Pen Nib":21,"Frozen Egg 2":0,"Odd Mushroom":14,"War Paint":19,"MawBank":23,"White Beast Statue":41,"Cables":37,"Anchor":12,"DataDisk":29,"Busted Crown":24,"Bronze Scales":0,"Ring of Misfortune":4,"Bloody Idol":18,"Orrery":9,"Ring of Fury":4,"Coffee Dripper":17,"Membership Card":3,"Symbiotic Virus":13},{"Lantern":108,"Torii":145,"CeramicFish":10,"Vajra":43,"Juzu Bracelet":180,"Boot":180,"Blood Vial":22,"Centennial Puzzle":108,"Nunchaku":153,"Mummified Hand":32,"Sundial":54,"Prayer Wheel":32,"Kunai":153,"Replay:Antivirus Software":3,"Replay:Wax Seal":16,"Toxic Egg 2":81,"Cracked Core":0,"Happy Flower":90,"PreservedInsect":25,"Pen Nib":87,"Frozen Egg 2":0,"Odd Mushroom":49,"War Paint":77,"MawBank":93,"White Beast Statue":177,"Cables":163,"Anchor":43,"DataDisk":125,"Busted Crown":103,"Bronze Scales":0,"Ring of Misfortune":14,"Bloody Idol":71,"Orrery":32,"Ring of Fury":14,"Coffee Dripper":67,"Membership Card":10,"Symbiotic Virus":46}],"Cables":[17,14,2,1,0]},"card_choices":[{"not_picked":["Compile Driver","Barrage"],"picked":"Undo","floor":0.0},{"not_picked":["Sweeping Beam","Stack"],"picked":"Hologram","floor":0.0},{"not_picked":["Static Discharge","Beam Cell"],"picked":"Tempest","floor":0.0},{"not_picked":["Sweeping Beam","Turbo"],"picked":"Steam","floor":0.0},{"not_picked":["Stack","Blizzard"],"picked":"Hologram","floor":0.0},{"not_picked":["Melter","Chill"],"picked":"Defragment","floor":1.0},{"not_picked":["Compile Driver","Darkness"],"picked":"Buffer","floor":2.0},{"not_picked":["Ball Lightning","Force Field","Beam Cell"],"picked":"SKIP","floor":5.0},{"not_picked":["Streamline","Meteor Strike"],"picked":"Steam","floor":6.0},{"not_picked":["Barrage","Stack","Steam Power"],"picked":"SKIP","floor":8.0}],"player_experience":1229161,"relics_obtained":[{"floor":6.0,"key":"White Beast Statue"},{"floor":8.0,"key":"Juzu Bracelet"},{"floor":9.0,"key":"Boot"}],"event_choices":[{"cards_removed":["Strike_B"],"damage_healed":0.0,"max_hp_gain":0.0,"max_hp_loss":0.0,"gold_gain":0.0,"event_name":"Bonfire Elementals","player_choice":"Offered Basic","floor":4.0,"gold_loss":0.0,"damage_taken":0.0},{"damage_healed":0.0,"max_hp_gain":0.0,"max_hp_loss":0.0,"gold_gain":150.0,"event_name":"betterThird:BetterSerpent","player_choice":"AGREE","floor":11.0,"gold_loss":0.0,"damage_taken":20.0}],"is_beta":false,"boss_relics":[],"items_purged_floors":[3],"is_endless":false,"potions_floor_spawned":[2,8],"killed_by":"3 Sentries","ascension_level":20}}