{"host":"htqwg582tjjtn9p7","time":1609168323,"event":{"mods":["2.2 Compatiblity","AchievementEnabler","Act Like it!","Aspiration","BaseMod","Better Third Choice","Colored Map","Conspire","Curses Come First","Displayed Cursed Tome","Energized Spire","Force Act Four","GifTheSpireLib","Hermit","Highlight Path","JesterMod","Mad Scientist","Minty Spire (QoL Compilation)","Pale of the Ancients","Permanent Neow","Random Character Button","Relic Stats","Replay The Spire","Robot Space Explorer","Somnambulant","Spicy Shops","Spikes Relics","StSLib","Stuff the Spire","The Blue Laboratory","The Disciple","The Dragon Tamer","The Forsaken","The Gatherer","The Judge","The Jungle","The Marked","The Runesmith","The Servant 0.9.4"],"gold_per_floor":[114,44,60,60,73,107,107,122,145,145,175,203,203,217,217,319,319,336,356,296,313,588,620,206,234,261,261,278,306,325,340,340,440,440,458,458,458,468,194,229,229,255,267,292,9,25,36,49,49,49,63,78,49,99,99,99,99,99,99,99,99],"floor_reached":60,"playtime":2581,"items_purged":["Regret","Strike_G","Strike_G","Clumsy"],"score":1175,"play_id":"f106d137-91ef-4839-9431-c55a34a8b889","local_time":"20201228161203","is_ascension_mode":false,"campfire_choices":[{"data":"Neutralize","floor":10,"key":"SMITH"},{"data":"StuffTheSpire:Shiver","floor":15,"key":"SMITH"},{"data":"ReplayTheSpireMod:Scrap Shanks","floor":27,"key":"SMITH"},{"data":"Calculated Gamble","floor":32,"key":"SMITH"},{"data":"Phantasmal Killer","floor":41,"key":"SMITH"},{"floor":49,"key":"DIG"},{"data":"Finisher","floor":55,"key":"SMITH"},{"data":"ReplayTheSpireMod:Scrap Shanks","floor":57,"key":"SMITH"}],"circlet_count":0,"master_deck":["Defend_G","Defend_G","Defend_G","Defend_G","Defend_G","Survivor","Neutralize+1","Dagger Spray","Footwork+1","Backflip","Underhanded Strike","Heel Hook","StuffTheSpire:Shiver+1","StuffTheSpire:DoubleShiv","StuffTheSpire:DoubleShiv","ReplayTheSpireMod:Scrap Shanks+1","Tools of the Trade","Setup","Accuracy","Slice","ReplayTheSpireMod:Scrap Shanks+1","ReplayTheSpireMod:Speed Training","Hidden Blade","Prepared","Cloak And Dagger+1","ReplayTheSpireMod:Shiv Toss","Phantasmal Killer+1","Calculated Gamble+1","Burst","Deflect","Blade Dance","Heel Hook+1","Accuracy+1","Concentrate+1","Finisher+1","ReplayTheSpireMod:Shiv Toss"],"relics":["Ring of the Snake","aspiration:Lifesprig","Bag of Preparation","Snack Pack","Odd Mushroom","StuffTheSpire:RunicHypercube","Pear","PreservedInsect","Replay:Mystery Machine","Ice Cream","CosmicIsotope","StuffTheSpire:Rhapsscallions","StuffTheSpire:Gunfinga","MawBank","Rawhide","Membership Card","BrokenLever","Sling","Toy Ornithopter","paleoftheancients:Timepiece","paleoftheancients:KeyRelic","Gremlin Horn","CultistMask","paleoftheancients:SoulOfTheCollector","Nunchaku"],"acts_visited":["Exordium","TheCity","TheBeyond","TheBeyond"],"potions_floor_usage":[6,6,11,16,35,50,56,60,60],"damage_taken":[{"damage":0,"enemies":"conspire:RoseBush","floor":1,"turns":3},{"damage":0,"enemies":"Small Slimes","floor":3,"turns":3},{"damage":0,"enemies":"2 Louse","floor":5,"turns":2},{"damage":11,"enemies":"Lagavulin","floor":6,"turns":9},{"damage":0,"enemies":"2 Fungi Beasts","floor":8,"turns":5},{"damage":18,"enemies":"Gremlin Nob","floor":11,"turns":4},{"damage":3,"enemies":"The Mushroom Lair","floor":12,"turns":5},{"damage":0,"enemies":"Exordium Thugs","floor":14,"turns":4},{"damage":21,"enemies":"Fading Forest","floor":16,"turns":11},{"damage":0,"enemies":"Chosen","floor":18,"turns":3},{"damage":2,"enemies":"Spheric Guardian","floor":19,"turns":3},{"damage":0,"enemies":"3 Cultists","floor":21,"turns":4},{"damage":1,"enemies":"conspire:Head Lice","floor":23,"turns":4},{"damage":8,"enemies":"Book of Stabbing","floor":25,"turns":4},{"damage":1,"enemies":"Shelled Parasite and Fungi","floor":28,"turns":3},{"damage":0,"enemies":"conspire:Head Lice","floor":29,"turns":3},{"damage":0,"enemies":"Snecko","floor":30,"turns":3},{"damage":0,"enemies":"conspire:HollyBat","floor":31,"turns":5},{"damage":0,"enemies":"Collector","floor":33,"turns":3},{"damage":16,"enemies":"3 Darklings","floor":35,"turns":5},{"damage":9,"enemies":"Orb Walker","floor":38,"turns":3},{"damage":0,"enemies":"Giant Head","floor":40,"turns":3},{"damage":0,"enemies":"Nemesis","floor":42,"turns":3},{"damage":0,"enemies":"Spire Growth","floor":44,"turns":3},{"damage":0,"enemies":"Writhing Mass","floor":46,"turns":5},{"damage":0,"enemies":"Maw","floor":47,"turns":3},{"damage":0,"enemies":"Sphere and 2 Shapes","floor":48,"turns":2},{"damage":44,"enemies":"conspire:OrnateMirror","floor":50,"turns":7},{"damage":3,"enemies":"conspire:OrnateMirror","floor":51,"turns":4},{"damage":12,"enemies":"conspire:OrnateMirror","floor":52,"turns":4},{"damage":88,"enemies":"conspire:OrnateMirror","floor":56,"turns":6},{"damage":108,"enemies":"paleoftheancients:N","floor":60,"turns":5}],"seed_played":"5042485170170188327","potions_obtained":[{"floor":0,"key":"blueLaboratory:BottleOfRum"},{"floor":0,"key":"Death Potion"},{"floor":0,"key":"PowerPotion"},{"floor":8,"key":"EssenceOfSteel"},{"floor":14,"key":"blueLaboratory:NullPotion"},{"floor":16,"key":"Venom Potion"},{"floor":18,"key":"blueLaboratory:TrueEctoplasm"},{"floor":21,"key":"Adrenaline Potion"},{"floor":35,"key":"blueLaboratory:PhilterOfMotion"},{"floor":47,"key":"blueLaboratory:ArtistsPotion"},{"floor":51,"key":"Strength Potion"},{"floor":52,"key":"blueLaboratory:HummingbirdPotion"}],"is_trial":false,"path_per_floor":["M","$","M","?","M","E","?","M","T","R","E","?","?","M","R","B",null,"M","M","?","M","?","E","$","E","T","R","M","E","M","M","R","B",null,"M","T","?","M","$","E","R","E","T","M","$","M","M","M","R_BF","B","M","M","$","T","R","M","R","T","?","B"],"character_chosen":"THE_SILENT","items_purchased":["Footwork","ReplayTheSpireMod:Scrap Shanks","ReplayTheSpireMod:Speed Training","Hidden Blade","Blade Dance","Membership Card","BrokenLever","Sling","ReplayTheSpireMod:Shiv Toss"],"campfire_rested":0,"item_purchase_floors":[2,24,24,24,39,45,45,45,53],"current_hp_per_floor":[70,70,70,70,70,59,59,59,59,59,41,42,42,50,50,47,70,70,70,70,70,70,80,80,78,78,78,80,80,80,80,80,80,80,74,75,75,72,72,81,81,81,81,81,81,81,81,81,81,81,81,76,76,76,76,81,81,81,81,0,0],"gold":99,"neow_bonus":"THREE_SMALL_POTIONS","is_daily":false,"chose_seed":false,"campfire_upgraded":7,"win_rate":0.0,"timestamp":1609168323,"path_taken":["M","$","M","?","M","E","?","M","T","R","E","?","?","M","R","BOSS","M","M","?","M","?","E","$","E","T","R","?","E","M","M","R","BOSS","M","?","?","M","$","E","R","E","T","M","$","M","M","M","R_BF","BOSS","M","M","?","T","R","M","R","T","?","BOSS"],"items_purchased_type":["Card","Card","Card","Card","Card","Relic","Relic","Relic","Card"],"build_version":"2020-12-22","purchased_purges":4,"victory":false,"max_hp_per_floor":[70,70,70,70,70,70,70,70,70,70,70,70,70,70,70,70,70,70,70,70,70,70,80,80,80,80,80,80,80,80,80,80,80,80,80,81,81,81,81,81,81,81,81,81,81,81,81,81,81,81,81,81,81,81,81,81,81,81,81,81,81],"relic_stats":{"Nunchaku":[4],"Gremlin Horn":[13,13],"counters":[32,134],"PreservedInsect":207,"Bag of Preparation":[58],"MawBank":36,"obtain_stats":[{"Ice Cream":29,"aspiration:Lifesprig":6,"Gremlin Horn":50,"StuffTheSpire:Rhapsscallions":36,"Rawhide":43,"BrokenLever":45,"Bag of Preparation":9,"Replay:Mystery Machine":26,"Sling":45,"StuffTheSpire:Gunfinga":40,"Nunchaku":58,"Ring of the Snake":0,"paleoftheancients:KeyRelic":50,"Pear":23,"StuffTheSpire:RunicHypercube":17,"PreservedInsect":25,"Odd Mushroom":12,"MawBank":42,"paleoftheancients:Timepiece":50,"CultistMask":50,"Snack Pack":11,"CosmicIsotope":34,"Membership Card":45,"paleoftheancients:SoulOfTheCollector":52,"Toy Ornithopter":49},{"Ice Cream":16,"aspiration:Lifesprig":4,"Gremlin Horn":28,"StuffTheSpire:Rhapsscallions":20,"Rawhide":23,"BrokenLever":24,"Bag of Preparation":5,"Replay:Mystery Machine":14,"Sling":24,"StuffTheSpire:Gunfinga":22,"Nunchaku":31,"Ring of the Snake":0,"paleoftheancients:KeyRelic":28,"Pear":13,"StuffTheSpire:RunicHypercube":9,"PreservedInsect":14,"Odd Mushroom":7,"MawBank":23,"paleoftheancients:Timepiece":28,"CultistMask":28,"Snack Pack":6,"CosmicIsotope":19,"Membership Card":24,"paleoftheancients:SoulOfTheCollector":30,"Toy Ornithopter":27},{"Ice Cream":70,"aspiration:Lifesprig":17,"Gremlin Horn":115,"StuffTheSpire:Rhapsscallions":86,"Rawhide":95,"BrokenLever":98,"Bag of Preparation":22,"Replay:Mystery Machine":64,"Sling":98,"StuffTheSpire:Gunfinga":92,"Nunchaku":129,"Ring of the Snake":0,"paleoftheancients:KeyRelic":115,"Pear":60,"StuffTheSpire:RunicHypercube":46,"PreservedInsect":64,"Odd Mushroom":31,"MawBank":95,"paleoftheancients:Timepiece":115,"CultistMask":115,"Snack Pack":26,"CosmicIsotope":81,"Membership Card":98,"paleoftheancients:SoulOfTheCollector":123,"Toy Ornithopter":108}],"Toy Ornithopter":0,"Ring of the Snake":[64]},"card_choices":[{"not_picked":["Cloak And Dagger","Catalyst"],"picked":"Dagger Spray","floor":1},{"not_picked":["StuffTheSpire:Python","Acrobatics"],"picked":"Backflip","floor":3},{"not_picked":["Acrobatics","Hidden Blade"],"picked":"Underhanded Strike","floor":5},{"not_picked":["ReplayTheSpireMod:Speed Training","Sucker Punch"],"picked":"Heel Hook","floor":6},{"not_picked":["Deadly Poison","Outmaneuver"],"picked":"StuffTheSpire:Shiver","floor":8},{"not_picked":["Acrobatics","Glass Knife"],"picked":"StuffTheSpire:DoubleShiv","floor":11},{"not_picked":["Outmaneuver","StuffTheSpire:BumpUp"],"picked":"StuffTheSpire:DoubleShiv","floor":12},{"not_picked":["ShadowRift","StuffTheSpire:BumpUp"],"picked":"ReplayTheSpireMod:Scrap Shanks","floor":14},{"not_picked":["aspiration:Lunge","Malaise"],"picked":"Tools of the Trade","floor":16},{"not_picked":["Dagger Throw","Poisoned Stab"],"picked":"Setup","floor":18},{"not_picked":["Quick Slash","Bane+1","Acrobatics"],"picked":"SKIP","floor":19},{"not_picked":["StuffTheSpire:MirrorStance","Prepared"],"picked":"Accuracy","floor":21},{"not_picked":["Endless Agony","Choke"],"picked":"Slice","floor":23},{"not_picked":["InfectiousVector","StuffTheSpire:Injection"],"picked":"Prepared","floor":25},{"not_picked":["StuffTheSpire:MirrorStance","Deflect"],"picked":"Cloak And Dagger+1","floor":28},{"not_picked":["All Out Attack","Backflip"],"picked":"ReplayTheSpireMod:Shiv Toss","floor":29},{"not_picked":["Predator","InfectiousVector"],"picked":"Phantasmal Killer","floor":30},{"not_picked":["Accuracy","Cloak And Dagger+1"],"picked":"Calculated Gamble","floor":31},{"not_picked":["Bullet Time","Corpse Explosion"],"picked":"Burst","floor":33},{"not_picked":["Underhanded Strike","StuffTheSpire:Injection","Quick Slash"],"picked":"SKIP","floor":35},{"not_picked":["Cloak And Dagger+1","Dagger Spray+1"],"picked":"Deflect","floor":38},{"not_picked":["ReplayTheSpireMod:Exploit Weakness","Dagger Throw","conspire:DoublingDagger"],"picked":"SKIP","floor":40},{"not_picked":["Corpse Explosion","Predator","Outmaneuver"],"picked":"SKIP","floor":42},{"not_picked":["Sucker Punch+1","StuffTheSpire:DoubleShiv","Blade Dance"],"picked":"SKIP","floor":44},{"not_picked":["Sucker Punch","Noxious Fumes","Outmaneuver"],"picked":"SKIP","floor":46},{"not_picked":["Caltrops","StuffTheSpire:Python+1"],"picked":"Heel Hook+1","floor":47},{"not_picked":["Bouncing Flask","Crippling Poison+1"],"picked":"Accuracy+1","floor":48},{"not_picked":["Acrobatics+1","Sucker Punch+1"],"picked":"Concentrate+1","floor":51},{"not_picked":["Hidden Blade+1","Slice"],"picked":"Finisher","floor":52}],"player_experience":1813712,"relics_obtained":[{"floor":6,"key":"aspiration:Lifesprig"},{"floor":9,"key":"Bag of Preparation"},{"floor":11,"key":"Snack Pack"},{"floor":12,"key":"Odd Mushroom"},{"floor":23,"key":"Pear"},{"floor":25,"key":"PreservedInsect"},{"floor":26,"key":"Replay:Mystery Machine"},{"floor":29,"key":"Ice Cream"},{"floor":36,"key":"StuffTheSpire:Rhapsscallions"},{"floor":40,"key":"StuffTheSpire:Gunfinga"},{"floor":42,"key":"MawBank"},{"floor":43,"key":"Rawhide"},{"floor":49,"key":"Toy Ornithopter"},{"floor":52,"key":"paleoftheancients:SoulOfTheCollector"},{"floor":58,"key":"Nunchaku"}],"event_choices":[{"damage_healed":0,"gold_gain":0,"player_choice":"Grow","damage_taken":0,"max_hp_gain":0,"max_hp_loss":0,"event_name":"Living Wall","floor":4,"gold_loss":0,"cards_upgraded":["Footwork"]},{"damage_healed":0,"gold_gain":0,"player_choice":"Fought Mushrooms","damage_taken":0,"max_hp_gain":0,"max_hp_loss":0,"event_name":"Mushrooms","floor":12,"gold_loss":0},{"cards_removed":["Strike_G"],"damage_healed":0,"gold_gain":0,"player_choice":"Purged","damage_taken":0,"max_hp_gain":0,"max_hp_loss":0,"event_name":"Purifier","floor":13,"gold_loss":0},{"damage_healed":0,"gold_gain":275,"player_choice":"Desecrate","damage_taken":0,"max_hp_gain":0,"max_hp_loss":0,"event_name":"Golden Shrine","floor":22,"gold_loss":0,"cards_obtained":["Regret"]},{"cards_removed":["Strike_G"],"damage_healed":0,"gold_gain":0,"player_choice":"Purged","damage_taken":0,"max_hp_gain":0,"max_hp_loss":0,"event_name":"Purifier","floor":37,"gold_loss":0}],"is_beta":false,"boss_relics":[{"not_picked":["ChewingGum","theForsaken:PaleLantern"],"picked":"StuffTheSpire:RunicHypercube"},{"not_picked":["Astrolabe","Empty Cage"],"picked":"CosmicIsotope"}],"items_purged_floors":[24,39,39,45],"is_endless":false,"potions_floor_spawned":[8,14,16,18,21,23,31,33,35,42,44,46,47,51,52],"killed_by":"paleoftheancients:N","ascension_level":0}}