{"host":"mwqnlghgfp5mgeui","time":1609162140,"event":{"mods":["2.2 Compatiblity","BaseMod","DeckTracker","Highlight Path","Minty Spire (QoL Compilation)","SuperFastMode","everything is the same but u backflip on backflip"],"gold_per_floor":[112,129,146,158,37,37,50,50,50,70,104,118,118,129,129,225,225,212,311,118,130,30,30,30,59,59,59,71,84,84,84],"floor_reached":30,"playtime":1614,"items_purged":["Strike_B","Defend_B"],"score":254,"play_id":"16029bfd-b953-4aac-8c8f-f08b9e8d1428","local_time":"20201228222900","is_ascension_mode":false,"campfire_choices":[{"floor":6,"key":"REST"},{"data":"Zap","floor":8,"key":"SMITH"},{"floor":13,"key":"REST"},{"floor":15,"key":"REST"},{"data":"Capacitor","floor":23,"key":"SMITH"},{"floor":27,"key":"REST"}],"circlet_count":0,"master_deck":["Strike_B","Strike_B","Strike_B","Defend_B","Defend_B","Defend_B","Zap+1","Dualcast","Barrage","Leap","Steam","Aggregate","Dark Shackles","FTL","Turbo","Coolheaded+1","Stack+1","Sunder","Chill+1","Rainbow+1","Self Repair+1","Auto Shields+1","Capacitor+1","Sweeping Beam","Beam Cell","Beam Cell+1","Streamline+1","Sweeping Beam+1"],"relics":["Cracked Core","Toxic Egg 2","Ornamental Fan","Black Star","Dream Catcher","Meat on the Bone","Molten Egg 2"],"acts_visited":["Exordium","TheCity"],"potions_floor_usage":[12,16,21],"damage_taken":[{"damage":1,"enemies":"Cultist","floor":1,"turns":4},{"damage":5,"enemies":"Jaw Worm","floor":2,"turns":4},{"damage":6,"enemies":"Small Slimes","floor":3,"turns":3},{"damage":17,"enemies":"Exordium Thugs","floor":4,"turns":5},{"damage":6,"enemies":"Large Slime","floor":7,"turns":5},{"damage":5,"enemies":"Blue Slaver","floor":10,"turns":4},{"damage":32,"enemies":"Lagavulin","floor":11,"turns":9},{"damage":0,"enemies":"Exordium Thugs","floor":12,"turns":4},{"damage":7,"enemies":"Exordium Wildlife","floor":14,"turns":4},{"damage":58,"enemies":"Hexaghost","floor":16,"turns":15},{"damage":11,"enemies":"2 Thieves","floor":18,"turns":4},{"damage":6,"enemies":"3 Byrds","floor":21,"turns":6},{"damage":55,"enemies":"Book of Stabbing","floor":25,"turns":8},{"damage":32,"enemies":"Shelled Parasite and Fungi","floor":28,"turns":8},{"damage":38,"enemies":"3 Cultists","floor":29,"turns":8},{"damage":34,"enemies":"Cultist and Chosen","floor":30,"turns":6}],"seed_played":"7554519719974857114","potions_obtained":[{"floor":1,"key":"BlessingOfTheForge"},{"floor":3,"key":"EssenceOfSteel"},{"floor":10,"key":"Swift Potion"},{"floor":12,"key":"SteroidPotion"},{"floor":18,"key":"Swift Potion"}],"is_trial":false,"path_per_floor":["M","M","M","M","$","R","M","R","T","M","E","M","R","M","R","B",null,"M","?","$","M","$","R","$","E","T","R","M","M","M"],"character_chosen":"DEFECT","items_purchased":["Dark Shackles","FTL","Auto Shields+1","Capacitor"],"campfire_rested":4,"item_purchase_floors":[5,5,20,20],"current_hp_per_floor":[81,76,70,53,53,77,71,71,71,66,34,34,58,51,75,17,82,71,71,71,75,75,75,75,30,30,54,44,28,0,0],"gold":84,"neow_bonus":"TEN_PERCENT_HP_BONUS","is_daily":false,"chose_seed":false,"campfire_upgraded":2,"win_rate":0.0,"timestamp":1609162140,"path_taken":["M","M","M","M","$","R","?","R","T","M","E","M","R","M","R","BOSS","M","?","$","M","$","R","?","E","T","R","M","M","M"],"items_purchased_type":["Card","Card","Card","Card"],"build_version":"2020-12-22","purchased_purges":2,"victory":false,"max_hp_per_floor":[82,82,82,82,82,82,82,82,82,82,82,82,82,82,82,82,82,82,82,82,82,82,82,82,82,82,82,82,82,82,82],"card_choices":[{"not_picked":["Scrape","Streamline"],"picked":"Barrage","floor":1},{"not_picked":["Hologram","Coolheaded"],"picked":"Leap","floor":2},{"not_picked":["Static Discharge","Blizzard"],"picked":"Steam","floor":3},{"not_picked":["Coolheaded","Streamline"],"picked":"Aggregate","floor":4},{"not_picked":["All For One","Storm"],"picked":"Turbo","floor":7},{"not_picked":["Static Discharge","Rebound"],"picked":"Coolheaded+1","floor":10},{"not_picked":["Barrage","Meteor Strike"],"picked":"Stack+1","floor":11},{"not_picked":["Rebound","Gash"],"picked":"Sunder","floor":12},{"not_picked":["Storm","Go for the Eyes"],"picked":"Chill+1","floor":14},{"not_picked":["Electrodynamics","Fission+1"],"picked":"Rainbow+1","floor":16},{"not_picked":["Rip and Tear+1","Barrage"],"picked":"Self Repair+1","floor":18},{"not_picked":["Scrape","Heatsinks"],"picked":"Sweeping Beam","floor":21},{"not_picked":["Hologram+1","Chaos+1"],"picked":"Beam Cell","floor":25},{"not_picked":["Auto Shields+1","Sunder+1"],"picked":"Beam Cell+1","floor":27},{"not_picked":["Cold Snap+1","Reprogram+1"],"picked":"Streamline+1","floor":28},{"not_picked":["Streamline+1","Undo+1"],"picked":"Sweeping Beam+1","floor":29}],"player_experience":127168,"relics_obtained":[{"floor":9,"key":"Toxic Egg 2"},{"floor":11,"key":"Ornamental Fan"},{"floor":25,"key":"Dream Catcher"},{"floor":25,"key":"Meat on the Bone"},{"floor":26,"key":"Molten Egg 2"}],"event_choices":[{"damage_healed":0,"gold_gain":99,"player_choice":"Stole From Cult","damage_taken":0,"max_hp_gain":0,"max_hp_loss":0,"event_name":"Nest","floor":19,"gold_loss":0}],"is_beta":false,"boss_relics":[{"not_picked":["Tiny House","Fusion Hammer"],"picked":"Black Star"}],"items_purged_floors":[20,22],"is_endless":false,"potions_floor_spawned":[1,3,10,12,18],"killed_by":"Cultist and Chosen","ascension_level":0}}