{"host":"gl7gfqdgzaxu5sie","time":1609164031,"event":{"mods":["AchievementEnabler","BaseMod","Colored Map","DeckTracker","Minty Spire (QoL Compilation)"],"gold_per_floor":[115,128,140,315,326,361,31,46,46,46,46],"floor_reached":10,"playtime":495,"items_purged":["Doubt"],"score":105,"play_id":"187c35fc-2823-4207-9fed-e570b6bfeeb2","local_time":"20201228230031","is_ascension_mode":true,"campfire_choices":[],"circlet_count":0,"master_deck":["AscendersBane","Strike_R","Strike_R","Strike_R","Strike_R","Strike_R","Defend_R","Defend_R","Defend_R","Defend_R","Bash","Pummel","Cleave","Pummel","Sentinel","Offering","Sword Boomerang"],"relics":["Burning Blood","Regal Pillow","Frozen Egg 2"],"acts_visited":["Exordium"],"potions_floor_usage":[10,10],"damage_taken":[{"damage":0.0,"enemies":"Small Slimes","floor":1.0,"turns":3.0},{"damage":12.0,"enemies":"Jaw Worm","floor":2.0,"turns":4.0},{"damage":1.0,"enemies":"Cultist","floor":3.0,"turns":3.0},{"damage":10.0,"enemies":"2 Fungi Beasts","floor":5.0,"turns":4.0},{"damage":50.0,"enemies":"3 Sentries","floor":6.0,"turns":11.0},{"damage":28.0,"enemies":"Gremlin Gang","floor":8.0,"turns":4.0},{"damage":21,"enemies":"Lagavulin","floor":10,"turns":6}],"seed_played":"-6679552339065630633","potions_obtained":[{"floor":1.0,"key":"Weak Potion"},{"floor":8.0,"key":"Regen Potion"}],"is_trial":false,"path_per_floor":["M","M","M","?","M","E","$","M","T","E"],"character_chosen":"IRONCLAD","items_purchased":["Frozen Egg 2"],"campfire_rested":0,"item_purchase_floors":[7],"current_hp_per_floor":[86,80,85,85,81,37,37,15,15,9,9],"gold":46,"neow_bonus":"TEN_PERCENT_HP_BONUS","is_daily":false,"chose_seed":false,"campfire_upgraded":0,"win_rate":0.0,"timestamp":1609164031,"path_taken":["M","M","M","?","M","E","$","M","T","E"],"items_purchased_type":["Relic"],"build_version":"2020-12-22","purchased_purges":1,"victory":false,"max_hp_per_floor":[88,88,88,88,88,88,88,88,88,88,88],"card_choices":[{"not_picked":["Bloodletting","Heavy Blade"],"picked":"Pummel","floor":1.0},{"not_picked":["Headbutt","Pommel Strike"],"picked":"Cleave","floor":2.0},{"not_picked":["Seeing Red","Thunderclap"],"picked":"Pummel","floor":3.0},{"not_picked":["Body Slam","Perfected Strike"],"picked":"Sentinel","floor":5.0},{"not_picked":["Twin Strike","Second Wind"],"picked":"Offering","floor":6.0},{"not_picked":["Body Slam","Dropkick"],"picked":"Sword Boomerang","floor":8.0}],"player_experience":558677,"relics_obtained":[{"floor":6.0,"key":"Regal Pillow"}],"event_choices":[{"damage_healed":0.0,"max_hp_gain":0.0,"max_hp_loss":0.0,"gold_gain":175.0,"event_name":"Liars Game","player_choice":"AGREE","floor":4.0,"gold_loss":0.0,"damage_taken":0.0,"cards_obtained":["Doubt"]}],"is_beta":false,"boss_relics":[],"items_purged_floors":[7],"is_endless":false,"potions_floor_spawned":[1,8],"killed_by":"Lagavulin","ascension_level":10}}