{"host":"1637j8siz7lzgd5k","time":1609139106,"event":{"mods":["BaseMod","Colored Map","Minty Spire (QoL Compilation)","StSLib","SuperFastMode"],"gold_per_floor":[117,134,152,9,27,27,39,39,39,73,73,101,136,136,136,212,212,231,131,131,56,56,56,71,71,95,112,125,150,150,150,150,223,223,238,238,238],"floor_reached":36,"playtime":665,"items_purged":["Strike_P","Strike_P"],"score":663,"play_id":"f3e850fe-7f26-4773-aa44-ae1bd1d524eb","local_time":"20201228160506","is_ascension_mode":true,"campfire_choices":[{"data":"Eruption","floor":6,"key":"SMITH"},{"data":"LessonLearned","floor":8,"key":"SMITH"},{"floor":11,"key":"REST"},{"data":"Vigilance","floor":15,"key":"SMITH"},{"data":"Omniscience","floor":23,"key":"SMITH"},{"floor":25,"key":"RECALL"},{"floor":32,"key":"REST"}],"circlet_count":0,"master_deck":["AscendersBane","Defend_P+1","Defend_P+1","Eruption+1","Vigilance+1","FlurryOfBlows+1","FlurryOfBlows+1","CutThroughFate+1","Ragnarok+1","Omniscience+1","FlyingSleeves+1","Indignation+1","Scrawl+1","WheelKick+1","FearNoEvil+1","TalkToTheHand+1","Swivel+1","Tantrum+1"],"relics":["PureWater","Molten Egg 2","Omamori","Odd Mushroom","GoldenEye","Gremlin Horn","Astrolabe","White Beast Statue","Centennial Puzzle","Empty Cage"],"acts_visited":["Exordium","TheCity","TheBeyond"],"potions_floor_usage":[16,16,29,29],"damage_taken":[{"damage":0,"enemies":"Cultist","floor":1,"turns":3},{"damage":0,"enemies":"Jaw Worm","floor":2,"turns":2},{"damage":0,"enemies":"2 Louse","floor":3,"turns":2},{"damage":11,"enemies":"2 Fungi Beasts","floor":5,"turns":4},{"damage":1,"enemies":"Looter","floor":7,"turns":3},{"damage":42,"enemies":"3 Sentries","floor":10,"turns":5},{"damage":7,"enemies":"The Mushroom Lair","floor":12,"turns":4},{"damage":15,"enemies":"Gremlin Nob","floor":13,"turns":3},{"damage":1,"enemies":"Hexaghost","floor":16,"turns":4},{"damage":0,"enemies":"Shell Parasite","floor":18,"turns":2},{"damage":11,"enemies":"2 Thieves","floor":24,"turns":2},{"damage":4,"enemies":"Snake Plant","floor":27,"turns":2},{"damage":0,"enemies":"Shelled Parasite and Fungi","floor":28,"turns":2},{"damage":18,"enemies":"Book of Stabbing","floor":29,"turns":3},{"damage":22,"enemies":"Collector","floor":33,"turns":5},{"damage":20,"enemies":"3 Shapes","floor":35,"turns":2},{"damage":0,"enemies":"2 Orb Walkers","floor":36,"turns":1}],"seed_played":"-2272208378621207807","potions_obtained":[{"floor":1,"key":"Strength Potion"},{"floor":5,"key":"Weak Potion"},{"floor":18,"key":"SteroidPotion"},{"floor":24,"key":"Regen Potion"},{"floor":29,"key":"SpeedPotion"},{"floor":33,"key":"SteroidPotion"},{"floor":35,"key":"Strength Potion"}],"is_trial":false,"path_per_floor":["M","M","M","$","M","R","M","R","T","E","R","?","E","T","R","B",null,"M","$","?","?","?","R","M","R","T","M","M","E","?","$","R","B",null,"M","?"],"character_chosen":"WATCHER","items_purchased":["LessonLearned"],"campfire_rested":2,"item_purchase_floors":[4],"current_hp_per_floor":[67,67,67,67,56,56,55,55,55,13,35,28,13,13,13,12,59,59,59,59,59,59,59,48,48,48,44,44,31,31,31,53,31,63,43,43,43],"gold":238,"neow_bonus":"TEN_PERCENT_HP_BONUS","is_daily":false,"chose_seed":false,"campfire_upgraded":4,"win_rate":0.0,"timestamp":1609139106,"path_taken":["M","M","M","$","M","R","?","R","T","E","R","?","E","?","R","BOSS","M","$","?","?","?","R","M","R","T","M","M","E","?","?","R","BOSS","M","?"],"items_purchased_type":["Card"],"build_version":"2020-12-22","purchased_purges":2,"victory":false,"max_hp_per_floor":[74,74,74,74,74,74,74,74,74,74,74,74,74,74,74,74,74,74,74,74,74,74,74,74,74,74,74,74,74,74,74,74,74,74,74,74,74],"card_choices":[{"not_picked":["Sanctity","ThirdEye"],"picked":"FlurryOfBlows","floor":1},{"not_picked":["Halt","PathToVictory"],"picked":"FlurryOfBlows","floor":2},{"not_picked":["Meditate","Wish","FlyingSleeves"],"picked":"SKIP","floor":3},{"not_picked":["JustLucky","PathToVictory"],"picked":"FlurryOfBlows","floor":5},{"not_picked":["JustLucky","ReachHeaven","Consecrate"],"picked":"SKIP","floor":7},{"not_picked":["Prostrate","Perseverance","WindmillStrike+1"],"picked":"SKIP","floor":10},{"not_picked":["FlyingSleeves+1","Consecrate+1"],"picked":"CutThroughFate+1","floor":12},{"not_picked":["Study","Wallop+1"],"picked":"Ragnarok+1","floor":13},{"not_picked":["DeusExMachina","SpiritShield"],"picked":"Omniscience","floor":16},{"not_picked":["ClearTheMind","Meditate"],"picked":"WheelKick+1","floor":18},{"not_picked":["EmptyBody","BowlingBash+1","PathToVictory"],"picked":"SKIP","floor":24},{"not_picked":["Evaluate","Protect"],"picked":"TalkToTheHand+1","floor":27},{"not_picked":["FlyingSleeves+1","Consecrate+1"],"picked":"Swivel+1","floor":28},{"not_picked":["Protect","Wireheading"],"picked":"Tantrum+1","floor":29},{"not_picked":["Indignation","Evaluate","FollowUp+1"],"picked":"SKIP","floor":35}],"player_experience":821525,"relics_obtained":[{"floor":9,"key":"Molten Egg 2"},{"floor":10,"key":"Omamori"},{"floor":12,"key":"Odd Mushroom"},{"floor":13,"key":"GoldenEye"},{"floor":14,"key":"Gremlin Horn"},{"floor":29,"key":"Centennial Puzzle"}],"event_choices":[{"damage_healed":0,"gold_gain":0,"player_choice":"Fought Mushrooms","damage_taken":0,"max_hp_gain":0,"max_hp_loss":0,"event_name":"Mushrooms","floor":12,"gold_loss":0},{"damage_healed":0,"gold_gain":0,"player_choice":"Read","damage_taken":0,"max_hp_gain":0,"max_hp_loss":0,"event_name":"The Library","floor":20,"gold_loss":0,"cards_obtained":["FearNoEvil"]},{"cards_removed":["Defend_P"],"damage_healed":0,"gold_gain":0,"player_choice":"Gave Gold","damage_taken":0,"max_hp_gain":0,"max_hp_loss":0,"event_name":"Beggar","floor":21,"gold_loss":75},{"damage_healed":0,"gold_gain":0,"player_choice":"Stole Relic","damage_taken":0,"relics_obtained":["White Beast Statue"],"max_hp_gain":0,"max_hp_loss":0,"event_name":"Addict","floor":22,"gold_loss":0,"cards_obtained":["Shame"]},{"damage_healed":0,"gold_gain":0,"player_choice":"Ignored","damage_taken":0,"max_hp_gain":0,"max_hp_loss":0,"event_name":"Vampires","floor":30,"gold_loss":0},{"damage_healed":0,"gold_gain":0,"player_choice":"Fight","damage_taken":0,"max_hp_gain":0,"max_hp_loss":0,"event_name":"Mysterious Sphere","floor":36,"gold_loss":0}],"is_beta":false,"boss_relics":[{"not_picked":["Busted Crown","Black Star"],"picked":"Astrolabe"},{"not_picked":["Snecko Eye","HolyWater"],"picked":"Empty Cage"}],"items_purged_floors":[4,19],"is_endless":false,"potions_floor_spawned":[1,5,12,13,18,24,27,28,29,33,35],"killed_by":"2 Orb Walkers","ascension_level":14}}