{"host":"a7n5dzefz0hsmd08","time":1609175241,"event":{"mods":["2.2 Compatiblity","AchievementEnabler","BaseMod","Colored Powertips","Minty Spire (QoL Compilation)","StSLib"],"gold_per_floor":[114,114,133,133,133,173,189,224,224,263,263,287,307,327,327,327,327],"floor_reached":16,"playtime":560,"items_purged":[],"score":154,"play_id":"74eb7439-1250-4312-817c-1b3ce40c5e69","local_time":"20201228180721","is_ascension_mode":true,"campfire_choices":[{"floor":15,"key":"REST"}],"circlet_count":0,"master_deck":["Strike_P","Strike_P+1","Strike_P","Strike_P","Defend_P","Defend_P","Defend_P","Defend_P","Eruption+1","Vigilance","WindmillStrike","BattleHymn","FlurryOfBlows","CutThroughFate","CutThroughFate","Conclude","SandsOfTime","Weave"],"relics":["PureWater","Peace Pipe","Golden Idol","Smiling Mask","Question Card","Bronze Scales","Sundial"],"acts_visited":["Exordium"],"potions_floor_usage":[6,12,16,16],"damage_taken":[{"damage":3,"enemies":"Jaw Worm","floor":1,"turns":4},{"damage":0,"enemies":"Small Slimes","floor":3,"turns":3},{"damage":14,"enemies":"Gremlin Nob","floor":6,"turns":3},{"damage":0,"enemies":"2 Louse","floor":7,"turns":2},{"damage":5,"enemies":"Lagavulin","floor":8,"turns":4},{"damage":0,"enemies":"Gremlin Nob","floor":10,"turns":2},{"damage":6,"enemies":"Red Slaver","floor":12,"turns":3},{"damage":7,"enemies":"Looter","floor":13,"turns":3},{"damage":13,"enemies":"Exordium Thugs","floor":14,"turns":2},{"damage":43,"enemies":"Hexaghost","floor":16,"turns":3}],"seed_played":"-5277098825973685070","potions_obtained":[{"floor":1,"key":"PowerPotion"},{"floor":6,"key":"SpeedPotion"},{"floor":8,"key":"BottledMiracle"},{"floor":10,"key":"Regen Potion"}],"is_trial":false,"path_per_floor":["M","?","M","?","?","E","M","E","T","E","?","M","M","M","R","B"],"character_chosen":"WATCHER","items_purchased":[],"campfire_rested":1,"item_purchase_floors":[],"current_hp_per_floor":[62,49,49,49,54,40,40,35,35,35,35,29,22,9,28,0,0],"gold":327,"neow_bonus":"ONE_RARE_RELIC","is_daily":false,"chose_seed":false,"campfire_upgraded":0,"win_rate":0.0,"timestamp":1609175241,"path_taken":["M","?","M","?","?","E","M","E","T","E","?","M","M","?","R","BOSS"],"items_purchased_type":[],"build_version":"2020-12-22","purchased_purges":0,"victory":false,"max_hp_per_floor":[65,65,65,60,65,65,65,65,65,65,65,65,65,65,65,65,65],"card_choices":[{"not_picked":["FollowUp","CrushJoints"],"picked":"WindmillStrike","floor":1},{"not_picked":["Fasting2","EmptyBody"],"picked":"BattleHymn","floor":3},{"not_picked":["Fasting2","FollowUp"],"picked":"FlurryOfBlows","floor":6},{"not_picked":["Consecrate","ThirdEye"],"picked":"CutThroughFate","floor":7},{"not_picked":["FlyingSleeves","CrushJoints"],"picked":"CutThroughFate","floor":8},{"not_picked":["FlurryOfBlows","FlyingSleeves","Halt"],"picked":"Prostrate","floor":10},{"not_picked":["WaveOfTheHand","FearNoEvil","Study"],"picked":"Conclude","floor":12},{"not_picked":["EmptyFist","DeceiveReality","FlurryOfBlows"],"picked":"SandsOfTime","floor":13},{"not_picked":["MentalFortress","CrushJoints","ClearTheMind"],"picked":"Weave","floor":14}],"player_experience":149562,"relics_obtained":[{"floor":6,"key":"Smiling Mask"},{"floor":8,"key":"Question Card"},{"floor":9,"key":"Bronze Scales"},{"floor":10,"key":"Sundial"}],"event_choices":[{"damage_healed":0,"gold_gain":0,"player_choice":"Entered Light","damage_taken":13,"max_hp_gain":0,"max_hp_loss":0,"event_name":"Shining Light","floor":2,"gold_loss":0,"cards_upgraded":["Strike_P","Eruption"]},{"damage_healed":0,"gold_gain":0,"player_choice":"Lose Max HP","damage_taken":0,"relics_obtained":["Golden Idol"],"max_hp_gain":0,"max_hp_loss":5,"event_name":"Golden Idol","floor":4,"gold_loss":0},{"damage_healed":0,"gold_gain":0,"player_choice":"Donut","damage_taken":0,"max_hp_gain":5,"max_hp_loss":0,"event_name":"Big Fish","floor":5,"gold_loss":0},{"cards_removed":["Prostrate"],"damage_healed":0,"gold_gain":0,"player_choice":"Purged","damage_taken":0,"max_hp_gain":0,"max_hp_loss":0,"event_name":"Purifier","floor":11,"gold_loss":0}],"is_beta":false,"boss_relics":[],"items_purged_floors":[],"is_endless":false,"potions_floor_spawned":[1,6,8,10],"killed_by":"Hexaghost","ascension_level":1}}