{"host":"r6jigiblrojhp6xe","time":1609162850,"event":{"mods":["AchievementEnabler","BaseMod","DeckTracker","Minty Spire (QoL Compilation)","Quick Restart","Rare Cards Sparkle","Relic Stats","StSLib","SuperFastMode","The Cursed","everything is the same but u backflip on backflip"],"gold_per_floor":[366,378,41,116,16,16,16],"floor_reached":6,"playtime":159,"items_purged":["TheCursedMod:Defend_TheCursed","TheCursedMod:Strike_TheCursed"],"score":48,"play_id":"fec51440-0bfa-49bf-9486-0e063f2ed378","local_time":"20201228224050","is_ascension_mode":true,"campfire_choices":[],"circlet_count":0,"master_deck":["TheCursedMod:Strike_TheCursed","TheCursedMod:Strike_TheCursed","TheCursedMod:Strike_TheCursed","TheCursedMod:Defend_TheCursed","TheCursedMod:Defend_TheCursed","TheCursedMod:Defend_TheCursed","TheCursedMod:CursedWand","TheCursedMod:CleanUpWorkshop","TheCursedMod:Dregs","TheCursedMod:CircleOfBlood"],"relics":["TheCursedMod:BlackMagic101","Mummified Hand"],"acts_visited":["Exordium"],"potions_floor_usage":[],"damage_taken":[{"damage":11.0,"enemies":"Jaw Worm","floor":1.0,"turns":6.0},{"damage":1.0,"enemies":"Cultist","floor":2.0,"turns":4.0},{"damage":76,"enemies":"Gremlin Nob","floor":6,"turns":6}],"seed_played":"-8695035417116341910","potions_obtained":[{"floor":1.0,"key":"Energy Potion"}],"is_trial":false,"path_per_floor":["M","M","$","?","$","E"],"character_chosen":"THE_CURSED","items_purchased":["Mummified Hand"],"campfire_rested":0,"item_purchase_floors":[3],"current_hp_per_floor":[57,60,60,54,54,0,0],"gold":16,"neow_bonus":"TWO_FIFTY_GOLD","is_daily":false,"chose_seed":false,"campfire_upgraded":0,"win_rate":0.0,"timestamp":1609162850,"path_taken":["M","M","$","?","?","E"],"items_purchased_type":["Relic"],"build_version":"2020-12-22","purchased_purges":2,"victory":false,"max_hp_per_floor":[68,68,68,68,68,68,68],"relic_stats":{"counters":[3,16],"Mummified Hand":[0],"obtain_stats":[{"TheCursedMod:BlackMagic101":0,"Mummified Hand":3},{"TheCursedMod:BlackMagic101":0,"Mummified Hand":2},{"TheCursedMod:BlackMagic101":0,"Mummified Hand":10}]},"card_choices":[{"not_picked":["TheCursedMod:CursedAmulet","TheCursedMod:PrepareRite"],"picked":"TheCursedMod:CircleOfBlood","floor":1.0},{"not_picked":["TheCursedMod:CircleOfFocus","TheCursedMod:DoubleShield","TheCursedMod:CursedArmor"],"picked":"SKIP","floor":2.0}],"player_experience":549432,"relics_obtained":[],"event_choices":[{"damage_healed":0,"gold_gain":75,"player_choice":"Touch","damage_taken":6,"max_hp_gain":0,"max_hp_loss":0,"event_name":"FaceTrader","floor":4,"gold_loss":0}],"is_beta":false,"boss_relics":[],"items_purged_floors":[3,5],"is_endless":false,"potions_floor_spawned":[1],"killed_by":"Gremlin Nob","ascension_level":8}}