{"host":"fuszjwm6fqgjjp4d","time":1609164852,"event":{"mods":["BaseMod","Bestiary","Colored Map","DeckTracker","Minty Spire (QoL Compilation)","Permanent Neow","Relic Sorter","Relic Stats","StSLib"],"gold_per_floor":[110,121,139,151,166,166,166,166,191,218,218,87,162,186,186,276,276,290,290,369,383,383,416,416,451,451,474,474,474,13,37,37,133,133,149,57,0,20,34,34,74,92,115,115,156,176,209,234,234,234,234],"floor_reached":50,"playtime":1902,"items_purged":["Strike_G"],"score":1219,"play_id":"effb78c8-d8c2-4f8e-90ba-93dd720d6a90","local_time":"20201228081412","is_ascension_mode":true,"campfire_choices":[{"data":"Heel Hook","floor":6.0,"key":"SMITH"},{"data":"Neutralize","floor":8.0,"key":"SMITH"},{"data":"Blur","floor":15.0,"key":"SMITH"},{"data":"Adrenaline","floor":24.0,"key":"SMITH"},{"data":"Cloak And Dagger","floor":28.0,"key":"SMITH"},{"data":"Cloak And Dagger","floor":32.0,"key":"SMITH"},{"data":"Sucker Punch","floor":40.0,"key":"SMITH"},{"data":"Dodge and Roll","floor":44.0,"key":"SMITH"},{"data":"Backflip","floor":49.0,"key":"SMITH"}],"circlet_count":0,"master_deck":["AscendersBane","Strike_G+1","Strike_G+1","Defend_G+1","Defend_G+1","Defend_G+1","Defend_G+1","Survivor","Neutralize+1","Flying Knee+1","Poisoned Stab+1","PiercingWail+1","Cloak And Dagger+1","Sucker Punch+1","Poisoned Stab","Heel Hook+1","Blur+1","Cloak And Dagger+1","Adrenaline+1","Dodge and Roll+1","Infinite Blades","Escape Plan","Terror","Accuracy+1","PiercingWail","Envenom+1","Infinite Blades+1","Backflip+1","Backflip","Wraith Form v2+1","Choke+1"],"relics":["Astrolabe","Toy Ornithopter","Lantern","Happy Flower","Golden Idol","Coffee Dripper","Mercury Hourglass","HornCleat","Bottled Flame","Tough Bandages","Frozen Egg 2","Runic Pyramid","Dream Catcher","Peace Pipe","Bag of Marbles","Tingsha","Bag of Preparation"],"acts_visited":["Exordium","TheCity","TheBeyond"],"potions_floor_usage":[],"damage_taken":[{"damage":1.0,"enemies":"Cultist","floor":1.0,"turns":4.0},{"damage":0.0,"enemies":"Jaw Worm","floor":2.0,"turns":5.0},{"damage":0.0,"enemies":"2 Louse","floor":3.0,"turns":3.0},{"damage":0.0,"enemies":"Looter","floor":4.0,"turns":3.0},{"damage":1.0,"enemies":"Exordium Wildlife","floor":5.0,"turns":5.0},{"damage":24.0,"enemies":"Gremlin Nob","floor":10.0,"turns":5.0},{"damage":0.0,"enemies":"2 Fungi Beasts","floor":14.0,"turns":3.0},{"damage":23.0,"enemies":"The Guardian","floor":16.0,"turns":12.0},{"damage":10.0,"enemies":"Chosen","floor":18.0,"turns":5.0},{"damage":8.0,"enemies":"2 Thieves","floor":21.0,"turns":4.0},{"damage":42.0,"enemies":"Book of Stabbing","floor":23.0,"turns":7.0},{"damage":9.0,"enemies":"Gremlin Leader","floor":25.0,"turns":10.0},{"damage":0.0,"enemies":"Cultist and Chosen","floor":27.0,"turns":4.0},{"damage":0.0,"enemies":"Centurion and Healer","floor":31.0,"turns":6.0},{"damage":24.0,"enemies":"Automaton","floor":33.0,"turns":11.0},{"damage":2.0,"enemies":"3 Shapes","floor":35.0,"turns":5.0},{"damage":4.0,"enemies":"3 Darklings","floor":38.0,"turns":6.0},{"damage":0.0,"enemies":"Jaw Worm Horde","floor":39.0,"turns":4.0},{"damage":19.0,"enemies":"Giant Head","floor":41.0,"turns":7.0},{"damage":0.0,"enemies":"Spire Growth","floor":42.0,"turns":4.0},{"damage":15.0,"enemies":"Nemesis","floor":45.0,"turns":5.0},{"damage":0.0,"enemies":"4 Shapes","floor":46.0,"turns":4.0},{"damage":0.0,"enemies":"Giant Head","floor":47.0,"turns":6.0},{"damage":0.0,"enemies":"Maw","floor":48.0,"turns":7.0},{"damage":59,"enemies":"Donu and Deca","floor":50,"turns":9}],"seed_played":"7379787697905458578","potions_obtained":[{"floor":1.0,"key":"Strength Potion"},{"floor":3.0,"key":"FairyPotion"},{"floor":4.0,"key":"GhostInAJar"},{"floor":16.0,"key":"SteroidPotion"},{"floor":23.0,"key":"Ancient Potion"},{"floor":25.0,"key":"Swift Potion"},{"floor":27.0,"key":"Fire Potion"},{"floor":39.0,"key":"SneckoOil"},{"floor":42.0,"key":"SteroidPotion"},{"floor":45.0,"key":"PowerPotion"},{"floor":48.0,"key":"FairyPotion"}],"is_trial":false,"path_per_floor":["M","M","M","M","M","R","?","R","T","E","?","$","?","M","R","B",null,"M","?","T","M","?","E","R","E","T","M","R","?","$","M","R","B",null,"M","?","$","M","M","R","E","M","T","R","E","M","E","M","R","B"],"character_chosen":"THE_SILENT","items_purchased":["Strength Potion","Frozen Egg 2","Accuracy+1","PiercingWail","Regen Potion","Dexterity Potion"],"campfire_rested":0,"item_purchase_floors":[12,30,30,30,30,37],"current_hp_per_floor":[58,58,58,58,57,57,57,57,57,38,38,38,27,27,27,9,47,37,37,37,29,29,13,13,4,4,14,14,14,14,34,34,10,48,46,46,46,42,52,52,33,33,33,33,23,28,33,33,33,0,0],"gold":234,"neow_bonus":"BOSS_RELIC","is_daily":false,"chose_seed":false,"campfire_upgraded":9,"win_rate":0.0,"timestamp":1609164852,"path_taken":["M","M","?","M","M","R","?","R","T","E","?","?","?","M","R","BOSS","M","?","?","M","?","E","R","E","T","M","R","?","$","M","R","BOSS","M","?","$","M","M","R","E","M","T","R","E","M","E","?","R","BOSS"],"items_purchased_type":["Potion","Relic","Card","Card","Potion","Potion"],"build_version":"2020-12-22","purchased_purges":1,"victory":false,"max_hp_per_floor":[66,66,66,66,66,66,66,66,66,66,60,60,60,60,60,60,60,60,60,60,60,60,60,60,60,60,60,60,60,60,60,60,60,60,60,60,60,60,60,60,60,60,60,60,60,60,60,60,60,60,60],"relic_stats":{"Peace Pipe":0,"Tough Bandages":[36],"Dream Catcher":0,"Happy Flower":[39],"counters":[25,143],"Golden Idol":118,"Astrolabe":["Flying Knee","Poisoned Stab","PiercingWail"],"Tingsha":[12],"Bag of Preparation":[4],"obtain_stats":[{"Lantern":9,"Happy Flower":10,"Golden Idol":11,"Astrolabe":0,"Tingsha":45,"Bag of Preparation":47,"Frozen Egg 2":30,"Mercury Hourglass":20,"Peace Pipe":41,"Bottled Flame":25,"Tough Bandages":26,"Dream Catcher":36,"HornCleat":23,"Coffee Dripper":17,"Bag of Marbles":43,"Toy Ornithopter":7,"Ring of the Snake":0,"Runic Pyramid":34},{"Lantern":5,"Happy Flower":6,"Golden Idol":6,"Astrolabe":0,"Tingsha":21,"Bag of Preparation":23,"Frozen Egg 2":13,"Mercury Hourglass":9,"Peace Pipe":19,"Bottled Flame":12,"Tough Bandages":12,"Dream Catcher":16,"HornCleat":11,"Coffee Dripper":8,"Bag of Marbles":20,"Toy Ornithopter":5,"Ring of the Snake":0,"Runic Pyramid":15},{"Lantern":20,"Happy Flower":25,"Golden Idol":25,"Astrolabe":0,"Tingsha":117,"Bag of Preparation":127,"Frozen Egg 2":70,"Mercury Hourglass":45,"Peace Pipe":108,"Bottled Flame":66,"Tough Bandages":66,"Dream Catcher":91,"HornCleat":56,"Coffee Dripper":40,"Bag of Marbles":112,"Toy Ornithopter":20,"Ring of the Snake":0,"Runic Pyramid":86}],"Toy Ornithopter":55,"Mercury Hourglass":[386]},"card_choices":[{"not_picked":["Calculated Gamble","Dagger Spray"],"picked":"Cloak And Dagger","floor":1.0},{"not_picked":["Leg Sweep","Prepared"],"picked":"Sucker Punch","floor":2.0},{"not_picked":["Flying Knee","Finisher"],"picked":"Poisoned Stab","floor":3.0},{"not_picked":["PiercingWail","Dagger Throw","Underhanded Strike"],"picked":"SKIP","floor":4.0},{"not_picked":["Skewer","Flying Knee"],"picked":"Heel Hook","floor":5.0},{"not_picked":["Blade Dance","Well Laid Plans"],"picked":"Blur","floor":10.0},{"not_picked":["Calculated Gamble","Accuracy"],"picked":"Cloak And Dagger","floor":14.0},{"not_picked":["Envenom","Storm of Steel"],"picked":"Adrenaline","floor":16.0},{"not_picked":["Slice","Acrobatics"],"picked":"Dodge and Roll","floor":18.0},{"not_picked":["Quick Slash","Reflex"],"picked":"Infinite Blades","floor":21.0},{"not_picked":["Well Laid Plans","Die Die Die"],"picked":"Terror","floor":23.0},{"not_picked":["Concentrate","Poisoned Stab","Flying Knee"],"picked":"SKIP","floor":25.0},{"not_picked":["Crippling Poison","Bane","Riddle With Holes"],"picked":"SKIP","floor":27.0},{"not_picked":["Deadly Poison","Sucker Punch","Poisoned Stab"],"picked":"SKIP","floor":31.0},{"not_picked":["Storm of Steel","Doppelganger"],"picked":"Envenom+1","floor":33.0},{"not_picked":["Skewer+1","Deadly Poison+1"],"picked":"Infinite Blades+1","floor":35.0},{"not_picked":["Bane+1","Prepared","Dodge and Roll"],"picked":"SKIP","floor":38.0},{"not_picked":["PiercingWail","Leg Sweep"],"picked":"Backflip","floor":39.0},{"not_picked":["Slice","Escape Plan"],"picked":"Backflip","floor":41.0},{"not_picked":["Underhanded Strike","Expertise+1","Setup+1"],"picked":"SKIP","floor":42.0},{"not_picked":["Unload","Acrobatics","Crippling Poison"],"picked":"SKIP","floor":45.0},{"not_picked":["Tactician","Flying Knee","Catalyst"],"picked":"SKIP","floor":46.0},{"not_picked":["Flechettes","Skewer"],"picked":"Wraith Form v2+1","floor":47.0},{"not_picked":["Cloak And Dagger","Heel Hook"],"picked":"Choke+1","floor":48.0}],"player_experience":1231075,"relics_obtained":[{"floor":9.0,"key":"Lantern"},{"floor":10.0,"key":"Happy Flower"},{"floor":20.0,"key":"Mercury Hourglass"},{"floor":23.0,"key":"HornCleat"},{"floor":25.0,"key":"Bottled Flame"},{"floor":26.0,"key":"Tough Bandages"},{"floor":41.0,"key":"Peace Pipe"},{"floor":43.0,"key":"Bag of Marbles"},{"floor":45.0,"key":"Tingsha"},{"floor":47.0,"key":"Bag of Preparation"}],"event_choices":[{"damage_healed":0.0,"max_hp_gain":0.0,"max_hp_loss":0.0,"gold_gain":0.0,"event_name":"Dead Adventurer","player_choice":"Searched \u00271\u0027 times","floor":7.0,"gold_loss":0.0,"damage_taken":0.0,"relics_obtained":["Toy Ornithopter"]},{"damage_healed":0.0,"max_hp_gain":0.0,"max_hp_loss":6.0,"gold_gain":0.0,"event_name":"Golden Idol","player_choice":"Lose Max HP","floor":11.0,"gold_loss":0.0,"damage_taken":0.0,"relics_obtained":["Golden Idol"]},{"damage_healed":0.0,"max_hp_gain":0.0,"max_hp_loss":0.0,"gold_gain":75.0,"event_name":"World of Goop","player_choice":"Gather Gold","floor":13.0,"gold_loss":0.0,"damage_taken":11.0},{"damage_healed":0.0,"max_hp_gain":0.0,"max_hp_loss":0.0,"gold_gain":0.0,"event_name":"Vampires","player_choice":"Ignored","floor":19.0,"gold_loss":0.0,"damage_taken":0.0},{"damage_healed":0.0,"max_hp_gain":0.0,"max_hp_loss":0.0,"gold_gain":0.0,"event_name":"The Library","player_choice":"Read","floor":22.0,"gold_loss":0.0,"damage_taken":0.0,"cards_obtained":["Escape Plan"]},{"damage_healed":0.0,"max_hp_gain":0.0,"max_hp_loss":0.0,"gold_gain":0.0,"event_name":"Back to Basics","player_choice":"Simplicity","floor":29.0,"gold_loss":0.0,"damage_taken":0.0,"cards_upgraded":["Strike_G","Strike_G","Defend_G","Defend_G","Defend_G","Defend_G"]},{"damage_healed":0.0,"max_hp_gain":0.0,"max_hp_loss":0.0,"gold_gain":0.0,"event_name":"WeMeetAgain","player_choice":"Paid Gold","floor":36.0,"gold_loss":92.0,"damage_taken":0.0,"relics_obtained":["Dream Catcher"]}],"is_beta":false,"boss_relics":[{"not_picked":["Runic Dome","Fusion Hammer"],"picked":"Coffee Dripper"},{"not_picked":["Black Star","Busted Crown"],"picked":"Runic Pyramid"}],"items_purged_floors":[12],"is_endless":false,"potions_floor_spawned":[1,3,4,5,16,23,25,27,38,39,42,45,48],"killed_by":"Donu and Deca","ascension_level":20}}