{"host":"0jm2u9rma46qko29","time":1609190909,"event":{"mods":["Act Like it!","BaseMod","Better Altar","Better Note","Better Skull","Better Third Choice","CapriCore","Friendly Minions","Hermit","JesterMod","Marisa????????","Minty Spire (QoL Compilation)","Relic Stats","Robot Space Explorer","Shade Mod","Shop Mod","StSLib","The Marked","UnlockEverythingMod","Waifu the Spire"],"gold_per_floor":[113,113,124,3,3,30,30,30,106,106,177,177,207,227,227,322,322,337,337,93,193,204,204,235,254,307,269,281,293,305,331,343,459,471,471],"floor_reached":34,"playtime":1459,"items_purged":["jesterMod:Strike","jesterMod:Strike"],"score":399,"play_id":"38907170-2d55-45ce-9bbb-10316be24555","local_time":"20201228152829","is_ascension_mode":false,"campfire_choices":[{"data":"jesterMod:Tinker","floor":8.0,"key":"SMITH"},{"data":"jesterMod:Rebuff","floor":12.0,"key":"SMITH"},{"data":"jesterMod:Dilapidation","floor":15.0,"key":"SMITH"},{"data":"jesterMod:Juggler","floor":23.0,"key":"SMITH"},{"floor":29.0,"key":"REST"},{"data":"jesterMod:Drunkenness","floor":32.0,"key":"SMITH"}],"circlet_count":0,"master_deck":["jesterMod:Sickle","jesterMod:Defend","jesterMod:Defend","jesterMod:Defend","jesterMod:Defend","jesterMod:Dodge","jesterMod:Illness+1","jesterMod:Tinker+1","jesterMod:Rebuff+1","jesterMod:Dilapidation+1","jesterMod:Squander","jesterMod:QuickStrike","jesterMod:Drunkenness+1","jesterMod:Precipitation","jesterMod:DanceOfChaos","jesterMod:Juggler+1","jesterMod:SelfMockery","jesterMod:DancingMad+1","jesterMod:Prankster","jesterMod:Placebo"],"relics":["jesterMod:JesterCap","NeowsBlessing","Juzu Bracelet","StrikeDummy","HornCleat","Pocketwatch","SlaversCollar","Smiling Mask","MawBank","Centennial Puzzle","Eternal Feather","Cursed Key"],"acts_visited":["Exordium","TheCity","TheBeyond"],"potions_floor_usage":[],"damage_taken":[{"damage":0.0,"enemies":"Cultist","floor":1.0,"turns":1.0},{"damage":0.0,"enemies":"2 Louse","floor":3.0,"turns":1.0},{"damage":0.0,"enemies":"Gremlin Nob","floor":6.0,"turns":1.0},{"damage":5.0,"enemies":"3 Sentries","floor":13.0,"turns":8.0},{"damage":3.0,"enemies":"Jaw Worm","floor":14.0,"turns":2.0},{"damage":6.0,"enemies":"Hexaghost","floor":16.0,"turns":9.0},{"damage":4.0,"enemies":"Shell Parasite","floor":18.0,"turns":8.0},{"damage":2.0,"enemies":"Chosen","floor":22.0,"turns":4.0},{"damage":8.0,"enemies":"Book of Stabbing","floor":24.0,"turns":4.0},{"damage":13.0,"enemies":"Centurion and Healer","floor":25.0,"turns":5.0},{"damage":5.0,"enemies":"Shelled Parasite and Fungi","floor":31.0,"turns":6.0},{"damage":4.0,"enemies":"Automaton","floor":33.0,"turns":7.0}],"seed_played":"8888688414194546499","potions_obtained":[{"floor":3.0,"key":"PowerPotion"},{"floor":6.0,"key":"FairyPotion"},{"floor":13.0,"key":"SpeedPotion"},{"floor":16.0,"key":"Swift Potion"}],"is_trial":false,"path_per_floor":["M","?","M","$","$","E","?","R","T","?","T","R","E","M","R","B",null,"M","?","$","?","M","R","E","M","T","?","?","R","?","M","R","B",null],"character_chosen":"THE_JESTER","items_purchased":["jesterMod:Rebuff","jesterMod:Juggler"],"campfire_rested":1,"item_purchase_floors":[4,20],"current_hp_per_floor":[70,70,70,70,70,70,63,63,63,63,63,63,58,55,55,49,70,66,66,66,66,64,64,56,43,43,43,17,38,38,33,42,38,70,70],"gold":471,"neow_bonus":"THREE_ENEMY_KILL","is_daily":false,"chose_seed":false,"campfire_upgraded":5,"win_rate":0.0,"timestamp":1609190909,"path_taken":["M","?","?","?","$","E","?","R","T","?","?","R","E","M","R","BOSS","M","?","?","?","M","R","E","M","T","?","?","R","?","M","R","BOSS"],"items_purchased_type":["Card","Card"],"build_version":"2020-12-22","purchased_purges":2,"victory":false,"max_hp_per_floor":[70,70,70,70,70,70,70,70,70,70,70,70,70,70,70,70,70,70,70,70,70,70,70,70,70,70,70,70,70,70,70,70,70,70,70],"relic_stats":{"Centennial Puzzle":[6],"counters":[12,56],"Eternal Feather":9,"Juzu Bracelet":1,"Smiling Mask":0,"MawBank":96,"Cursed Key":0,"obtain_stats":[{"SlaversCollar":17,"Centennial Puzzle":28,"HornCleat":11,"NeowsBlessing":0,"Eternal Feather":30,"jesterMod:JesterCap":0,"Juzu Bracelet":6,"StrikeDummy":9,"Smiling Mask":24,"MawBank":26,"Cursed Key":34,"Pocketwatch":13},{"SlaversCollar":6,"Centennial Puzzle":10,"HornCleat":3,"NeowsBlessing":0,"Eternal Feather":10,"jesterMod:JesterCap":0,"Juzu Bracelet":3,"StrikeDummy":3,"Smiling Mask":9,"MawBank":10,"Cursed Key":12,"Pocketwatch":4},{"SlaversCollar":22,"Centennial Puzzle":43,"HornCleat":3,"NeowsBlessing":0,"Eternal Feather":43,"jesterMod:JesterCap":0,"Juzu Bracelet":3,"StrikeDummy":3,"Smiling Mask":38,"MawBank":43,"Cursed Key":56,"Pocketwatch":11}],"Pocketwatch":[51]},"card_choices":[{"not_picked":["jesterMod:Disposophobia","jesterMod:Prankster"],"picked":"jesterMod:Illness","floor":1.0},{"not_picked":["jesterMod:Rebuff","jesterMod:SmokeScreen"],"picked":"jesterMod:Tinker","floor":3.0},{"not_picked":["jesterMod:SelfMockery","jesterMod:BouncingKnife"],"picked":"jesterMod:Dilapidation","floor":6.0},{"not_picked":["jesterMod:JackInTheBox","jesterMod:Patience"],"picked":"jesterMod:QuickStrike","floor":13.0},{"not_picked":["jesterMod:Rebuff","jesterMod:Feint","jesterMod:JackInTheBox"],"picked":"SKIP","floor":14.0},{"not_picked":["jesterMod:HedgehogForm","jesterMod:ExperimentalTreatment"],"picked":"jesterMod:Drunkenness","floor":16.0},{"not_picked":["jesterMod:SmokeScreen","jesterMod:JackInTheBox"],"picked":"jesterMod:Precipitation","floor":18.0},{"not_picked":["jesterMod:Tinker","jesterMod:Illness","jesterMod:DaggerRain+1"],"picked":"SKIP","floor":22.0},{"not_picked":["jesterMod:Exasperation+1","jesterMod:DaggerRain"],"picked":"jesterMod:SelfMockery","floor":24.0},{"not_picked":["jesterMod:Hide","jesterMod:Patience"],"picked":"jesterMod:DancingMad","floor":25.0},{"not_picked":["jesterMod:Overthink","jesterMod:SelfMockery"],"picked":"jesterMod:Prankster","floor":31.0},{"not_picked":["jesterMod:Frustration","jesterMod:Overthink"],"picked":"jesterMod:Placebo","floor":33.0}],"player_experience":179529,"relics_obtained":[{"floor":6.0,"key":"Juzu Bracelet"},{"floor":9.0,"key":"StrikeDummy"},{"floor":11.0,"key":"HornCleat"},{"floor":13.0,"key":"Pocketwatch"},{"floor":24.0,"key":"Smiling Mask"},{"floor":26.0,"key":"MawBank"},{"floor":30.0,"key":"Eternal Feather"}],"event_choices":[{"damage_healed":0.0,"max_hp_gain":0.0,"max_hp_loss":0.0,"gold_gain":0.0,"event_name":"Upgrade Shrine","player_choice":"Upgraded","floor":2.0,"gold_loss":0.0,"damage_taken":0.0,"cards_upgraded":["jesterMod:Illness"]},{"cards_removed":["jesterMod:Strike"],"damage_healed":0.0,"max_hp_gain":0.0,"max_hp_loss":0.0,"gold_gain":0.0,"event_name":"Golden Wing","player_choice":"Card Removal","floor":7.0,"gold_loss":0.0,"damage_taken":7.0},{"damage_healed":0.0,"max_hp_gain":0.0,"max_hp_loss":0.0,"gold_gain":0.0,"cards_transformed":["jesterMod:Strike"],"event_name":"Living Wall","player_choice":"Change","floor":10.0,"gold_loss":0.0,"damage_taken":0.0,"cards_obtained":["jesterMod:Squander"]},{"damage_healed":0.0,"max_hp_gain":0.0,"max_hp_loss":0.0,"gold_gain":0.0,"event_name":"Match and Keep!","player_choice":"1 cards matched","floor":19.0,"gold_loss":0.0,"damage_taken":0.0,"cards_obtained":["jesterMod:DanceOfChaos"]},{"damage_healed":0.0,"max_hp_gain":0.0,"max_hp_loss":0.0,"gold_gain":100.0,"event_name":"Golden Shrine","player_choice":"Pray","floor":21.0,"gold_loss":0.0,"damage_taken":0.0},{"damage_healed":0.0,"max_hp_gain":0.0,"max_hp_loss":0.0,"gold_gain":0.0,"event_name":"The Joust","player_choice":"Bet on Owner","floor":27.0,"gold_loss":50.0,"damage_taken":0.0},{"damage_healed":0.0,"max_hp_gain":0.0,"max_hp_loss":0.0,"gold_gain":0.0,"event_name":"betterSkull:BetterSkull","player_choice":"UP RE ","floor":28.0,"gold_loss":0.0,"damage_taken":30.0,"cards_upgraded":["jesterMod:DancingMad"],"relics_obtained":["Centennial Puzzle"]},{"damage_healed":0.0,"max_hp_gain":0.0,"max_hp_loss":0.0,"gold_gain":0.0,"event_name":"Wheel of Change","player_choice":"Relic","floor":30.0,"gold_loss":0.0,"damage_taken":0.0}],"is_beta":false,"boss_relics":[{"not_picked":["Philosopher\u0027s Stone","Fusion Hammer"],"picked":"SlaversCollar"},{"not_picked":["Tiny House","Velvet Choker"],"picked":"Cursed Key"}],"items_purged_floors":[4,20],"is_endless":false,"potions_floor_spawned":[3,6,13,16,18,24],"ascension_level":0}}