{"host":"sav7uxregyirlf69","time":1609149723,"event":{"mods":["AchievementEnabler","BaseMod","Colored Map","DeckTracker","Keyboard Shortcuts","Minty Spire (QoL Compilation)","READ ME - Guardian Mod","StSLib","SuperFastMode"],"gold_per_floor":[112,126,140,65,84,84,84,84,107,119,119,152,163,14,14,115,115,127,139,139,49,68,68,68,68,68,68,99,99,99,111,111,211,211,227,102,102,122,140,140,166,180,180,196,46,76,138,180,192,204,216,228,65,93,93],"floor_reached":56,"playtime":1642,"items_purged":["Strike_G","Strike_G","Strike_G","Defend_G","Strike_G+1"],"score":2070,"play_id":"c09109cc-fbf8-4195-94a5-31174b0e402b","local_time":"20201228190203","is_ascension_mode":true,"campfire_choices":[{"data":"Reflex","floor":6,"key":"SMITH"},{"data":"Neutralize","floor":8,"key":"SMITH"},{"data":"Dagger Spray","floor":11,"key":"SMITH"},{"data":"Dagger Throw","floor":15,"key":"SMITH"},{"data":"Acrobatics","floor":23,"key":"SMITH"},{"data":"Reflex","floor":27,"key":"SMITH"},{"data":"Backflip","floor":29,"key":"SMITH"},{"floor":32,"key":"RECALL"},{"data":"Adrenaline","floor":40,"key":"SMITH"},{"data":"Adrenaline","floor":49,"key":"SMITH"},{"data":"Deflect","floor":52,"key":"SMITH"}],"circlet_count":0,"master_deck":["AscendersBane","Defend_G","Defend_G+1","Survivor+1","Neutralize+1","Endless Agony","Reflex+1","Dagger Throw+1","Deflect+1","Dagger Spray+1","Reflex+1","Eviscerate+1","Acrobatics+1","Backflip+1","Tactician+1","Adrenaline+1","Eviscerate+1","Adrenaline+1","Grand Finale","Prepared+1","Calculated Gamble+1","Well Laid Plans+1"],"relics":["Ring of the Serpent","MealTicket","Pen Nib","Orichalcum","HoveringKite","InkBottle","Kunai","Boot","MawBank","CaptainsWheel","Ancient Tea Set","War Paint"],"acts_visited":["Exordium","TheCity","TheBeyond","TheEnding"],"potions_floor_usage":[5,16,16,41,55,55],"damage_taken":[{"damage":3,"enemies":"Cultist","floor":1,"turns":5},{"damage":5,"enemies":"Jaw Worm","floor":2,"turns":5},{"damage":0,"enemies":"2 Louse","floor":3,"turns":4},{"damage":2,"enemies":"Gremlin Gang","floor":5,"turns":7},{"damage":16,"enemies":"Exordium Thugs","floor":10,"turns":6},{"damage":12,"enemies":"3 Sentries","floor":12,"turns":8},{"damage":0,"enemies":"Looter","floor":13,"turns":3},{"damage":22,"enemies":"Hexaghost","floor":16,"turns":8},{"damage":11,"enemies":"Chosen","floor":18,"turns":7},{"damage":0,"enemies":"Spheric Guardian","floor":19,"turns":1},{"damage":24,"enemies":"Snake Plant","floor":22,"turns":3},{"damage":7,"enemies":"Book of Stabbing","floor":28,"turns":4},{"damage":3,"enemies":"Centurion and Healer","floor":31,"turns":4},{"damage":58,"enemies":"Champ","floor":33,"turns":9},{"damage":2,"enemies":"3 Darklings","floor":35,"turns":3},{"damage":0,"enemies":"Orb Walker","floor":38,"turns":1},{"damage":0,"enemies":"Spire Growth","floor":39,"turns":2},{"damage":0,"enemies":"Reptomancer","floor":41,"turns":4},{"damage":0,"enemies":"Transient","floor":42,"turns":5},{"damage":20,"enemies":"4 Shapes","floor":44,"turns":4},{"damage":0,"enemies":"Nemesis","floor":46,"turns":2},{"damage":0,"enemies":"Mind Bloom Boss Battle","floor":47,"turns":2},{"damage":0,"enemies":"Giant Head","floor":48,"turns":2},{"damage":0,"enemies":"Awakened One","floor":50,"turns":2},{"damage":0,"enemies":"Shield and Spear","floor":54,"turns":2},{"damage":0,"enemies":"The Heart","floor":55,"turns":4}],"seed_played":"-8641991948476071450","potions_obtained":[{"floor":3,"key":"CunningPotion"},{"floor":5,"key":"Strength Potion"},{"floor":13,"key":"FairyPotion"},{"floor":19,"key":"Ancient Potion"},{"floor":33,"key":"FearPotion"},{"floor":35,"key":"Ancient Potion"},{"floor":46,"key":"SpeedPotion"},{"floor":47,"key":"Fire Potion"}],"is_trial":false,"path_per_floor":["M","M","M","$","M","R","?","R","T","M","R","E","M","$","R","B",null,"M","M","?","?","M","R","$","?","T","R","E","R","$","M","R","B",null,"M","$","?","M","M","R","E","M","T","M","$","E","?","E","R","B",null,"R","$","E","B",null],"character_chosen":"THE_SILENT","items_purchased":["AttackPotion"],"campfire_rested":0,"item_purchase_floors":[14],"current_hp_per_floor":[60,55,55,70,68,68,68,68,68,52,52,40,40,55,55,33,61,50,50,50,50,26,26,41,41,41,41,34,34,49,46,46,21,58,56,70,70,70,70,70,70,70,70,50,65,65,65,65,65,65,69,69,70,70,70],"gold":93,"neow_bonus":"RANDOM_COMMON_RELIC","is_daily":false,"chose_seed":false,"campfire_upgraded":10,"win_rate":0.0,"timestamp":1609149723,"path_taken":["M","M","?","?","M","R","?","R","T","M","R","E","M","$","R","BOSS","M","M","?","?","?","R","?","?","T","R","E","R","?","M","R","BOSS","M","$","?","M","?","R","E","?","T","M","$","E","?","E","R","BOSS","R","$","E","BOSS"],"items_purchased_type":["Potion"],"build_version":"2020-12-22","purchased_purges":5,"victory":true,"max_hp_per_floor":[70,70,70,70,70,70,70,70,70,70,70,70,70,70,70,70,70,70,70,70,70,70,70,70,70,70,70,70,70,70,70,70,70,70,70,70,70,70,70,70,70,70,70,70,70,70,70,70,70,70,70,70,70,70,70],"card_choices":[{"not_picked":["Outmaneuver","Leg Sweep"],"picked":"Endless Agony","floor":1},{"not_picked":["Catalyst","Accuracy"],"picked":"Reflex","floor":2},{"not_picked":["Setup","PiercingWail","Blur"],"picked":"SKIP","floor":3},{"not_picked":["Reflex","Acrobatics"],"picked":"Dagger Throw","floor":5},{"not_picked":["Dodge and Roll","Blade Dance"],"picked":"Dagger Spray","floor":10},{"not_picked":["Eviscerate","PiercingWail","Expertise"],"picked":"SKIP","floor":12},{"not_picked":["Catalyst","Deadly Poison"],"picked":"Reflex","floor":13},{"not_picked":["Expertise","Terror+1"],"picked":"Eviscerate+1","floor":18},{"not_picked":["Flechettes","Blade Dance+1"],"picked":"Acrobatics","floor":19},{"not_picked":["Poisoned Stab","Setup+1","Terror"],"picked":"SKIP","floor":22},{"not_picked":["Acrobatics","Catalyst"],"picked":"Backflip","floor":28},{"not_picked":["Dodge and Roll","Underhanded Strike"],"picked":"Tactician+1","floor":31},{"not_picked":["Storm of Steel","Glass Knife"],"picked":"Adrenaline","floor":33},{"not_picked":["Flying Knee","Heel Hook+1"],"picked":"Eviscerate+1","floor":35},{"not_picked":["Sucker Punch+1","Expertise+1","Acrobatics"],"picked":"SKIP","floor":38},{"not_picked":["Dagger Spray","PiercingWail+1","Quick Slash"],"picked":"SKIP","floor":39},{"not_picked":["Quick Slash+1","Outmaneuver"],"picked":"Grand Finale","floor":41},{"not_picked":["Blade Dance","Slice"],"picked":"Prepared+1","floor":42},{"not_picked":["Blade Dance+1","Dagger Throw+1","Tools of the Trade"],"picked":"SKIP","floor":44},{"not_picked":["Backflip+1","Acrobatics","Slice"],"picked":"SKIP","floor":46},{"not_picked":["Dash","Deflect+1"],"picked":"Calculated Gamble+1","floor":47},{"not_picked":["Outmaneuver","Venomology"],"picked":"Well Laid Plans+1","floor":48},{"not_picked":["Dagger Spray+1","Underhanded Strike+1","Well Laid Plans+1"],"picked":"SKIP","floor":54}],"player_experience":1027572,"relics_obtained":[{"floor":9,"key":"Pen Nib"},{"floor":12,"key":"Orichalcum"},{"floor":26,"key":"InkBottle"},{"floor":28,"key":"Kunai"},{"floor":41,"key":"Boot"},{"floor":46,"key":"MawBank"},{"floor":47,"key":"CaptainsWheel"},{"floor":48,"key":"Ancient Tea Set"},{"floor":54,"key":"War Paint"}],"event_choices":[{"damage_healed":0,"gold_gain":0,"cards_transformed":["Strike_G"],"player_choice":"Transformed","damage_taken":0,"max_hp_gain":0,"max_hp_loss":0,"event_name":"Transmorgrifier","floor":7,"gold_loss":0,"cards_obtained":["Deflect"]},{"damage_healed":0,"gold_gain":0,"player_choice":"Ignored","damage_taken":0,"max_hp_gain":0,"max_hp_loss":0,"event_name":"The Mausoleum","floor":20,"gold_loss":0},{"cards_removed":["Defend_G"],"damage_healed":0,"gold_gain":0,"player_choice":"Upgrade and Remove","damage_taken":0,"max_hp_gain":0,"max_hp_loss":0,"event_name":"Designer","floor":21,"gold_loss":90,"cards_upgraded":["Strike_G"]},{"damage_healed":0,"gold_gain":0,"player_choice":"Ignored","damage_taken":0,"max_hp_gain":0,"max_hp_loss":0,"event_name":"Ghosts","floor":25,"gold_loss":0},{"damage_healed":0,"gold_gain":0,"cards_transformed":["Defend_G"],"player_choice":"Transformed","damage_taken":0,"max_hp_gain":0,"max_hp_loss":0,"event_name":"Transmorgrifier","floor":37,"gold_loss":0,"cards_obtained":["Adrenaline"]},{"damage_healed":0,"gold_gain":0,"player_choice":"Fight","damage_taken":0,"max_hp_gain":0,"max_hp_loss":0,"event_name":"MindBloom","floor":47,"gold_loss":0}],"is_beta":false,"boss_relics":[{"not_picked":["SlaversCollar","Velvet Choker"],"picked":"HoveringKite"},{"not_picked":["Calling Bell","Black Star"],"picked":"Ring of the Serpent"}],"items_purged_floors":[4,14,36,45,53],"is_endless":false,"potions_floor_spawned":[3,5,13,19,33,35,46,47,48],"ascension_level":10}}