{"host":"e4hse1vg61zltgzv","time":1609164328,"event":{"mods":["AchievementEnabler","BaseMod","Block Reminder","Colored Map","DeckTracker","GifTheSpireLib","Minty Spire (QoL Compilation)","Rare Cards Sparkle","StSLib","SuperFastMode","everything is the same but u backflip on backflip"],"gold_per_floor":[119,119,119,130,146,146,162,162,186,199,199,230,240,240,240,330,330,351,365,264,287,287,313,313,313,359,359,359,371,371,371,371,444,444,454,354,370,395,405,405,439,449,449,449,459,459,494,369,369,369,369,369,369,51,79,79,79],"floor_reached":56,"playtime":1669,"items_purged":["Strike_G","Dash","Backstab"],"score":2450,"play_id":"f63a8831-6ef2-4bee-a9bb-9d5e8e526676","local_time":"20201228230528","is_ascension_mode":true,"campfire_choices":[{"data":"Strike_G","floor":6.0,"key":"PURGE"},{"data":"Defend_G","floor":8.0,"key":"PURGE"},{"data":"Defend_G","floor":11.0,"key":"PURGE"},{"data":"Strike_G","floor":15.0,"key":"PURGE"},{"data":"Strike_G","floor":24.0,"key":"PURGE"},{"data":"Strike_G+1","floor":28.0,"key":"PURGE"},{"data":"Defend_G","floor":32.0,"key":"PURGE"},{"data":"Choke","floor":40,"key":"SMITH"},{"data":"Deadly Poison","floor":44,"key":"PURGE"},{"floor":49,"key":"RECALL"},{"data":"Acrobatics","floor":53,"key":"SMITH"}],"circlet_count":0,"master_deck":["AscendersBane","Acrobatics+1","Backflip","Choke+1","Tactician+1","Blur"],"relics":["Ring of the Snake","Peace Pipe","Bronze Scales","Juzu Bracelet","Bloody Idol","Coffee Dripper","Vajra","Omamori","Art of War","Mango","Empty Cage","Thread and Needle","Ninja Scroll","Sundial","Torii","TheAbacus","Ginger"],"acts_visited":["Exordium","TheCity","TheBeyond","TheEnding"],"potions_floor_usage":[37,50,50],"damage_taken":[{"damage":0.0,"enemies":"Jaw Worm","floor":1.0,"turns":3.0},{"damage":0.0,"enemies":"2 Louse","floor":4.0,"turns":2.0},{"damage":0.0,"enemies":"Cultist","floor":5.0,"turns":2.0},{"damage":15.0,"enemies":"Exordium Wildlife","floor":7.0,"turns":5.0},{"damage":0.0,"enemies":"Looter","floor":10.0,"turns":2.0},{"damage":13.0,"enemies":"3 Sentries","floor":12.0,"turns":8.0},{"damage":1.0,"enemies":"Exordium Thugs","floor":13.0,"turns":3.0},{"damage":5.0,"enemies":"The Guardian","floor":16.0,"turns":10.0},{"damage":0.0,"enemies":"3 Byrds","floor":18.0,"turns":2.0},{"damage":2.0,"enemies":"Shell Parasite","floor":19.0,"turns":4.0},{"damage":20.0,"enemies":"Shelled Parasite and Fungi","floor":21.0,"turns":4.0},{"damage":11.0,"enemies":"Gremlin Leader","floor":23.0,"turns":5.0},{"damage":0.0,"enemies":"Chosen and Byrds","floor":29.0,"turns":1.0},{"damage":0.0,"enemies":"Champ","floor":33.0,"turns":6.0},{"damage":8.0,"enemies":"Orb Walker","floor":35.0,"turns":2.0},{"damage":8,"enemies":"3 Shapes","floor":37,"turns":2},{"damage":52,"enemies":"Mind Bloom Boss Battle","floor":38,"turns":8},{"damage":0,"enemies":"Spire Growth","floor":39,"turns":2},{"damage":0,"enemies":"Nemesis","floor":41,"turns":1},{"damage":0,"enemies":"3 Darklings","floor":42,"turns":1},{"damage":0,"enemies":"Writhing Mass","floor":45,"turns":1},{"damage":0,"enemies":"Reptomancer","floor":47,"turns":1},{"damage":0,"enemies":"Time Eater","floor":50,"turns":4},{"damage":0,"enemies":"Donu and Deca","floor":51,"turns":1},{"damage":0,"enemies":"Shield and Spear","floor":55,"turns":1},{"damage":0,"enemies":"The Heart","floor":56,"turns":1}],"seed_played":"-7997080118496979060","potions_obtained":[{"floor":1.0,"key":"SpeedPotion"},{"floor":5.0,"key":"FearPotion"},{"floor":12.0,"key":"SmokeBomb"},{"floor":16.0,"key":"GamblersBrew"},{"floor":18.0,"key":"Poison Potion"},{"floor":35,"key":"PowerPotion"},{"floor":39,"key":"Block Potion"},{"floor":41,"key":"PowerPotion"},{"floor":55,"key":"Explosive Potion"}],"is_trial":false,"path_per_floor":["M","?","?","M","M","R","M","R","T","M","R","E","M","?","R","B",null,"M","M","$","M","?","E","R","?","T","?","R","M","?","?","R","B",null,"M","$","M","?","M","R","E","M","T","R","M","?","E","$","R","B","B",null,"R","$","E","B"],"character_chosen":"THE_SILENT","items_purchased":["Backflip","Torii"],"campfire_rested":0,"item_purchase_floors":[20,54],"current_hp_per_floor":[59,39,39,39,39,39,24,24,24,24,24,11,10,10,10,5,46,46,44,44,24,24,18,18,18,23,23,23,28,42,42,84,84,84,81,94,91,44,49,49,54,59,59,59,64,64,69,69,69,69,69,88,104,114,114,114,114],"gold":79,"neow_bonus":"ONE_RANDOM_RARE_CARD","is_daily":false,"chose_seed":false,"campfire_upgraded":2,"win_rate":0.0,"timestamp":1609164328,"path_taken":["M","?","?","M","M","R","M","R","T","?","R","E","M","?","R","BOSS","M","M","$","M","?","E","R","?","T","?","R","M","?","?","R","BOSS","M","$","M","?","M","R","E","M","T","R","M","?","E","$","R","BOSS","BOSS","R","$","E","BOSS"],"items_purchased_type":["Card","Relic"],"build_version":"2020-12-22","purchased_purges":3,"victory":false,"max_hp_per_floor":[66,66,66,66,66,66,66,66,66,66,66,66,66,60,60,60,60,60,60,60,60,60,60,60,60,60,60,60,60,74,74,84,84,84,84,94,94,94,94,94,94,94,94,94,94,94,94,94,94,94,94,94,104,114,114,114,114],"card_choices":[{"not_picked":["Flying Knee","Flechettes"],"picked":"Backstab","floor":1.0},{"not_picked":["Poisoned Stab","Dagger Spray"],"picked":"Deadly Poison","floor":4.0},{"not_picked":["All Out Attack","Poisoned Stab"],"picked":"Acrobatics","floor":5.0},{"not_picked":["Concentrate","Cloak And Dagger"],"picked":"Dash","floor":7.0},{"not_picked":["Poisoned Stab","Cloak And Dagger","Outmaneuver"],"picked":"SKIP","floor":10.0},{"not_picked":["Sucker Punch","Finisher","Eviscerate"],"picked":"SKIP","floor":12.0},{"not_picked":["Deadly Poison","Underhanded Strike","Flying Knee"],"picked":"SKIP","floor":13.0},{"not_picked":["Doppelganger","Glass Knife"],"picked":"Corpse Explosion","floor":16.0},{"not_picked":["Sucker Punch","Noxious Fumes","Dagger Spray"],"picked":"SKIP","floor":18.0},{"not_picked":["Sucker Punch","Deadly Poison","Bane"],"picked":"SKIP","floor":19.0},{"not_picked":["Dagger Throw","Sucker Punch","Blur"],"picked":"SKIP","floor":21.0},{"not_picked":["Setup","Well Laid Plans"],"picked":"Adrenaline","floor":23.0},{"not_picked":["Slice","Acrobatics","Masterful Stab"],"picked":"SKIP","floor":29.0},{"not_picked":["Cloak And Dagger+1","Expertise","Dagger Throw"],"picked":"SKIP","floor":35},{"not_picked":["Dodge and Roll","Backflip","Underhanded Strike"],"picked":"SKIP","floor":37},{"not_picked":["Die Die Die","Dagger Throw+1"],"picked":"Tactician+1","floor":38},{"not_picked":["Deflect","Cloak And Dagger","Dagger Spray"],"picked":"SKIP","floor":39},{"not_picked":["Crippling Poison+1","Reflex","Flying Knee+1"],"picked":"SKIP","floor":41},{"not_picked":["Dagger Throw","Distraction","Reflex"],"picked":"SKIP","floor":42},{"not_picked":["Deflect","Predator"],"picked":"Blur","floor":45},{"not_picked":["Choke+1","Dodge and Roll","Cloak And Dagger"],"picked":"SKIP","floor":47},{"not_picked":["Accuracy","Underhanded Strike","Flechettes+1"],"picked":"SKIP","floor":55}],"player_experience":764296,"relics_obtained":[{"floor":9.0,"key":"Bronze Scales"},{"floor":12.0,"key":"Juzu Bracelet"},{"floor":23.0,"key":"Vajra"},{"floor":26.0,"key":"Omamori"},{"floor":38,"key":"Thread and Needle"},{"floor":41,"key":"Ninja Scroll"},{"floor":47,"key":"Sundial"},{"floor":55,"key":"Ginger"}],"event_choices":[{"damage_healed":0.0,"max_hp_gain":0.0,"max_hp_loss":0.0,"gold_gain":0.0,"event_name":"Shining Light","player_choice":"Entered Light","floor":2.0,"gold_loss":0.0,"damage_taken":20.0,"cards_upgraded":["Defend_G","Strike_G"]},{"damage_healed":0.0,"max_hp_gain":0.0,"max_hp_loss":0.0,"gold_gain":0.0,"event_name":"Accursed Blacksmith","player_choice":"Forge","floor":3.0,"gold_loss":0.0,"damage_taken":0.0,"cards_upgraded":["Glass Knife"]},{"damage_healed":0.0,"max_hp_gain":0.0,"max_hp_loss":6.0,"gold_gain":0.0,"event_name":"Golden Idol","player_choice":"Lose Max HP","floor":14.0,"gold_loss":0.0,"damage_taken":0.0,"relics_obtained":["Golden Idol"]},{"damage_healed":0.0,"max_hp_gain":0.0,"max_hp_loss":0.0,"gold_gain":0.0,"event_name":"Forgotten Altar","player_choice":"Gave Idol","floor":22.0,"relics_lost":["Golden Idol"],"gold_loss":0.0,"damage_taken":0.0,"relics_obtained":["Bloody Idol"]},{"damage_healed":0.0,"max_hp_gain":0.0,"max_hp_loss":0.0,"gold_gain":0.0,"cards_transformed":["Defend_G"],"event_name":"Transmorgrifier","player_choice":"Transformed","floor":25.0,"gold_loss":0.0,"damage_taken":0.0,"cards_obtained":["Choke"]},{"damage_healed":0.0,"max_hp_gain":0.0,"max_hp_loss":0.0,"gold_gain":0.0,"event_name":"The Mausoleum","player_choice":"Opened","floor":27.0,"gold_loss":0.0,"damage_taken":0.0,"relics_obtained":["Art of War"],"cards_obtained":["Writhe"]},{"damage_healed":0.0,"max_hp_gain":0.0,"max_hp_loss":0.0,"gold_gain":0.0,"event_name":"Addict","player_choice":"Stole Relic","floor":30.0,"gold_loss":0.0,"damage_taken":0.0,"relics_obtained":["Mango"],"cards_obtained":["Shame"]},{"damage_healed":0.0,"max_hp_gain":0.0,"max_hp_loss":0.0,"gold_gain":0.0,"event_name":"Duplicator","player_choice":"Copied","floor":31.0,"gold_loss":0.0,"damage_taken":0.0,"cards_obtained":["Adrenaline"]},{"cards_removed":["Glass Knife"],"damage_healed":32.0,"max_hp_gain":10.0,"max_hp_loss":0.0,"gold_gain":0.0,"event_name":"Bonfire Elementals","player_choice":"Offered Rare","floor":32.0,"gold_loss":0.0,"damage_taken":0.0},{"cards_removed":["Corpse Explosion"],"damage_healed":3,"gold_gain":0,"player_choice":"Offered Rare","damage_taken":0,"max_hp_gain":10,"max_hp_loss":0,"event_name":"Bonfire Elementals","floor":36,"gold_loss":0},{"damage_healed":0,"gold_gain":0,"player_choice":"Fight","damage_taken":0,"max_hp_gain":0,"max_hp_loss":0,"event_name":"MindBloom","floor":38,"gold_loss":0},{"cards_removed":["Neutralize"],"damage_healed":0,"gold_gain":0,"player_choice":"Purged","damage_taken":0,"max_hp_gain":0,"max_hp_loss":0,"event_name":"Purifier","floor":46,"gold_loss":0},{"cards_removed":["Adrenaline"],"damage_healed":6,"gold_gain":0,"player_choice":"Offered Rare","damage_taken":0,"max_hp_gain":10,"max_hp_loss":0,"event_name":"Bonfire Elementals","floor":53,"gold_loss":0},{"cards_removed":["Adrenaline"],"damage_healed":0,"gold_gain":0,"player_choice":"Offered Rare","damage_taken":0,"max_hp_gain":10,"max_hp_loss":0,"event_name":"Bonfire Elementals","floor":54,"gold_loss":0}],"is_beta":false,"boss_relics":[{"not_picked":["Tiny House","Cursed Key"],"picked":"Coffee Dripper"},{"not_picked":["Ring of the Serpent","Velvet Choker"],"picked":"Empty Cage"}],"items_purged_floors":[20,36,48],"is_endless":false,"potions_floor_spawned":[1,5,12,16,18,19,35,39,41,55],"killed_by":"The Heart","ascension_level":20}}