{"host":"bbrtpn53yniy7wad","time":1609195024,"event":{"mods":["AchievementEnabler","BaseMod","Colored Map","Minty Spire (QoL Compilation)","SuperFastMode"],"gold_per_floor":[16,16,28,40,54,86,86,100,127,127,139,157,82,6,6,82,82,82,82,2,2,2,2,2,2,2,2,2,2,2,2,2,2,2,2,2,2,2,2,2,2,2,2],"floor_reached":42,"playtime":1345,"items_purged":["Strike_G"],"score":1208,"play_id":"2fb82630-bc12-458b-839d-e862afaf96e9","local_time":"20201229073704","is_ascension_mode":true,"campfire_choices":[{"floor":7,"key":"REST"},{"data":"Noxious Fumes","floor":10,"key":"SMITH"},{"data":"Footwork","floor":15,"key":"SMITH"},{"floor":23,"key":"REST"},{"floor":27,"key":"REST"},{"floor":32,"key":"REST"},{"floor":40,"key":"REST"}],"circlet_count":0,"master_deck":["AscendersBane","Defend_G","Defend_G","Defend_G","Defend_G","Survivor","Neutralize","Dagger Spray","Noxious Fumes+1","Deadly Poison","Dagger Throw","Footwork+1","After Image","Bane","Crippling Poison","After Image","Caltrops","Footwork+1","Backflip+1","Leg Sweep","Dodge and Roll+1","Storm of Steel","Grand Finale","Calculated Gamble"],"relics":["Ring of the Snake","Art of War","Vajra","Ectoplasm","White Beast Statue","Toy Ornithopter","Omamori","Calling Bell","Orichalcum","Matryoshka","Du-Vu Doll","Smiling Mask"],"acts_visited":["Exordium","TheCity","TheBeyond"],"potions_floor_usage":[6,16,16,28,30,30,31,38,39,41],"damage_taken":[{"damage":0,"enemies":"2 Louse","floor":1,"turns":4},{"damage":3,"enemies":"Cultist","floor":3,"turns":4},{"damage":0,"enemies":"Small Slimes","floor":4,"turns":4},{"damage":12,"enemies":"Exordium Thugs","floor":5,"turns":4},{"damage":29,"enemies":"3 Sentries","floor":6,"turns":7},{"damage":3,"enemies":"Large Slime","floor":8,"turns":6},{"damage":2,"enemies":"2 Fungi Beasts","floor":11,"turns":3},{"damage":6,"enemies":"Lots of Slimes","floor":12,"turns":2},{"damage":11,"enemies":"Hexaghost","floor":16,"turns":8},{"damage":2,"enemies":"Spheric Guardian","floor":18,"turns":5},{"damage":14,"enemies":"2 Thieves","floor":20,"turns":4},{"damage":11,"enemies":"Centurion and Healer","floor":21,"turns":10},{"damage":14,"enemies":"Snake Plant","floor":22,"turns":5},{"damage":15,"enemies":"Chosen and Byrds","floor":25,"turns":5},{"damage":0,"enemies":"Centurion and Healer","floor":28,"turns":7},{"damage":48,"enemies":"Slavers","floor":30,"turns":8},{"damage":3,"enemies":"Snake Plant","floor":31,"turns":5},{"damage":23,"enemies":"Automaton","floor":33,"turns":13},{"damage":25,"enemies":"3 Darklings","floor":35,"turns":5},{"damage":10,"enemies":"3 Shapes","floor":38,"turns":5},{"damage":20,"enemies":"Writhing Mass","floor":39,"turns":9},{"damage":60,"enemies":"Giant Head","floor":41,"turns":14},{"damage":19,"enemies":"4 Shapes","floor":42,"turns":2}],"seed_played":"-4845335676410562590","potions_obtained":[{"floor":3,"key":"Dexterity Potion"},{"floor":4,"key":"Strength Potion"},{"floor":6,"key":"LiquidBronze"},{"floor":20,"key":"LiquidMemories"},{"floor":25,"key":"Swift Potion"},{"floor":28,"key":"Explosive Potion"},{"floor":30,"key":"Ancient Potion"},{"floor":31,"key":"FairyPotion"},{"floor":33,"key":"PowerPotion"},{"floor":35,"key":"SteroidPotion"},{"floor":37,"key":"FairyPotion"},{"floor":38,"key":"Poison Potion"},{"floor":39,"key":"PowerPotion"},{"floor":41,"key":"GhostInAJar"}],"is_trial":false,"path_per_floor":["M","?","M","M","M","E","R","M","T","R","M","M","$","$","R","B",null,"M","?","M","M","M","R","T","M","T","R","M","?","E","M","R","B",null,"M","?","?","M","M","R","E","M"],"character_chosen":"THE_SILENT","items_purchased":["Crippling Poison"],"campfire_rested":5,"item_purchase_floors":[14],"current_hp_per_floor":[59,59,56,56,44,15,34,31,31,31,29,23,23,23,23,12,53,51,51,37,26,12,31,31,16,16,35,40,40,2,4,23,19,54,29,54,54,49,34,50,16,0,0],"gold":2,"neow_bonus":"TRANSFORM_TWO_CARDS","is_daily":false,"chose_seed":false,"campfire_upgraded":2,"win_rate":0.0,"timestamp":1609195024,"path_taken":["M","?","M","M","?","E","R","M","T","R","M","M","?","$","R","BOSS","M","?","M","?","M","R","?","M","T","R","M","?","E","M","R","BOSS","M","?","?","M","M","R","E","M"],"items_purchased_type":["Card"],"build_version":"2020-12-22","purchased_purges":1,"victory":false,"max_hp_per_floor":[66,66,66,66,66,66,66,66,66,66,66,66,66,66,66,66,66,66,66,66,66,66,66,66,66,66,66,66,66,66,66,66,66,66,66,54,54,54,54,54,54,54,54],"card_choices":[{"not_picked":["Blade Dance","Well Laid Plans"],"picked":"Dagger Spray","floor":1},{"not_picked":["Infinite Blades","Dash"],"picked":"Deadly Poison","floor":3},{"not_picked":["Setup","Terror"],"picked":"Dagger Throw","floor":4},{"not_picked":["Heel Hook","Slice","Dodge and Roll"],"picked":"SKIP","floor":5},{"not_picked":["Riddle With Holes","Eviscerate"],"picked":"Footwork","floor":6},{"not_picked":["Slice","Deflect","Blade Dance"],"picked":"SKIP","floor":8},{"not_picked":["Acrobatics","All Out Attack"],"picked":"After Image","floor":11},{"not_picked":["Dagger Spray","Poisoned Stab","Bane"],"picked":"SKIP","floor":12},{"not_picked":["Dagger Spray","Poisoned Stab"],"picked":"Bane","floor":12},{"not_picked":["Phantasmal Killer","Unload"],"picked":"After Image","floor":16},{"not_picked":["Poisoned Stab","Outmaneuver"],"picked":"Caltrops","floor":18},{"not_picked":["Deflect+1","Dagger Spray","Finisher"],"picked":"SKIP","floor":20},{"not_picked":["Unload","Quick Slash"],"picked":"Backflip+1","floor":21},{"not_picked":["PiercingWail","Finisher"],"picked":"Leg Sweep","floor":22},{"not_picked":["Poisoned Stab","Dodge and Roll+1","Slice"],"picked":"SKIP","floor":25},{"not_picked":["Poisoned Stab","Slice"],"picked":"Dodge and Roll+1","floor":25},{"not_picked":["Caltrops","PiercingWail","Poisoned Stab"],"picked":"SKIP","floor":28},{"not_picked":["Backstab","Caltrops","Cloak And Dagger"],"picked":"SKIP","floor":30},{"not_picked":["Deadly Poison","Acrobatics","Poisoned Stab+1"],"picked":"SKIP","floor":31},{"not_picked":["Crippling Poison","Masterful Stab","Finisher"],"picked":"SKIP","floor":35},{"not_picked":["Expertise","Underhanded Strike","Riddle With Holes"],"picked":"SKIP","floor":38},{"not_picked":["Concentrate","Dagger Throw+1"],"picked":"Calculated Gamble","floor":39},{"not_picked":["Poisoned Stab+1","Skewer+1","Outmaneuver+1"],"picked":"SKIP","floor":41}],"player_experience":1021269,"relics_obtained":[{"floor":6,"key":"Art of War"},{"floor":9,"key":"Vajra"},{"floor":24,"key":"White Beast Statue"},{"floor":26,"key":"Toy Ornithopter"},{"floor":30,"key":"Omamori"},{"floor":34,"key":"Orichalcum"},{"floor":34,"key":"Matryoshka"},{"floor":34,"key":"Du-Vu Doll"},{"floor":41,"key":"Smiling Mask"}],"event_choices":[{"damage_healed":0,"gold_gain":0,"cards_transformed":["Strike_G"],"player_choice":"Transformed","damage_taken":0,"max_hp_gain":0,"max_hp_loss":0,"event_name":"Transmorgrifier","floor":2,"gold_loss":0,"cards_obtained":["Noxious Fumes"]},{"damage_healed":0,"gold_gain":0,"player_choice":"Copied","damage_taken":0,"max_hp_gain":0,"max_hp_loss":0,"event_name":"Duplicator","floor":19,"gold_loss":0,"cards_obtained":["Footwork"]},{"damage_healed":0,"gold_gain":0,"cards_transformed":["Strike_G","Strike_G"],"player_choice":"Became Test Subject","damage_taken":0,"max_hp_gain":0,"max_hp_loss":0,"event_name":"Drug Dealer","floor":29,"gold_loss":0,"cards_obtained":["Storm of Steel","Grand Finale"]},{"damage_healed":54,"gold_gain":0,"player_choice":"Heal","damage_taken":0,"max_hp_gain":0,"max_hp_loss":12,"event_name":"The Moai Head","floor":36,"gold_loss":0},{"damage_healed":0,"gold_gain":0,"player_choice":"Got Potions","damage_taken":0,"max_hp_gain":0,"max_hp_loss":0,"event_name":"Lab","floor":37,"gold_loss":0}],"is_beta":false,"boss_relics":[{"not_picked":["Black Star","Snecko Eye"],"picked":"Ectoplasm"},{"not_picked":["Coffee Dripper","WristBlade"],"picked":"Calling Bell"}],"items_purged_floors":[13],"is_endless":false,"potions_floor_spawned":[3,4,6,11,20,25,28,30,31,33,35,38,39,41],"killed_by":"4 Shapes","ascension_level":20}}