{"host":"o5or1zybx7au40zl","time":1609177312,"event":{"mods":["Act Like it!","BaseMod","Better Third Choice","Conspire","Dota2Spire","Hubris","Minty Spire (QoL Compilation)","Replay The Spire","StSLib"],"gold_per_floor":[116,116,136,156,180,224,248,248,273,297,320,344,344,344,344,484,484,533,584,509,557,604,667,0,102,102,200,285,285,365,381,381],"floor_reached":31,"playtime":1105,"items_purged":[],"score":378,"play_id":"37098c44-750e-4242-a253-27686c7a9aeb","local_time":"20201228184152","is_ascension_mode":false,"campfire_choices":[{"floor":8,"key":"REST"},{"floor":15,"key":"REST"}],"circlet_count":0,"master_deck":["Strike_G","Strike_G","Strike_G","Strike_G","Strike_G","Defend_G+1","Defend_G+1","Defend_G","Defend_G","Defend_G","Survivor","Neutralize","CurseOfTheBell","Blade Dance","Predator","conspire:DoublingDagger","Blade Dance","Sucker Punch","Hidden Blade","Wraith Form v2","Infinite Blades","Blade Dance","Adrenaline","Sucker Punch+1","Dagger Throw+1","Dodge and Roll","ReplayTheSpireMod:From All Sides","Infinite Blades","Glass Knife","conspire:SharedLibrary","Cold Snap+1","Disarm"],"relics":["Calling Bell","Dota2Spire:Vanguard","Kunai","hubris:Potato","Golden Idol","Dota2Spire:Dagon","Dota2Spire:DrumOfEndurance","Replay:Bandana","Dota2Spire:Bloodstone","War Paint","Dota2Spire:HandOfMidas","hubris:BundleOfHerbs","PrismaticShard","Girya","Bottled Lightning"],"acts_visited":["Exordium","TheCity"],"potions_floor_usage":[6,7,11,16,23,31],"damage_taken":[{"damage":0,"enemies":"Small Slimes","floor":1,"turns":4},{"damage":2,"enemies":"Jaw Worm","floor":3,"turns":5},{"damage":0,"enemies":"2 Louse","floor":4,"turns":3},{"damage":9,"enemies":"Large Slime","floor":5,"turns":6},{"damage":57,"enemies":"Gremlin Nob","floor":6,"turns":7},{"damage":0,"enemies":"2 Fungi Beasts","floor":7,"turns":3},{"damage":1,"enemies":"Blue Slaver","floor":10,"turns":4},{"damage":0,"enemies":"Large Slime","floor":11,"turns":5},{"damage":0,"enemies":"Looter","floor":12,"turns":3},{"damage":0,"enemies":"The Guardian","floor":16,"turns":9},{"damage":0,"enemies":"Spheric Guardian","floor":18,"turns":3},{"damage":1,"enemies":"2 Thieves","floor":19,"turns":5},{"damage":0,"enemies":"Centurion and Healer","floor":21,"turns":5},{"damage":3,"enemies":"Shelled Parasite and Fungi","floor":22,"turns":5},{"damage":23,"enemies":"Slavers","floor":23,"turns":7},{"damage":33,"enemies":"Gremlin Leader","floor":25,"turns":9},{"damage":24,"enemies":"Slavers","floor":27,"turns":5},{"damage":0,"enemies":"Cultist and Chosen","floor":28,"turns":6},{"damage":0,"enemies":"Sentry and Sphere","floor":30,"turns":5},{"damage":15,"enemies":"Snake Plant","floor":31,"turns":2}],"seed_played":"-4986748893342372337","potions_obtained":[{"floor":5,"key":"Ancient Potion"},{"floor":6,"key":"SpeedPotion"},{"floor":7,"key":"Explosive Potion"},{"floor":12,"key":"FearPotion"},{"floor":18,"key":"SpeedPotion"},{"floor":21,"key":"Block Potion"},{"floor":23,"key":"Dexterity Potion"},{"floor":27,"key":"CunningPotion"}],"is_trial":false,"path_per_floor":["M","?","M","M","M","E","M","R","T","M","M","M","?","?","R","B",null,"M","M","?","M","M","E","$","E","T","E","M","?","M","M"],"character_chosen":"THE_SILENT","items_purchased":["Dota2Spire:HandOfMidas","Infinite Blades","hubris:BundleOfHerbs","PrismaticShard"],"campfire_rested":2,"item_purchase_floors":[24,24,24,24],"current_hp_per_floor":[70,70,68,68,59,2,2,23,23,22,22,22,27,20,42,42,75,75,74,74,74,71,48,48,15,15,12,12,12,12,0,0],"gold":381,"neow_bonus":"BOSS_RELIC","is_daily":false,"chose_seed":false,"campfire_upgraded":0,"win_rate":0.0,"timestamp":1609177312,"path_taken":["M","?","M","M","M","E","M","R","T","M","M","M","?","?","R","BOSS","M","M","?","M","M","E","$","E","T","E","M","?","M","M"],"items_purchased_type":["Relic","Card","Relic","Relic"],"build_version":"2020-12-22","purchased_purges":0,"victory":false,"max_hp_per_floor":[70,70,70,70,70,70,70,70,70,70,70,70,75,75,75,75,75,75,75,75,75,75,75,75,75,75,75,75,75,75,75,75],"card_choices":[{"not_picked":["Bane","Poisoned Stab"],"picked":"Blade Dance","floor":1},{"not_picked":["Footwork","Acrobatics"],"picked":"Predator","floor":3},{"not_picked":["Flying Knee","Distraction"],"picked":"conspire:DoublingDagger","floor":4},{"not_picked":["Dagger Spray","Blur"],"picked":"Blade Dance","floor":5},{"not_picked":["Flying Knee","Acrobatics"],"picked":"Sucker Punch","floor":6},{"not_picked":["Slice","Dagger Throw"],"picked":"Hidden Blade","floor":7},{"not_picked":["Setup","Quick Slash"],"picked":"Wraith Form v2","floor":10},{"not_picked":["Hidden Blade","Backflip"],"picked":"Infinite Blades","floor":11},{"not_picked":["hubris:SlightOfHand","Prepared"],"picked":"Blade Dance","floor":12},{"not_picked":["Corpse Explosion","Bullet Time"],"picked":"Adrenaline","floor":16},{"not_picked":["Bane+1","Blade Dance"],"picked":"Sucker Punch+1","floor":18},{"not_picked":["Slice","Poisoned Stab"],"picked":"Dagger Throw+1","floor":19},{"not_picked":["Flying Knee","Deflect","Expertise"],"picked":"SKIP","floor":21},{"not_picked":["Deflect+1","Footwork"],"picked":"Dodge and Roll","floor":22},{"not_picked":["Cloak And Dagger","Dagger Spray+1"],"picked":"ReplayTheSpireMod:From All Sides","floor":23},{"not_picked":["Blood for Blood","Noxious Fumes+1"],"picked":"Glass Knife","floor":25},{"not_picked":["Replay:ManipulateFuture","Massacre"],"picked":"conspire:SharedLibrary","floor":27},{"not_picked":["Static Discharge","Sweeping Beam"],"picked":"Cold Snap+1","floor":28},{"not_picked":["Jack Of All Trades","Skewer"],"picked":"Disarm","floor":30}],"player_experience":903985,"relics_obtained":[{"floor":0,"key":"Dota2Spire:Vanguard"},{"floor":0,"key":"Kunai"},{"floor":0,"key":"hubris:Potato"},{"floor":6,"key":"Dota2Spire:Dagon"},{"floor":9,"key":"Dota2Spire:DrumOfEndurance"},{"floor":23,"key":"War Paint"},{"floor":25,"key":"Girya"},{"floor":27,"key":"Bottled Lightning"}],"event_choices":[{"damage_healed":0,"gold_gain":0,"player_choice":"Take Wound","damage_taken":0,"relics_obtained":["Golden Idol"],"max_hp_gain":0,"max_hp_loss":0,"event_name":"Golden Idol","floor":2,"gold_loss":0,"cards_obtained":["Injury"]},{"damage_healed":0,"gold_gain":0,"player_choice":"Donut","damage_taken":0,"max_hp_gain":5,"max_hp_loss":0,"event_name":"Big Fish","floor":13,"gold_loss":0},{"damage_healed":0,"gold_gain":0,"player_choice":"Relic ","damage_taken":7,"max_hp_gain":0,"max_hp_loss":0,"event_name":"betterThird:BetterScrap","floor":14,"gold_loss":0,"cards_obtained":["Meditate"]},{"cards_removed":["Injury"],"damage_healed":0,"gold_gain":0,"player_choice":"Gave Gold","damage_taken":0,"max_hp_gain":0,"max_hp_loss":0,"event_name":"Beggar","floor":20,"gold_loss":75},{"damage_healed":0,"gold_gain":0,"player_choice":"Ignored","damage_taken":0,"max_hp_gain":0,"max_hp_loss":0,"event_name":"Cursed Tome","floor":29,"gold_loss":0}],"is_beta":false,"boss_relics":[{"not_picked":["Astrolabe","SacredBark"],"picked":"Dota2Spire:Bloodstone"}],"items_purged_floors":[],"is_endless":false,"potions_floor_spawned":[5,6,7,12,18,21,23,27],"killed_by":"Snake Plant","ascension_level":0}}