{"host":"k0kjm4m87pwj4phr","time":1609152158,"event":{"mods":["BaseMod","Colored Map","Colored Powertips","Minty Spire (QoL Compilation)","Permanent Neow","Quick Restart","Relic Stats","Replay The Spire","StSLib","óô»ðÖ¸ÄÏ"],"gold_per_floor":[116,116,133,58,77,77,105,125,151,151,163,179,179,194,194,194,194],"floor_reached":16,"playtime":457,"items_purged":["Defend_G"],"score":208,"play_id":"15f0beb5-cef7-41b7-8526-5ab8de33c06e","local_time":"20201228184238","is_ascension_mode":true,"campfire_choices":[{"data":"Bouncing Flask","floor":6,"key":"SMITH"},{"floor":10,"key":"REST"},{"floor":13,"key":"REST"},{"data":"Poisoned Stab","floor":15,"key":"SMITH"}],"circlet_count":0,"master_deck":["AscendersBane","Strike_G","Strike_G","Strike_G","Strike_G","Strike_G","Defend_G","Defend_G","Defend_G","Survivor","Neutralize","Bouncing Flask+1","Blade Dance","Prepared","Replay:Hysterical Blindness","Tactician","Poisoned Stab+1"],"relics":["Cursed Key","Akabeko","Oddly Smooth Stone"],"acts_visited":["Exordium"],"potions_floor_usage":[],"damage_taken":[{"damage":3,"enemies":"2 Louse","floor":1,"turns":4},{"damage":0,"enemies":"Cultist","floor":3,"turns":4},{"damage":7,"enemies":"Small Slimes","floor":5,"turns":4},{"damage":43,"enemies":"3 Sentries","floor":7,"turns":9},{"damage":0,"enemies":"2 Fungi Beasts","floor":8,"turns":3},{"damage":7,"enemies":"Exordium Wildlife","floor":11,"turns":3},{"damage":6,"enemies":"Large Slime","floor":12,"turns":4},{"damage":0,"enemies":"2 Fungi Beasts","floor":14,"turns":2},{"damage":0,"enemies":"Fading Forest","floor":16,"turns":2}],"seed_played":"-5661778985532194748","potions_obtained":[{"floor":1,"key":"Milkshake"},{"floor":7,"key":"ColorlessPotion"}],"is_trial":false,"path_per_floor":["M","?","M","$","M","R","E","M","T","R","M","M","R","M","R","B"],"character_chosen":"THE_SILENT","items_purchased":[],"campfire_rested":2,"item_purchase_floors":[],"current_hp_per_floor":[56,56,56,56,49,49,6,6,6,25,18,12,31,31,31,31,31],"gold":194,"neow_bonus":"BOSS_RELIC","is_daily":false,"chose_seed":false,"campfire_upgraded":2,"win_rate":0.0,"timestamp":1609152158,"path_taken":["M","?","?","?","?","R","E","M","T","R","M","M","R","M","R","BOSS"],"items_purchased_type":[],"build_version":"2020-12-22","purchased_purges":1,"victory":false,"max_hp_per_floor":[66,66,66,66,66,66,66,66,66,66,66,66,66,66,66,66,66],"relic_stats":{"counters":[9,35],"Cursed Key":1,"obtain_stats":[{"Oddly Smooth Stone":9,"Cursed Key":0,"Akabeko":7,"Ring of the Snake":0},{"Oddly Smooth Stone":5,"Cursed Key":0,"Akabeko":4,"Ring of the Snake":0},{"Oddly Smooth Stone":24,"Cursed Key":0,"Akabeko":21,"Ring of the Snake":0}]},"card_choices":[{"not_picked":["Predator","Slice","Blur"],"picked":"SKIP","floor":1},{"not_picked":["Dodge and Roll","Deadly Poison"],"picked":"Bouncing Flask","floor":3},{"not_picked":["Skewer","Slice"],"picked":"Blade Dance","floor":5},{"not_picked":["Replay:Bag of Tricks","Dagger Spray"],"picked":"Prepared","floor":7},{"not_picked":["Prepared","PiercingWail","Underhanded Strike"],"picked":"SKIP","floor":8},{"not_picked":["Deadly Poison","Crippling Poison"],"picked":"Tactician","floor":11},{"not_picked":["Terror","Prepared"],"picked":"Poisoned Stab","floor":12},{"not_picked":["Deflect","Dagger Spray","Slice"],"picked":"SKIP","floor":14}],"player_experience":434733,"relics_obtained":[{"floor":7,"key":"Akabeko"},{"floor":9,"key":"Oddly Smooth Stone"}],"event_choices":[{"cards_removed":["Defend_G"],"damage_healed":0,"gold_gain":0,"player_choice":"Card Removal","damage_taken":0,"max_hp_gain":0,"max_hp_loss":0,"event_name":"Wheel of Change","floor":2,"gold_loss":0}],"is_beta":false,"boss_relics":[],"items_purged_floors":[4],"is_endless":false,"potions_floor_spawned":[1,7,8],"killed_by":"Fading Forest","ascension_level":20}}