{"host":"yq9lr8gtbjek4ze8","time":1609167147,"event":{"mods":["Act Like it!","Arknights The Spire","BaseMod","CapriCore","Challenge The Spire","Conspire","Friendly Minions","Gensokyo","GifTheSpireLib","Hallownest","Koishi","Mimic Mod","Minty Spire (QoL Compilation)","MostiFishMod","Pale of the Ancients","Replay The Spire","StSLib","WarShipGirlsR/战舰少女R mod","【功能Mod】聪明的最终Boss"],"gold_per_floor":[115,115,40,40,50,83,83,97,135,35,55,73,18,18,18,123,123,140,239,251,264,296,296,323,323,393,30,48,78,32,44,44,141,141,151,151,176,26,42,68,78,94,94,137,137,137,137,148,148,148,158,173,173,173,173,193,193,193,193,193],"floor_reached":61,"playtime":2559,"items_purged":["ats:Strike G","ats:Strike S","ats:Strike C","ats:Strike V"],"score":1491,"play_id":"8b923a91-bdc6-4ee7-bd1c-f784e58bd347","local_time":"20201228225227","is_ascension_mode":false,"campfire_choices":[{"data":"ats:Emotion Absorption","floor":7,"key":"SMITH"},{"floor":15,"key":"REST"},{"floor":23,"key":"RECALL"},{"data":"ats:Shadow Assault","floor":25,"key":"SMITH"},{"data":"ats:Roar Of Ursus","floor":32,"key":"SMITH"},{"data":"ats:Assault Order","floor":47,"key":"SMITH"},{"floor":49,"key":"DIG"},{"data":"ats:Shadow Assault","floor":55,"key":"SMITH"},{"data":"ats:Apocalypse","floor":57,"key":"SMITH"}],"circlet_count":0,"master_deck":["ats:Armor Crushing Shot","ats:Defend","ats:Defend","ats:Defend+1","ats:Emotion Absorption+1","ats:Cat Scratch","ats:Explosion Area Strengthen","ats:Poison Spread","ats:Hammer On","ats:Mental Burst+1","ats:Flexible Camouflage+1","ats:Apocalypse+1","ats:Shadow Assault+1","ats:Soul Absorption","ats:Mental Burst+1","ats:Assault Order+1","ats:Leaping Hammer+1","ats:Counter Healing Mode+1","ats:Shadow Assault+1","ats:Burning Ground+1","ats:Closed Bolt Burst Fire+1"],"relics":["ats:Sanity","DaveBox","SynthV:TestCard","Civilization","ats:Originium","Matryoshka","War Paint","Iron Hammer","ImprovedEquipment","Bottled Lightning","Gensokyo:Companionship","ats:Originium","ats:MaxSp1","Darkstone Periapt","ats:MaxSp2","Replay:Wax Seal","Unceasing Top","conspire:SpecialSausage","Lantern","Frozen Egg 2","conspire:DeflatedDodgeball","Replay:Bottled Eggs","Gensokyo:EmptyGrave","Incense Burner","paleoftheancients:Timepiece","paleoftheancients:KeyRelic","Anchor","Ice Cream","paleoftheancients:SoulOfTheCollector","Bottled Tornado","Replay:Bottled Flurry"],"acts_visited":["Gensokyo:Gensokyo","TheCity","Gensokyo:Gensokyoest","paleoftheancients:PaleOfTheAncients"],"potions_floor_usage":[],"damage_taken":[{"damage":2,"enemies":"Gensokyo:3_Fairies","floor":1,"turns":6},{"damage":2,"enemies":"Gensokyo:Gryphon","floor":5,"turns":3},{"damage":19,"enemies":"Gensokyo:Aya","floor":6,"turns":6},{"damage":0,"enemies":"Gensokyo:2_Kodama","floor":8,"turns":1},{"damage":3,"enemies":"Gensokyo:Kitsune","floor":9,"turns":5},{"damage":0,"enemies":"Gensokyo:Kitsune","floor":11,"turns":2},{"damage":0,"enemies":"Gensokyo:2_Rabbits","floor":12,"turns":1},{"damage":64,"enemies":"Gensokyo:Yukari","floor":16,"turns":10},{"damage":0,"enemies":"Shell Parasite","floor":18,"turns":1},{"damage":0,"enemies":"Spheric Guardian","floor":20,"turns":2},{"damage":0,"enemies":"Snake Plant","floor":21,"turns":2},{"damage":6,"enemies":"Sentry and Sphere","floor":22,"turns":3},{"damage":16,"enemies":"Replay:Snechameleon","floor":24,"turns":4},{"damage":10,"enemies":"Sentry and Sphere","floor":28,"turns":3},{"damage":0,"enemies":"Gremlin Leader","floor":29,"turns":2},{"damage":0,"enemies":"Centurion and Healer","floor":31,"turns":1},{"damage":14,"enemies":"Automaton","floor":33,"turns":5},{"damage":0,"enemies":"Gensokyo:3_Boulders","floor":35,"turns":2},{"damage":0,"enemies":"conspire:MimicChest","floor":37,"turns":3},{"damage":0,"enemies":"Gensokyo:AncientGuardian","floor":39,"turns":1},{"damage":0,"enemies":"Gensokyo:Doremy","floor":40,"turns":1},{"damage":0,"enemies":"Gensokyo:Rafflesia","floor":41,"turns":2},{"damage":0,"enemies":"Gensokyo:4_Bats","floor":42,"turns":3},{"damage":0,"enemies":"Gensokyo:3_Boulders","floor":48,"turns":3},{"damage":0,"enemies":"Gensokyo:Shinki","floor":50,"turns":6},{"damage":0,"enemies":"Gensokyo:Shinki","floor":51,"turns":2},{"damage":0,"enemies":"Gensokyo:Shinki","floor":52,"turns":3},{"damage":0,"enemies":"Gensokyo:Shinki","floor":56,"turns":1},{"damage":108,"enemies":"paleoftheancients:N","floor":60,"turns":5}],"seed_played":"6909165600350156102","potions_obtained":[{"floor":5,"key":"SkillPotion"},{"floor":8,"key":"Reflective Coating"},{"floor":16,"key":"Doom Potion"},{"floor":18,"key":"LifebloodPotion"},{"floor":56,"key":"FairyPotion"}],"is_trial":false,"path_per_floor":["M","?","$","?","M","E","R","M","MIM","$","M","M","COS","?","R","B",null,"M","?","M","M","MIM","R","E","R","T","$","M","E","$","M","R","B",null,"M","?","?","$","M","E","M","M","T","?","COS","?","R","M","R","B","M","M","?","T","R","M","R","T","?","B",null],"character_chosen":"DOCTOR_CLASS","items_purchased":["ats:MaxSp2","Replay:Wax Seal","ats:Assault Order"],"campfire_rested":1,"item_purchase_floors":[27,27,30],"current_hp_per_floor":[77,77,77,77,76,59,59,63,65,65,71,79,79,58,89,49,114,124,124,135,147,158,158,156,156,156,156,166,185,185,206,206,224,254,281,239,267,267,296,331,366,405,405,232,232,232,232,275,438,478,522,567,567,567,567,613,613,613,613,614],"gold":193,"neow_bonus":"TEN_PERCENT_HP_BONUS","is_daily":false,"chose_seed":false,"campfire_upgraded":6,"win_rate":0.0,"timestamp":1609167147,"path_taken":["M","?","$","?","M","E","R","M","MIM","?","M","M","COS","?","R","BOSS","M","?","M","M","?","R","E","R","T","$","M","E","$","M","R","BOSS","M","?","?","?","?","E","M","M","T","?","COS","?","R","M","R","BOSS","M","M","?","T","R","M","R","T","?","BOSS"],"items_purchased_type":["Relic","Relic","Card"],"build_version":"2020-12-22","purchased_purges":4,"victory":true,"max_hp_per_floor":[79,79,79,79,80,82,82,86,91,91,97,105,105,105,105,114,114,124,124,135,147,160,160,174,174,174,174,190,209,209,230,230,254,254,281,281,309,309,338,368,399,434,434,434,434,400,400,438,438,478,522,567,567,567,567,613,613,613,613,665],"card_choices":[{"not_picked":["ats:Directed Diagnosis","ats:Childhood Dance"],"picked":"ats:Cat Scratch","floor":1},{"not_picked":["ats:Poison Spread","ats:Apocalypse","ats:Cat Scratch","ats:Beaten Up"],"picked":"ats:Explosion Area Strengthen","floor":2},{"not_picked":["ats:Healing Drone","ats:Soul Absorption","ats:Curse Doll","ats:Steam Pump"],"picked":"ats:Poison Spread","floor":2},{"not_picked":["ats:Flexible Camouflage","ats:LN2 Cannon","ats:Curse Doll","ats:Leaping Hammer"],"picked":"ats:Hammer On","floor":5},{"not_picked":["ats:Poison Spread","ats:Consecutive Shot Auto","ats:Thermite Blade","ats:Explosion Area Strengthen"],"picked":"ats:Mental Burst","floor":6},{"not_picked":["ats:Apocalypse","ats:Composite Medical Shells","ats:Spore Proliferation","ats:Charging Defense"],"picked":"ats:Flexible Camouflage","floor":8},{"not_picked":["ats:Beaten Up","ats:Leaping Hammer","ats:Hammer On","ats:Overload"],"picked":"ats:Apocalypse","floor":11},{"not_picked":["ats:Leaping Hammer","ats:Shell Defense","ats:Flexible Camouflage","ats:Fractured Body","ats:Explosion Area Strengthen"],"picked":"SKIP","floor":12},{"not_picked":["ats:Fractured Body","ats:Volcano","ats:Soul Rend","ats:True Silver Slash"],"picked":"ats:Shadow Assault","floor":16},{"not_picked":["ats:Hammer On","ats:Apocalypse","ats:Revitalization","ats:Healing Drone","ats:Neurotoxin"],"picked":"SKIP","floor":18},{"not_picked":["ats:Shell Defense","ats:Curse Doll","ats:Closed Bolt Burst Fire","ats:Childhood Dance"],"picked":"ats:Soul Absorption","floor":20},{"not_picked":["ats:Overload","ats:Blood Oath","ats:Sword Rain","ats:Collapsing Strike","ats:Encircling Forest"],"picked":"SKIP","floor":21},{"not_picked":["ats:Part Time Job","ats:Beaten Up","ats:Shell Defense+1","ats:Apocalypse+1"],"picked":"ats:Mental Burst","floor":24},{"not_picked":["ats:Shell Defense","ats:Curse Doll","ats:Directed Diagnosis","ats:Powerful Strike","ats:Ignite+1"],"picked":"SKIP","floor":28},{"not_picked":["ats:Sunburst","ats:Childhood Dance","ats:Flexible Camouflage","ats:Revitalization"],"picked":"ats:Roar Of Ursus","floor":29},{"not_picked":["ats:Leaping Hammer","ats:Cat Scratch+1","ats:Poison Spread","ats:Curse Doll","ats:Apocalypse"],"picked":"SKIP","floor":31},{"not_picked":["ats:Chain Hook+1","ats:Ignite+1","ats:Powerful Strike","ats:Support Order+1"],"picked":"ats:Leaping Hammer+1","floor":35},{"not_picked":["ats:Part Time Job+1","ats:Magnetic Hammer+1","ats:Poison Spread","ats:Flame Of Heaven"],"picked":"ats:Counter Healing Mode+1","floor":39},{"not_picked":["ats:Apocalypse+1","ats:Assault Order","ats:Flexible Camouflage","ats:Hammer On+1"],"picked":"ats:Shadow Assault","floor":40},{"not_picked":["ats:Revitalization+1","ats:Assault Order+1","ats:Defend Order+1","ats:Healing Strengthening+1","ats:Beaten Up+1"],"picked":"SKIP","floor":41},{"not_picked":["ats:Directed Diagnosis+1","ats:Consecutive Shot Auto+1","ats:Automatic Cover","ats:Explosion Area Strengthen"],"picked":"ats:Burning Ground+1","floor":42},{"not_picked":["ats:Ignite","ats:Revitalization","ats:Neurotoxin+1","ats:Explosion Area Strengthen"],"picked":"ats:Closed Bolt Burst Fire+1","floor":44},{"not_picked":["ats:Assault Order","ats:Powerful Strike","ats:Counter Healing Mode+1","ats:LN2 Cannon+1","ats:Cat Scratch+1"],"picked":"SKIP","floor":48},{"not_picked":["ats:Hammer On+1","ats:Directed Diagnosis","ats:Demon Strength+1","ats:Assault Order","ats:Burning Ground+1"],"picked":"SKIP","floor":51},{"not_picked":["ats:Apocalypse+1","ats:Shadow Raid","ats:Chain Hook","ats:Counter Healing Mode+1","ats:Powerful Strike"],"picked":"SKIP","floor":52},{"not_picked":["ats:Thorns+1","ats:Healing Drone","ats:Ignite","ats:Poison Spread","ats:Explosion Area Strengthen+1"],"picked":"SKIP","floor":56}],"player_experience":114334,"relics_obtained":[{"floor":1,"key":"SynthV:TestCard"},{"floor":6,"key":"ats:Originium"},{"floor":6,"key":"Matryoshka"},{"floor":9,"key":"War Paint"},{"floor":22,"key":"ImprovedEquipment"},{"floor":22,"key":"Bottled Lightning"},{"floor":24,"key":"ats:Originium"},{"floor":24,"key":"ats:MaxSp1"},{"floor":26,"key":"Darkstone Periapt"},{"floor":29,"key":"Unceasing Top"},{"floor":37,"key":"Lantern"},{"floor":40,"key":"Frozen Egg 2"},{"floor":43,"key":"conspire:DeflatedDodgeball"},{"floor":44,"key":"Replay:Bottled Eggs"},{"floor":49,"key":"Incense Burner"},{"floor":51,"key":"paleoftheancients:SoulOfTheCollector"},{"floor":52,"key":"paleoftheancients:SoulOfTheIroncluck"},{"floor":54,"key":"Bottled Tornado"},{"floor":58,"key":"Replay:Bottled Flurry"}],"event_choices":[{"damage_healed":0,"gold_gain":0,"player_choice":"Leave","damage_taken":0,"max_hp_gain":0,"max_hp_loss":0,"event_name":"conspire:Investor","floor":4,"gold_loss":0},{"damage_healed":0,"gold_gain":99,"player_choice":"Stole From Cult","damage_taken":0,"max_hp_gain":0,"max_hp_loss":0,"event_name":"Nest","floor":19,"gold_loss":0},{"cards_removed":["ats:Defend"],"damage_healed":0,"gold_gain":0,"player_choice":"Purged","damage_taken":0,"max_hp_gain":0,"max_hp_loss":0,"event_name":"Purifier","floor":53,"gold_loss":0}],"is_beta":false,"boss_relics":[{"not_picked":["Transparent","ReplayTheSpireMod:DimensionalGlitch","Replay:Ancient Bell"]},{"not_picked":["ExusiaiGun","Kintsugi"],"picked":"conspire:SpecialSausage"}],"items_purged_floors":[3,10,27,38],"is_endless":false,"potions_floor_spawned":[5,8,16,18,29,31,35,37,41,56],"ascension_level":0}}