{"host":"ilxricga2547gmyy","time":1609115824,"event":{"mods":["AchievementEnabler","BaseMod","Minty Spire (QoL Compilation)","Quick Restart","StSLib"],"gold_per_floor":[109,127,146,146,146,179,198,198,198],"floor_reached":8,"playtime":541,"items_purged":[],"score":87,"play_id":"64454405-53d2-4bed-a928-26d3791933b9","local_time":"20201228013704","is_ascension_mode":true,"campfire_choices":[],"circlet_count":0,"master_deck":["AscendersBane","Strike_R","Strike_R","Strike_R","Defend_R","Defend_R","Defend_R","Second Wind+1","Exhume+1","Warcry+1","Thunderclap","Rampage","Iron Wave","Warcry","Evolve"],"relics":["Astrolabe","Golden Idol","Blood Vial"],"acts_visited":["Exordium"],"potions_floor_usage":[6,7,8],"damage_taken":[{"damage":11,"enemies":"2 Louse","floor":1,"turns":3},{"damage":0,"enemies":"Small Slimes","floor":2,"turns":4},{"damage":18,"enemies":"Jaw Worm","floor":3,"turns":4},{"damage":38,"enemies":"Gremlin Nob","floor":6,"turns":5},{"damage":0,"enemies":"Large Slime","floor":7,"turns":5},{"damage":28,"enemies":"3 Sentries","floor":8,"turns":7}],"seed_played":"-4509359679023345332","potions_obtained":[{"floor":1,"key":"Swift Potion"},{"floor":6,"key":"Strength Potion"},{"floor":7,"key":"BloodPotion"}],"is_trial":false,"path_per_floor":["M","M","M","?","?","E","M","E"],"character_chosen":"IRONCLAD","items_purchased":[],"campfire_rested":0,"item_purchase_floors":[],"current_hp_per_floor":[61,61,43,43,43,5,21,0,0],"gold":198,"neow_bonus":"BOSS_RELIC","is_daily":false,"chose_seed":false,"campfire_upgraded":0,"win_rate":0.0,"timestamp":1609115824,"path_taken":["M","M","M","?","?","E","M","E"],"items_purchased_type":[],"build_version":"2020-12-22","purchased_purges":0,"victory":false,"max_hp_per_floor":[80,80,80,80,74,74,74,74,74],"card_choices":[{"not_picked":["Rupture","Power Through"],"picked":"Thunderclap","floor":1},{"not_picked":["True Grit","Disarm"],"picked":"Rampage","floor":2},{"not_picked":["Cleave","Heavy Blade"],"picked":"Iron Wave","floor":3},{"not_picked":["Demon Form","Dropkick"],"picked":"Warcry","floor":6},{"not_picked":["Hemokinesis","Headbutt"],"picked":"Evolve","floor":7}],"player_experience":258414,"relics_obtained":[{"floor":6,"key":"Blood Vial"}],"event_choices":[{"cards_removed":["Bash"],"damage_healed":0,"gold_gain":0,"player_choice":"Forget","damage_taken":0,"max_hp_gain":0,"max_hp_loss":0,"event_name":"Living Wall","floor":4,"gold_loss":0},{"damage_healed":0,"gold_gain":0,"player_choice":"Lose Max HP","damage_taken":0,"relics_obtained":["Golden Idol"],"max_hp_gain":0,"max_hp_loss":6,"event_name":"Golden Idol","floor":5,"gold_loss":0}],"is_beta":false,"boss_relics":[],"items_purged_floors":[],"is_endless":false,"potions_floor_spawned":[1,6,7],"killed_by":"3 Sentries","ascension_level":10}}