{"host":"2lo6hma6kymb0g9i","time":1609126211,"event":{"mods":["BaseMod","Colored Map","DeckTracker","Minty Spire (QoL Compilation)"],"gold_per_floor":[115,131,142,142,142,171,191,191,191,523,540,567,582,640,640,735,735,752,752,763,763,780,807,825,841,841,841,841],"floor_reached":27,"playtime":3045,"items_purged":[],"score":324,"play_id":"23ca7f5e-c504-429f-b9ae-cd5bf7da52e6","local_time":"20201228123011","is_ascension_mode":true,"campfire_choices":[{"data":"Glacier","floor":8.0,"key":"SMITH"},{"data":"Dualcast","floor":15,"key":"SMITH"}],"circlet_count":0,"master_deck":["Strike_B","Strike_B","Strike_B","Defend_B","Defend_B","Defend_B","Defend_B","Zap","Dualcast+1","Go for the Eyes","Scrape","Sunder","FTL","Conserve Battery","Glacier+1","Genetic Algorithm","Turbo","Streamline","Amplify","Melter","Conserve Battery+1","Skim"],"relics":["Cracked Core","Calipers","Symbiotic Virus","FossilizedHelix","Old Coin","Singing Bowl","Eternal Feather","SacredBark","Nilry\u0027s Codex","MutagenicStrength","Toy Ornithopter","Pantograph"],"acts_visited":["Exordium","TheCity"],"potions_floor_usage":[16,23,23,27],"damage_taken":[{"damage":0.0,"enemies":"Small Slimes","floor":1.0,"turns":3.0},{"damage":7.0,"enemies":"2 Louse","floor":2.0,"turns":2.0},{"damage":0.0,"enemies":"Jaw Worm","floor":3.0,"turns":2.0},{"damage":18.0,"enemies":"Lagavulin","floor":6.0,"turns":5.0},{"damage":3.0,"enemies":"Large Slime","floor":7.0,"turns":4.0},{"damage":3.0,"enemies":"3 Sentries","floor":10.0,"turns":7.0},{"damage":0.0,"enemies":"3 Louse","floor":11.0,"turns":3.0},{"damage":0.0,"enemies":"Lagavulin","floor":12.0,"turns":7.0},{"damage":0.0,"enemies":"Gremlin Gang","floor":13.0,"turns":5.0},{"damage":0,"enemies":"Lagavulin Event","floor":14,"turns":5},{"damage":28,"enemies":"Slime Boss","floor":16,"turns":11},{"damage":24,"enemies":"3 Byrds","floor":18,"turns":8},{"damage":0,"enemies":"Chosen","floor":20,"turns":4},{"damage":12,"enemies":"Centurion and Healer","floor":22,"turns":5},{"damage":21,"enemies":"Gremlin Leader","floor":23,"turns":8},{"damage":0,"enemies":"Snecko","floor":24,"turns":4},{"damage":0,"enemies":"Sentry and Sphere","floor":25,"turns":3},{"damage":22,"enemies":"Slavers","floor":27,"turns":3}],"seed_played":"2831165327313708183","potions_obtained":[{"floor":1.0,"key":"AttackPotion"},{"floor":2.0,"key":"Block Potion"},{"floor":10.0,"key":"Fire Potion"},{"floor":12.0,"key":"GamblersBrew"},{"floor":13,"key":"ColorlessPotion"},{"floor":14,"key":"SteroidPotion"},{"floor":22,"key":"EssenceOfSteel"}],"is_trial":false,"path_per_floor":["M","M","M","?","?","E","M","R","T","E","M","E","M","?","R","B",null,"M","?","M","?","M","E","M","M","T","E"],"character_chosen":"DEFECT","items_purchased":[],"campfire_rested":0,"item_purchase_floors":[],"current_hp_per_floor":[54,47,47,47,52,34,31,31,31,28,28,28,28,28,37,9,80,58,42,42,42,30,11,13,13,13,0,0],"gold":841,"neow_bonus":"ONE_RARE_RELIC","is_daily":false,"chose_seed":false,"campfire_upgraded":2,"win_rate":0.0,"timestamp":1609126211,"path_taken":["M","M","M","?","?","E","M","R","T","E","M","E","M","?","R","BOSS","M","?","M","?","M","E","M","M","T","E"],"items_purchased_type":[],"build_version":"2020-12-22","purchased_purges":0,"victory":false,"max_hp_per_floor":[75,75,75,75,80,80,80,80,80,80,80,80,80,80,80,80,80,82,82,82,82,82,84,86,86,86,86,86],"card_choices":[{"not_picked":["Static Discharge","BootSequence"],"picked":"Go for the Eyes","floor":1.0},{"not_picked":["Steam","Aggregate"],"picked":"Scrape","floor":2.0},{"not_picked":["Scrape","Reinforced Body"],"picked":"Sunder","floor":3.0},{"not_picked":["Steam","Aggregate"],"picked":"Conserve Battery","floor":6.0},{"not_picked":["Go for the Eyes","Conserve Battery"],"picked":"Glacier","floor":7.0},{"not_picked":["Scrape","Amplify","Stack"],"picked":"SKIP","floor":10.0},{"not_picked":["Barrage","Cold Snap","Steam Power"],"picked":"SKIP","floor":11.0},{"not_picked":["Heatsinks","Streamline"],"picked":"Genetic Algorithm","floor":12.0},{"not_picked":["Hologram","Darkness"],"picked":"Turbo","floor":13},{"not_picked":["Cold Snap","Rebound"],"picked":"Streamline","floor":14},{"not_picked":["Hyperbeam","Buffer"],"picked":"Amplify","floor":16},{"not_picked":["Double Energy","Streamline","Cold Snap+1"],"picked":"Singing Bowl","floor":18},{"not_picked":["Hologram","Go for the Eyes"],"picked":"Melter","floor":20},{"not_picked":["Ball Lightning+1","Cold Snap"],"picked":"Conserve Battery+1","floor":22},{"not_picked":["Barrage+1","Leap","Rebound"],"picked":"Singing Bowl","floor":23},{"not_picked":["Rebound","Beam Cell+1","Conserve Battery"],"picked":"Singing Bowl","floor":24},{"not_picked":["BootSequence","Turbo"],"picked":"Skim","floor":25}],"player_experience":900745,"relics_obtained":[{"floor":6.0,"key":"Symbiotic Virus"},{"floor":9.0,"key":"FossilizedHelix"},{"floor":10.0,"key":"Old Coin"},{"floor":12.0,"key":"Singing Bowl"},{"floor":14,"key":"Eternal Feather"},{"floor":19,"key":"Nilry\u0027s Codex"},{"floor":23,"key":"Toy Ornithopter"},{"floor":26,"key":"Pantograph"}],"event_choices":[{"damage_healed":0.0,"max_hp_gain":0.0,"max_hp_loss":0.0,"gold_gain":0.0,"cards_transformed":["Strike_B"],"event_name":"Living Wall","player_choice":"Change","floor":4.0,"gold_loss":0.0,"damage_taken":0.0,"cards_obtained":["FTL"]},{"damage_healed":0.0,"max_hp_gain":5.0,"max_hp_loss":0.0,"gold_gain":0.0,"event_name":"Big Fish","player_choice":"Donut","floor":5.0,"gold_loss":0.0,"damage_taken":0.0},{"damage_healed":0,"gold_gain":30,"player_choice":"Searched \u00272\u0027 times","damage_taken":0,"max_hp_gain":0,"max_hp_loss":0,"event_name":"Dead Adventurer","floor":14,"gold_loss":0},{"damage_healed":0,"gold_gain":0,"player_choice":"Obtained Book","damage_taken":16,"max_hp_gain":0,"max_hp_loss":0,"event_name":"Cursed Tome","floor":19,"gold_loss":0},{"damage_healed":0,"gold_gain":0,"player_choice":"Inject Mutagens","damage_taken":0,"relics_obtained":["MutagenicStrength"],"max_hp_gain":0,"max_hp_loss":0,"event_name":"Drug Dealer","floor":21,"gold_loss":0}],"is_beta":false,"boss_relics":[{"not_picked":["Runic Dome","Philosopher\u0027s Stone"],"picked":"SacredBark"}],"items_purged_floors":[],"is_endless":false,"potions_floor_spawned":[1,2,10,12,13,14,22],"killed_by":"Slavers","ascension_level":3}}