{"host":"4tnjxquzd1sn7hrw","time":1609138776,"event":{"mods":["BaseMod","Colored Map","Downfall","Hubris","Minty Spire (QoL Compilation)","Quick Restart","StSLib"],"gold_per_floor":[99,119,219,219,231,67,113,144,244,274,287,302,302,335,350,452,452,452,465,479,479,479,512,535,75,0,31,45,45,73,85,100,197,197,47,57,77,12,12,28,51,85,85,85,119,414,466,222,236,236,236,269,44,44,44],"floor_reached":56,"playtime":5234,"items_purged":["champ:Strike","champ:Defend","champ:Strike","champ:Strike"],"score":3686,"play_id":"eae13f7b-7c00-4b11-b8f3-104b22e004b2","local_time":"20201228155936","is_ascension_mode":true,"campfire_choices":[{"data":"champ:Taunt","floor":1,"key":"SMITH"},{"data":"champ:FocusedDefense","floor":13,"key":"SMITH"},{"floor":18,"key":"RECALL"},{"data":"champ:Lariat","floor":26,"key":"SMITH"},{"data":"champ:HoldFirm","floor":29,"key":"SMITH"},{"data":"champ:Lariat","floor":35,"key":"SMITH"},{"data":"champ:EnGarde","floor":43,"key":"SMITH"},{"data":"champ:DefensiveStyle","floor":54,"key":"SMITH"}],"circlet_count":0,"master_deck":["champ:Defend","champ:Defend","champ:Defend","champ:Execute","champ:Taunt+1","champ:ShieldThrow","champ:RecklessLeap","champ:Circumvent","champ:EnGarde+1","champ:DefensiveStyle+1","champ:DefensiveStyle+1","champ:ShieldSlam","champ:FocusedDefense+1","champ:Lariat+1","champ:SwordSigil","champ:IgnorePain+1","champ:DefensiveShout","champ:HoldFirm+1","expansioncontent:Collect","champ:ArenaPreparation","champ:ShieldWall+1","champ:Lariat+1","champ:ShieldThrow","champ:FalseCounter+1","champ:Circumvent","champ:ShieldSigil+1","champ:ShieldWall+1","champ:DefensiveStyle+1"],"relics":["champ:ChampionCrown","Centennial Puzzle","hubris:SlimyHat","Matryoshka","hubris:ToyBattleship","Smiling Mask","Philosopher\u0027s Stone","Juzu Bracelet","hubris:PeanutButter","Vajra","Happy Flower","ClockworkSouvenir","Toy Ornithopter","downfall:HeartBlessingBlue","Bag of Preparation","Bronze Scales","Runic Pyramid","downfall:HeartBlessingRed","downfall:HeartBlessingGreen","Strawberry","Frozen Egg 2","hubris:MysteriousPyramids","Anchor","Oddly Smooth Stone","Guardian:PocketSentry","DollysMirror"],"acts_visited":["Exordium","TheCity","TheBeyond","TheEnding"],"potions_floor_usage":[8,12,12,14,16,20,23,33,42,46,55,55,55],"damage_taken":[{"damage":5,"enemies":"Jaw Worm","floor":2,"turns":3},{"damage":17,"enemies":"2 Louse","floor":5,"turns":3},{"damage":32,"enemies":"downfall:FleeingMerchant","floor":6,"turns":4},{"damage":43,"enemies":"3 Sentries","floor":8,"turns":6},{"damage":21,"enemies":"Lagavulin","floor":10,"turns":6},{"damage":0,"enemies":"Cultist","floor":11,"turns":3},{"damage":15,"enemies":"Large Slime","floor":12,"turns":2},{"damage":15,"enemies":"Gremlin Nob","floor":14,"turns":2},{"damage":7,"enemies":"Red Slaver","floor":15,"turns":3},{"damage":30,"enemies":"downfall:Silent","floor":16,"turns":6},{"damage":11,"enemies":"3 Byrds","floor":19,"turns":4},{"damage":19,"enemies":"Centurion and Healer","floor":20,"turns":7},{"damage":39,"enemies":"Gremlin Leader","floor":23,"turns":9},{"damage":22,"enemies":"downfall:FleeingMerchant","floor":25,"turns":4},{"damage":0,"enemies":"Book of Stabbing","floor":27,"turns":5},{"damage":0,"enemies":"3 Cultists","floor":28,"turns":6},{"damage":0,"enemies":"Slavers","floor":30,"turns":5},{"damage":12,"enemies":"Chosen and Byrds","floor":31,"turns":4},{"damage":3,"enemies":"Snake Plant","floor":32,"turns":3},{"damage":12,"enemies":"downfall:Defect","floor":33,"turns":6},{"damage":7,"enemies":"3 Shapes","floor":36,"turns":4},{"damage":7,"enemies":"Orb Walker","floor":37,"turns":2},{"damage":17,"enemies":"downfall:FleeingMerchant","floor":38,"turns":4},{"damage":22,"enemies":"4 Shapes","floor":40,"turns":3},{"damage":6,"enemies":"Nemesis","floor":42,"turns":3},{"damage":0,"enemies":"Giant Head","floor":45,"turns":5},{"damage":35,"enemies":"downfall:FleeingMerchant","floor":46,"turns":2},{"damage":0,"enemies":"Jaw Worm Horde","floor":49,"turns":3},{"damage":29,"enemies":"downfall:Watcher","floor":50,"turns":5},{"damage":8,"enemies":"downfall:CharBossMerchant","floor":52,"turns":5},{"damage":39,"enemies":"downfall:NeowBoss","floor":55,"turns":17}],"seed_played":"6795725719568300763","potions_obtained":[{"floor":5,"key":"LiquidBronze"},{"floor":8,"key":"SneckoOil"},{"floor":11,"key":"sneckomod:MuddlingPotion"},{"floor":12,"key":"FearPotion"},{"floor":14,"key":"LiquidBronze"},{"floor":16,"key":"Guardian:BlockOnCardUsePotion"},{"floor":20,"key":"Fire Potion"},{"floor":23,"key":"SpeedPotion"},{"floor":30,"key":"champ:UltimateStancePotion"},{"floor":32,"key":"FearPotion"},{"floor":33,"key":"LiquidBronze"},{"floor":36,"key":"PowerPotion"},{"floor":40,"key":"champ:UltimateStancePotion"},{"floor":42,"key":"Dexterity Potion"},{"floor":52,"key":"FearPotion"}],"is_trial":false,"path_per_floor":["R","M","?","?","M","$","T","E","?","E","M","M","R","E","M","B",null,"R","M","M","T","?","E","T","$","R","E","M","R","E","M","M","B",null,"R","M","M","$","?","M","T","E","R","?","E","$","?","$","M","B",null,"E","$","R","B",null],"character_chosen":"THE_CHAMP","items_purchased":["Centennial Puzzle","ClockworkSouvenir","expansioncontent:Collect","Toy Ornithopter","Oddly Smooth Stone","champ:Circumvent","DollysMirror","champ:DefensiveStyle+1"],"campfire_rested":0,"item_purchase_floors":[6,25,25,25,48,48,53,53],"current_hp_per_floor":[90,90,90,55,53,52,52,34,34,33,33,33,33,33,31,4,90,90,79,75,75,75,56,56,54,64,64,64,64,69,77,79,92,100,100,100,100,100,100,98,105,106,106,106,107,107,107,107,107,107,107,104,104,104,107],"gold":44,"neow_bonus":"ONE_RANDOM_RARE_CARD","is_daily":false,"chose_seed":false,"campfire_upgraded":7,"win_rate":0.0,"timestamp":1609138776,"path_taken":["R","M","?","?","?","$","T","E","?","E","M","M","R","E","M","BOSS","R","M","M","?","?","E","T","$","R","E","M","R","E","M","M","BOSS","R","M","M","?","?","M","T","E","R","?","E","$","?","$","M","BOSS","E","$","R","BOSS"],"items_purchased_type":["Relic","Relic","Card","Relic","Relic","Card","Relic","Card"],"build_version":"2020-12-22","purchased_purges":4,"victory":true,"max_hp_per_floor":[90,90,90,90,90,90,90,90,90,90,90,90,90,90,90,90,90,90,90,90,90,90,90,90,90,100,100,100,100,100,100,100,100,100,100,100,100,100,100,100,107,107,107,107,107,107,107,107,107,107,107,107,107,107,107],"card_choices":[{"not_picked":["champ:Shatter","champ:CalledShot"],"picked":"champ:RecklessLeap","floor":2},{"not_picked":["champ:AdrenalArmor","champ:Riposte"],"picked":"champ:Circumvent","floor":5},{"not_picked":["champ:FalseCounter","champ:GladiatorStyle"],"picked":"champ:EnGarde","floor":6},{"not_picked":["champ:PerfectedStrike","champ:FocusedGladiator"],"picked":"champ:DefensiveStyle","floor":8},{"not_picked":["champ:Improvising","champ:BringItOn"],"picked":"champ:DefensiveStyle","floor":10},{"not_picked":["champ:ShieldSigil","champ:BringItOn"],"picked":"champ:ShieldSlam","floor":11},{"not_picked":["champ:PerfectedStrike","champ:Backstep"],"picked":"champ:FocusedDefense","floor":12},{"not_picked":["champ:EnchantSword","champ:FanOfKnives"],"picked":"champ:Lariat","floor":14},{"not_picked":["champ:Haymaker","champ:Backstep"],"picked":"champ:SwordSigil","floor":15},{"not_picked":["champ:VampiricStrike","champ:CrownThrow"],"picked":"champ:IgnorePain","floor":16},{"not_picked":["champ:GladiatorsShout+1","champ:FaceSlap","champ:PreciseThrust+1"],"picked":"SKIP","floor":19},{"not_picked":["champ:StanceDance","champ:Shatter+1","champ:GladiatorsShout"],"picked":"SKIP","floor":20},{"not_picked":["champ:Riposte","champ:EnragedBash+1"],"picked":"champ:HoldFirm","floor":23},{"not_picked":["champ:Haymaker","champ:CrookedStrike+1","champ:FaceSlap+1"],"picked":"SKIP","floor":25},{"not_picked":["champ:GladiatorsShout+1","champ:BladeFlurry","champ:Haymaker"],"picked":"SKIP","floor":27},{"not_picked":["champ:AdrenalArmor","champ:FocusedGladiator"],"picked":"champ:ArenaPreparation","floor":28},{"not_picked":["champ:PerfectedStrike","champ:RapidStrikes"],"picked":"champ:ShieldWall+1","floor":30},{"not_picked":["champ:Backstep+1","champ:TornadoPunch","champ:DefensiveShout"],"picked":"SKIP","floor":31},{"not_picked":["champ:BerserkersShout","champ:GutPunch"],"picked":"champ:Lariat","floor":32},{"not_picked":["champ:ShieldSlam","champ:SteelEdge"],"picked":"champ:ShieldThrow","floor":33},{"not_picked":["champ:PerfectedStrike+1","champ:DefensiveShout+1","champ:StanceDance+1"],"picked":"SKIP","floor":36},{"not_picked":["champ:PerfectedStrike","champ:Haymaker+1","champ:FanOfKnives+1"],"picked":"SKIP","floor":37},{"not_picked":["champ:DefensiveShout","champ:Backstep+1","champ:Circumvent"],"picked":"SKIP","floor":38},{"not_picked":["champ:CalledShot","champ:AdrenalArmor+1"],"picked":"champ:FalseCounter+1","floor":40},{"not_picked":["champ:DeathBlow+1","champ:FocusedBerserking","champ:StanceDance"],"picked":"SKIP","floor":42},{"not_picked":["champ:StanceDance","champ:FanOfKnives","champ:FaceSlap+1"],"picked":"SKIP","floor":45},{"not_picked":["champ:GladiatorStyle+1","champ:Backstep","champ:Encircle+1"],"picked":"SKIP","floor":46},{"not_picked":["champ:FightOn","champ:HeartStrike+1","champ:Control+1"],"picked":"SKIP","floor":49},{"not_picked":["champ:TornadoPunch","champ:HoldFirm"],"picked":"champ:ShieldSigil+1","floor":52}],"player_experience":505008,"relics_obtained":[{"floor":7,"key":"hubris:SlimyHat"},{"floor":8,"key":"Matryoshka"},{"floor":10,"key":"hubris:ToyBattleship"},{"floor":14,"key":"Smiling Mask"},{"floor":21,"key":"Juzu Bracelet"},{"floor":21,"key":"hubris:PeanutButter"},{"floor":23,"key":"Vajra"},{"floor":24,"key":"Happy Flower"},{"floor":27,"key":"Bag of Preparation"},{"floor":30,"key":"Bronze Scales"},{"floor":41,"key":"Strawberry"},{"floor":42,"key":"Frozen Egg 2"},{"floor":45,"key":"hubris:MysteriousPyramids"},{"floor":47,"key":"Anchor"},{"floor":52,"key":"Guardian:PocketSentry"}],"event_choices":[{"damage_healed":0,"gold_gain":0,"cards_transformed":["champ:Strike"],"player_choice":"Transformed","damage_taken":0,"max_hp_gain":0,"max_hp_loss":0,"event_name":"Transmorgrifier","floor":22,"gold_loss":0,"cards_obtained":["champ:DefensiveShout"]},{"damage_healed":0,"gold_gain":0,"player_choice":"Upgraded","damage_taken":0,"max_hp_gain":0,"max_hp_loss":0,"event_name":"Upgrade Shrine","floor":39,"gold_loss":0,"cards_upgraded":["champ:DefensiveStyle"]}],"is_beta":false,"boss_relics":[{"not_picked":["expansioncontent:StudyCardRelic","downfall:Hecktoplasm"],"picked":"Philosopher\u0027s Stone"},{"not_picked":["hubris:CrackedHourglass","hubris:GrandSneckoEye"],"picked":"Runic Pyramid"}],"items_purged_floors":[25,38,46,48],"is_endless":false,"potions_floor_spawned":[5,8,11,12,14,16,20,23,30,32,33,36,40,42,52],"ascension_level":2}}