{"host":"fujxx38qt1kwucvg","time":1609175223,"event":{"mods":["AchievementEnabler","BaseMod","Colored Powertips","Highlight Path","Lobotomy","Minty Spire (QoL Compilation)","Quick Restart","StSLib"],"gold_per_floor":[114,114,114,53,67,105,120,145,145,145,165,18,41,56,56,177,177,200,200,235,79,91,91,101,117,117,129,139,139,170,1,1,105,155,168,185,200,200,212,246,246,246,325,325,547,547,559,571,571,571,571,571,571,98,130,130,130],"floor_reached":56,"playtime":4152,"items_purged":["Strike_P","Strike_P","LessonLearned"],"score":753,"play_id":"0cd79395-3e4b-4c3d-a3a6-a7666d47cc84","local_time":"20201229020703","is_ascension_mode":false,"campfire_choices":[{"floor":10,"key":"REST"},{"floor":15,"key":"REST"},{"floor":23,"key":"RECALL"},{"data":"Eruption","floor":29,"key":"SMITH"},{"floor":32,"key":"REST"},{"floor":41,"key":"REST"},{"data":"Omniscience","floor":44,"key":"SMITH"},{"data":"EmptyFist","floor":46,"key":"SMITH"},{"floor":49,"key":"REST"},{"data":"MentalFortress","floor":53,"key":"SMITH"}],"circlet_count":0,"master_deck":["Strike_P","Strike_P+1","Defend_P","Defend_P","Defend_P+1","Eruption+1","Vigilance","EmptyFist+1","Swivel","FollowUp+1","FearNoEvil+1","FlurryOfBlows+1","FlurryOfBlows+1","MentalFortress+1","MentalFortress+1","Brilliance+1","FlurryOfBlows+1","FlurryOfBlows+1","Finesse","EmptyBody+1","Sanctity","FlurryOfBlows","Evaluate","EmptyFist","FlurryOfBlows","FlurryOfBlows+1","ClearTheMind+1","Parasite","Omniscience+1","ThirdEye","Adaptation+1","TalkToTheHand+1","ClearTheMind"],"relics":["PureWater","Bloody Idol","Mummified Hand","InkBottle","Kunai","Anchor","Black Star","Red Mask","Pen Nib","Dream Catcher","Tiny House","Art of War","Toy Ornithopter","Blue Candle","Whetstone","Vajra","Mercury Hourglass"],"acts_visited":["Exordium","TheCity","TheBeyond","TheEnding"],"potions_floor_usage":[16,16,20,24,33,35,39,50,50,54,56,56,56],"damage_taken":[{"damage":0,"enemies":"Small Slimes","floor":1,"turns":3},{"damage":0,"enemies":"Cultist","floor":5,"turns":3},{"damage":44,"enemies":"Lagavulin","floor":6,"turns":10},{"damage":6,"enemies":"Jaw Worm","floor":7,"turns":3},{"damage":2,"enemies":"Exordium Wildlife","floor":8,"turns":5},{"damage":0,"enemies":"Large Slime","floor":11,"turns":4},{"damage":6,"enemies":"Exordium Thugs","floor":13,"turns":4},{"damage":2,"enemies":"Gremlin Gang","floor":14,"turns":4},{"damage":26,"enemies":"The Guardian","floor":16,"turns":11},{"damage":0,"enemies":"Shell Parasite","floor":18,"turns":3},{"damage":13,"enemies":"Masked Bandits","floor":20,"turns":5},{"damage":0,"enemies":"Chosen","floor":22,"turns":3},{"damage":4,"enemies":"Shelled Parasite and Fungi","floor":24,"turns":3},{"damage":4,"enemies":"Centurion and Healer","floor":25,"turns":6},{"damage":0,"enemies":"3 Cultists","floor":27,"turns":5},{"damage":9,"enemies":"Chosen and Byrds","floor":28,"turns":5},{"damage":31,"enemies":"Slavers","floor":30,"turns":6},{"damage":6,"enemies":"Champ","floor":33,"turns":13},{"damage":18,"enemies":"3 Shapes","floor":35,"turns":5},{"damage":0,"enemies":"Orb Walker","floor":36,"turns":3},{"damage":0,"enemies":"Writhing Mass","floor":37,"turns":13},{"damage":22,"enemies":"3 Darklings","floor":39,"turns":4},{"damage":19,"enemies":"Nemesis","floor":40,"turns":7},{"damage":24,"enemies":"4 Shapes","floor":47,"turns":5},{"damage":1,"enemies":"Writhing Mass","floor":48,"turns":9},{"damage":26,"enemies":"Awakened One","floor":50,"turns":11},{"damage":23,"enemies":"Shield and Spear","floor":55,"turns":9},{"damage":79,"enemies":"The Heart","floor":56,"turns":11}],"seed_played":"-758547710874910414","potions_obtained":[{"floor":6,"key":"Weak Potion"},{"floor":8,"key":"BlessingOfTheForge"},{"floor":16,"key":"SneckoOil"},{"floor":18,"key":"Block Potion"},{"floor":25,"key":"StancePotion"},{"floor":27,"key":"Explosive Potion"},{"floor":30,"key":"BlessingOfTheForge"},{"floor":34,"key":"SkillPotion"},{"floor":35,"key":"GamblersBrew"},{"floor":39,"key":"GamblersBrew"},{"floor":47,"key":"PowerPotion"}],"is_trial":false,"path_per_floor":["M","?","?","?","M","E","M","M","T","R","M","$","M","M","R","B",null,"M","?","?","$","M","R","M","M","T","M","M","R","E","$","R","B",null,"M","M","M","?","M","E","R","?","T","R","?","R","M","M","R","B",null,null,"R","$","E","B"],"character_chosen":"WATCHER","items_purchased":["Anchor","Finesse","FlurryOfBlows","Evaluate","Whetstone","Fruit Juice","BottledMiracle","Weak Potion"],"campfire_rested":5,"item_purchase_floors":[12,21,31,31,54,54,54,54],"current_hp_per_floor":[72,54,54,54,54,10,4,2,2,23,23,23,17,15,36,10,72,72,72,64,64,69,69,70,71,71,72,68,68,42,42,63,62,77,64,69,74,73,56,42,63,63,68,68,73,73,54,58,73,52,52,73,73,78,60,0,0],"gold":130,"neow_bonus":"REMOVE_CARD","is_daily":false,"chose_seed":false,"campfire_upgraded":4,"win_rate":0.0,"timestamp":1609175223,"path_taken":["M","?","?","?","M","E","M","?","T","R","M","$","M","M","R","BOSS","M","?","?","?","M","R","M","M","T","M","M","R","E","$","R","BOSS","M","M","M","?","M","E","R","?","T","R","?","R","M","?","R","BOSS","R","$","E","BOSS"],"items_purchased_type":["Relic","Card","Card","Card","Relic","Potion","Potion","Potion"],"build_version":"2020-12-22","purchased_purges":3,"victory":false,"max_hp_per_floor":[72,72,72,72,72,72,72,72,72,72,72,72,72,72,72,72,72,72,72,72,72,72,72,72,72,72,72,72,72,72,72,72,72,77,77,77,77,73,73,73,73,73,73,73,73,73,73,73,73,73,73,73,73,78,78,78,78],"card_choices":[{"not_picked":["Weave","Adaptation"],"picked":"EmptyFist","floor":1},{"not_picked":["SandsOfTime","Wallop"],"picked":"Swivel","floor":5},{"not_picked":["WreathOfFlame","Halt"],"picked":"FollowUp","floor":6},{"not_picked":["Consecrate","CarveReality"],"picked":"FearNoEvil","floor":7},{"not_picked":["Halt","Consecrate"],"picked":"FlurryOfBlows","floor":8},{"not_picked":["PathToVictory","FollowUp"],"picked":"FlurryOfBlows","floor":11},{"not_picked":["BowlingBash","CrushJoints"],"picked":"MentalFortress","floor":13},{"not_picked":["Indignation","Consecrate"],"picked":"MentalFortress","floor":14},{"not_picked":["DeusExMachina","LessonLearned"],"picked":"Brilliance","floor":16},{"not_picked":["ClearTheMind","EmptyFist"],"picked":"FlurryOfBlows","floor":18},{"not_picked":["Worship","FollowUp"],"picked":"FlurryOfBlows","floor":20},{"not_picked":["Nirvana","Swivel+1"],"picked":"EmptyBody+1","floor":22},{"not_picked":["WindmillStrike","WaveOfTheHand+1","EmptyBody"],"picked":"SKIP","floor":24},{"not_picked":["FlyingSleeves","Weave"],"picked":"Sanctity","floor":25},{"not_picked":["Halt","JustLucky"],"picked":"LessonLearned","floor":27},{"not_picked":["WheelKick","EmptyBody","Consecrate"],"picked":"SKIP","floor":28},{"not_picked":["Consecrate","CutThroughFate","EmptyBody"],"picked":"SKIP","floor":30},{"not_picked":["EmptyBody","Protect+1"],"picked":"EmptyFist","floor":32},{"not_picked":["JustLucky","Perseverance"],"picked":"FlurryOfBlows","floor":34},{"not_picked":["Pray","Evaluate"],"picked":"FlurryOfBlows+1","floor":35},{"not_picked":["LikeWater","CrushJoints"],"picked":"ClearTheMind+1","floor":36},{"not_picked":["Evaluate","BowlingBash","Halt"],"picked":"SKIP","floor":37},{"not_picked":["CrushJoints+1","Prostrate+1"],"picked":"Omniscience","floor":39},{"not_picked":["JustLucky","SpiritShield"],"picked":"LikeWater+1","floor":40},{"not_picked":["BowlingBash+1","Evaluate"],"picked":"ThirdEye","floor":41},{"not_picked":["JustLucky+1","WaveOfTheHand"],"picked":"Adaptation+1","floor":47},{"not_picked":["Protect+1","ForeignInfluence","PathToVictory+1"],"picked":"SKIP","floor":48},{"not_picked":["Protect","MasterReality"],"picked":"TalkToTheHand+1","floor":49},{"not_picked":["Prostrate","EmptyBody"],"picked":"ClearTheMind","floor":55}],"player_experience":191835,"relics_obtained":[{"floor":6,"key":"InkBottle"},{"floor":9,"key":"Kunai"},{"floor":20,"key":"Red Mask"},{"floor":30,"key":"Pen Nib"},{"floor":30,"key":"Dream Catcher"},{"floor":40,"key":"Art of War"},{"floor":40,"key":"Toy Ornithopter"},{"floor":43,"key":"Blue Candle"},{"floor":55,"key":"Vajra"},{"floor":55,"key":"Mercury Hourglass"}],"event_choices":[{"damage_healed":0,"gold_gain":0,"player_choice":"Take Damage","damage_taken":18,"relics_obtained":["Golden Idol"],"max_hp_gain":0,"max_hp_loss":0,"event_name":"Golden Idol","floor":2,"gold_loss":0},{"damage_healed":0,"gold_gain":0,"player_choice":"Ignored","damage_taken":0,"max_hp_gain":0,"max_hp_loss":0,"event_name":"Liars Game","floor":3,"gold_loss":0},{"damage_healed":0,"gold_gain":0,"player_choice":"Paid Gold","damage_taken":0,"relics_obtained":["Mummified Hand"],"max_hp_gain":0,"max_hp_loss":0,"event_name":"WeMeetAgain","floor":4,"gold_loss":61},{"damage_healed":0,"gold_gain":0,"player_choice":"Gave Idol","damage_taken":0,"relics_obtained":["Bloody Idol"],"max_hp_gain":0,"max_hp_loss":0,"event_name":"Forgotten Altar","floor":19,"relics_lost":["Golden Idol"],"gold_loss":0},{"damage_healed":0,"gold_gain":0,"player_choice":"Fought Bandits","damage_taken":0,"max_hp_gain":0,"max_hp_loss":0,"event_name":"Masked Bandits","floor":20,"gold_loss":0},{"damage_healed":0,"gold_gain":0,"player_choice":"Max HP","damage_taken":0,"max_hp_gain":0,"max_hp_loss":4,"event_name":"Winding Halls","floor":38,"gold_loss":0},{"cards_removed":["LikeWater"],"damage_healed":0,"gold_gain":0,"player_choice":"Removed Power","damage_taken":0,"max_hp_gain":0,"max_hp_loss":0,"event_name":"Falling","floor":42,"gold_loss":0},{"damage_healed":0,"gold_gain":222,"player_choice":"Wore Mask","damage_taken":0,"max_hp_gain":0,"max_hp_loss":0,"event_name":"Tomb of Lord Red Mask","floor":45,"gold_loss":0}],"is_beta":false,"boss_relics":[{"not_picked":["Sozu","SacredBark"],"picked":"Black Star"},{"not_picked":["Busted Crown","Pandora\u0027s Box"],"picked":"Tiny House"}],"items_purged_floors":[21,31,54],"is_endless":false,"potions_floor_spawned":[6,8,16,18,25,27,30,35,39,47],"killed_by":"The Heart","ascension_level":0}}