{"host":"wfy07lporsqrbz3r","time":1609145282,"event":{"mods":["BaseMod","Minty Spire (QoL Compilation)","Replay The Spire","StSLib"],"gold_per_floor":[116,35,51,51,226,226,226,226,226,226,226,226,253,253,253,353,353,363,376,376,389,289,319,319,379,379,379,379,394,217,142,142,238,238,248,248,264,150,150,184,197,197,197,197,251,278,328,356,356,356,356],"floor_reached":50,"playtime":1828,"items_purged":["Parasite","Night Terror+1"],"score":663,"play_id":"47fd11a3-9fb3-418d-a7cd-bdf36484b8a8","local_time":"20201228164802","daily_mods":["SealedDeck","Heirloom","Lethality"],"is_ascension_mode":false,"campfire_choices":[{"data":"Terror","floor":6.0,"key":"SMITH"},{"data":"Storm of Steel","floor":10.0,"key":"SMITH"},{"data":"ReplayTheSpireMod:Scrap Shanks","floor":12.0,"key":"SMITH"},{"data":"ReplayTheSpireMod:Scrap Shanks","floor":15.0,"key":"SMITH"},{"floor":24.0,"key":"REST"},{"floor":28.0,"key":"REST"},{"floor":32.0,"key":"REST"},{"data":"Concentrate","floor":42,"key":"SMITH"},{"floor":49,"key":"REST"}],"circlet_count":0,"master_deck":["Escape Plan+1","ReplayTheSpireMod:Scrap Shanks+1","ReplayTheSpireMod:The Works+1","Tactician+1","Dagger Throw+1","ReplayTheSpireMod:Scrap Shanks+1","Terror+1","Dagger Throw+1","Storm of Steel+1","Dagger Throw+1","Dash+1","PiercingWail+1","A Thousand Cuts+1","Concentrate+1","ReplayTheSpireMod:Scrap Shanks+1","Replay:Bag of Tricks+1","Prepared+1","Accuracy+1","Hidden Blade+1"],"relics":["Ring of the Snake","Ginger","ReplayTheSpireMod:CursedCoin","Juzu Bracelet","Replay:WaspNest","Art of War","ReplayTheSpireMod:Ring of Challenge","Replay:Grab Bag","SlaversCollar","Sozu","Astrolabe","Black Star","Frozen Egg 2","Gremlin Food","ReplayTheSpireMod:Shallot","Omamori","The Courier","Replay:Baseball","HoveringKite","Lantern","Ancient Tea Set","Molten Egg 2","Toxic Egg 2","Replay:Kaleidoscope","Bag of Marbles","Replay:Ringing Soul","Replay:Arrowhead","Girya","Orichalcum"],"acts_visited":["Exordium","TheCity","TheBeyond"],"potions_floor_usage":[50],"damage_taken":[{"damage":0.0,"enemies":"Small Slimes","floor":1.0,"turns":2.0},{"damage":0.0,"enemies":"2 Louse","floor":3.0,"turns":2.0},{"damage":0.0,"enemies":"Gremlin Nob","floor":13.0,"turns":1.0},{"damage":37.0,"enemies":"Hexaghost","floor":16.0,"turns":3.0},{"damage":7.0,"enemies":"3 Byrds","floor":18.0,"turns":2.0},{"damage":18.0,"enemies":"Shell Parasite","floor":19.0,"turns":2.0},{"damage":9.0,"enemies":"3 Cultists","floor":21.0,"turns":3.0},{"damage":3.0,"enemies":"Book of Stabbing","floor":23.0,"turns":3.0},{"damage":16.0,"enemies":"Snecko","floor":29.0,"turns":3.0},{"damage":14.0,"enemies":"Automaton","floor":33.0,"turns":3.0},{"damage":0,"enemies":"3 Darklings","floor":35,"turns":2},{"damage":0,"enemies":"Orb Walker","floor":37,"turns":1},{"damage":0,"enemies":"Giant Head","floor":40,"turns":2},{"damage":3,"enemies":"3 Darklings","floor":41,"turns":3},{"damage":0,"enemies":"2 Orb Walkers","floor":45,"turns":2},{"damage":26,"enemies":"Nemesis","floor":46,"turns":3},{"damage":0,"enemies":"Mind Bloom Boss Battle","floor":47,"turns":2},{"damage":32,"enemies":"R_Hoarder","floor":48,"turns":5},{"damage":0,"enemies":"Awakened One","floor":50,"turns":2}],"seed_played":"-1101964099072981188","potions_obtained":[{"floor":1.0,"key":"Dexterity Potion"},{"floor":13.0,"key":"PowerPotion"}],"is_trial":true,"path_per_floor":["M","$","M","$","?","R","?","?","T","R","?","R","E","?","R","B",null,"M","M","?","M","$","E","R","?","T","?","R","M","$","?","R","B",null,"M","?","M","$","?","E","M","R","T","?","?","E","?","E","R","B"],"character_chosen":"THE_SILENT","items_purchased":["ReplayTheSpireMod:CursedCoin","Juzu Bracelet","Replay:Baseball","ReplayTheSpireMod:Scrap Shanks+1","Lantern"],"campfire_rested":4,"item_purchase_floors":[2,2,30,30,38],"current_hp_per_floor":[70,67,67,67,67,67,67,67,67,67,54,54,54,54,54,17,67,60,42,42,33,33,30,50,24,24,24,44,28,28,28,48,34,67,67,67,67,67,67,67,64,64,64,64,64,38,41,9,30,30,30],"gold":356,"neow_bonus":"","is_daily":false,"chose_seed":false,"campfire_upgraded":5,"win_rate":0.0,"timestamp":1609145282,"path_taken":["M","$","M","$","?","R","?","?","T","R","?","R","E","?","R","BOSS","M","M","?","M","$","E","R","?","T","?","R","M","$","?","R","BOSS","M","?","M","$","?","E","M","R","T","?","?","E","?","E","R","BOSS"],"items_purchased_type":["Relic","Relic","Relic","Card","Relic"],"build_version":"2020-12-22","purchased_purges":2,"victory":false,"max_hp_per_floor":[70,67,67,67,67,67,67,67,67,67,67,67,67,67,67,67,67,67,67,67,67,67,67,67,67,67,67,67,67,67,67,67,67,67,67,67,67,67,67,67,67,67,67,67,67,67,70,70,70,70,70],"card_choices":[{"not_picked":["Sucker Punch","Poisoned Stab"],"picked":"Terror","floor":1.0},{"not_picked":["Dodge and Roll","Slice"],"picked":"Dagger Throw","floor":3.0},{"not_picked":["Footwork","Sneak Up","Poisoned Stab"],"picked":"SKIP","floor":13.0},{"not_picked":["Tools of the Trade","Venomology"],"picked":"Burst","floor":16.0},{"not_picked":["Backflip","Poisoned Stab","Dagger Spray"],"picked":"SKIP","floor":18.0},{"not_picked":["Deadly Poison","Slice","Hidden Blade"],"picked":"SKIP","floor":19.0},{"not_picked":["Cloak And Dagger","Slice","Sneak Up+1"],"picked":"SKIP","floor":21.0},{"not_picked":["ReplayTheSpireMod:Exploit Weakness","Slice"],"picked":"A Thousand Cuts+1","floor":23.0},{"not_picked":["Deflect","Underhanded Strike"],"picked":"Concentrate","floor":25.0},{"not_picked":["Crippling Poison","Cloak And Dagger","Quick Slash"],"picked":"SKIP","floor":29.0},{"not_picked":["Atom Bomb","Die Die Die"],"picked":"Replay:Bag of Tricks","floor":33.0},{"not_picked":["Dagger Spray+1","Underhanded Strike+1","Deadly Poison"],"picked":"SKIP","floor":35},{"not_picked":["Outmaneuver","Infinite Blades+1"],"picked":"Prepared+1","floor":37},{"not_picked":["Backstab+1","Flechettes+1"],"picked":"Accuracy+1","floor":40},{"not_picked":["Underhanded Strike+1","Terror+1","Deflect"],"picked":"SKIP","floor":41},{"not_picked":["Underhanded Strike+1","Well Laid Plans+1","Flying Knee+1"],"picked":"SKIP","floor":46},{"not_picked":["Bane+1","Underhanded Strike+1"],"picked":"Hidden Blade+1","floor":47},{"not_picked":["Die Die Die+1","Eviscerate+1","Slice+1"],"picked":"SKIP","floor":48}],"player_experience":739160,"relics_obtained":[{"floor":9.0,"key":"Replay:WaspNest"},{"floor":13.0,"key":"Art of War"},{"floor":14.0,"key":"ReplayTheSpireMod:Ring of Challenge"},{"floor":23.0,"key":"Frozen Egg 2"},{"floor":23.0,"key":"Gremlin Food"},{"floor":25.0,"key":"ReplayTheSpireMod:Shallot"},{"floor":26.0,"key":"Omamori"},{"floor":40,"key":"Ancient Tea Set"},{"floor":40,"key":"Molten Egg 2"},{"floor":43,"key":"Toxic Egg 2"},{"floor":45,"key":"Replay:Kaleidoscope"},{"floor":46,"key":"Bag of Marbles"},{"floor":46,"key":"Replay:Ringing Soul"},{"floor":47,"key":"Replay:Arrowhead"},{"floor":48,"key":"Girya"},{"floor":48,"key":"Orichalcum"}],"event_choices":[{"damage_healed":0.0,"max_hp_gain":0.0,"max_hp_loss":0.0,"gold_gain":175.0,"event_name":"Liars Game","player_choice":"AGREE","floor":5.0,"gold_loss":0.0,"damage_taken":0.0,"cards_obtained":["Doubt"]},{"damage_healed":0.0,"max_hp_gain":0.0,"max_hp_loss":0.0,"gold_gain":0.0,"event_name":"Match and Keep!","player_choice":"2 cards matched","floor":8.0,"gold_loss":0.0,"damage_taken":0.0,"cards_obtained":["Storm of Steel","Dagger Throw"]},{"damage_healed":0.0,"max_hp_gain":0.0,"max_hp_loss":0.0,"gold_gain":0.0,"event_name":"Shining Light","player_choice":"Entered Light","floor":11.0,"gold_loss":0.0,"damage_taken":13.0,"cards_upgraded":["Escape Plan","ReplayTheSpireMod:The Works"]},{"cards_removed":["Doubt"],"damage_healed":0.0,"max_hp_gain":0.0,"max_hp_loss":0.0,"gold_gain":0.0,"event_name":"Back to Basics","player_choice":"Elegance","floor":20.0,"gold_loss":0.0,"damage_taken":0.0},{"cards_removed":["Burst"],"damage_healed":0.0,"max_hp_gain":0.0,"max_hp_loss":0.0,"gold_gain":0.0,"event_name":"Beggar","player_choice":"Gave Gold","floor":31.0,"gold_loss":75.0,"damage_taken":0.0},{"damage_healed":0,"gold_gain":0,"player_choice":"Ignored","damage_taken":0,"max_hp_gain":0,"max_hp_loss":0,"event_name":"Tomb of Lord Red Mask","floor":36,"gold_loss":0},{"damage_healed":0,"gold_gain":0,"player_choice":"Memory 1","damage_taken":0,"max_hp_gain":0,"max_hp_loss":0,"event_name":"SensoryStone","floor":39,"gold_loss":0},{"cards_removed":["Hidden Blade"],"damage_healed":0,"gold_gain":0,"player_choice":"Removed Skill","damage_taken":0,"max_hp_gain":0,"max_hp_loss":0,"event_name":"Falling","floor":44,"gold_loss":0},{"damage_healed":0,"gold_gain":0,"player_choice":"Fight","damage_taken":0,"max_hp_gain":0,"max_hp_loss":0,"event_name":"Mysterious Sphere","floor":45,"gold_loss":0},{"damage_healed":0,"gold_gain":0,"player_choice":"Fight","damage_taken":0,"max_hp_gain":0,"max_hp_loss":0,"event_name":"MindBloom","floor":47,"gold_loss":0}],"is_beta":false,"boss_relics":[{"not_picked":["Honey Jar","Cursed Key"],"picked":"Replay:Grab Bag"},{"not_picked":["Fusion Hammer","Runic Dome"],"picked":"SlaversCollar"},{"not_picked":["Velvet Choker","Busted Crown"],"picked":"Sozu"},{"not_picked":["Snecko Heart","Kintsugi"],"picked":"Astrolabe"},{"not_picked":["Ring of Chaos","Snecko Eye"],"picked":"Black Star"},{"not_picked":["Abe\u0027s Treasure","Replay:Wanted Poster"],"picked":"HoveringKite"}],"items_purged_floors":[2,22],"is_endless":true,"potions_floor_spawned":[1,13,19,21,23,33,35,37,45],"killed_by":"Awakened One","ascension_level":0}}