{"host":"grli52lbdph2722t","time":1609175571,"event":{"mods":["AchievementEnabler","BaseMod","Downfall","Minty Spire (QoL Compilation)","Quick Restart","StSLib"],"gold_per_floor":[99,99,99,99,99,130,130,314,89,14,14,41,41,50,65,65,65,65],"floor_reached":16,"playtime":510,"items_purged":["Doubt"],"score":179,"play_id":"dbcbd0c3-d3dc-46cb-85a2-8813d2ec65b6","local_time":"20201228181251","is_ascension_mode":true,"campfire_choices":[{"data":"champ:Taunt","floor":1,"key":"SMITH"},{"data":"champ:ViciousMockery","floor":10,"key":"SMITH"}],"circlet_count":0,"master_deck":["AscendersBane","champ:Strike","champ:Strike","champ:Strike","champ:Defend","champ:Defend+1","champ:Defend+1","champ:Execute","champ:Taunt+1","champ:BringItOn","champ:ViciousMockery+1","champ:GladiatorsShout","champ:PreciseThrust","champ:CrownThrow+1","Regret"],"relics":["champ:ChampionCrown","downfall:HeartsMalice","Bag of Marbles","CeramicFish","OrangePellets","downfall:HeartBlessingGreen","Oddly Smooth Stone","downfall:ShatteredFragment"],"acts_visited":["Exordium"],"potions_floor_usage":[16,16],"damage_taken":[{"damage":0,"enemies":"Small Slimes","floor":2,"turns":1},{"damage":0,"enemies":"2 Louse","floor":3,"turns":1},{"damage":0,"enemies":"Gremlin Nob","floor":6,"turns":1},{"damage":5,"enemies":"downfall:FleeingMerchant","floor":9,"turns":4},{"damage":10,"enemies":"Jaw Worm","floor":12,"turns":3},{"damage":4,"enemies":"Blue Slaver","floor":15,"turns":3},{"damage":58,"enemies":"downfall:Defect","floor":16,"turns":10}],"seed_played":"-6135929821994540817","potions_obtained":[{"floor":6,"key":"SpeedPotion"},{"floor":12,"key":"Swift Potion"},{"floor":15,"key":"Block Potion"}],"is_trial":false,"path_per_floor":["R","M","M","?","?","E","T","?","$","R","T","M","?","?","M","B"],"character_chosen":"THE_CHAMP","items_purchased":["OrangePellets"],"campfire_rested":0,"item_purchase_floors":[9],"current_hp_per_floor":[81,81,81,81,81,81,81,81,81,81,81,81,54,54,50,0,0,0],"gold":65,"neow_bonus":"THREE_ENEMY_KILL","is_daily":false,"chose_seed":false,"campfire_upgraded":2,"win_rate":0.0,"timestamp":1609175571,"path_taken":["R","M","M","?","?","E","T","?","?","R","?","?","?","?","M","BOSS"],"items_purchased_type":["Relic"],"build_version":"2020-12-22","purchased_purges":1,"victory":false,"max_hp_per_floor":[90,90,90,90,90,90,90,90,90,90,90,90,90,90,90,90,90,90],"card_choices":[{"not_picked":["champ:EnragedBash","champ:DefensiveShout"],"picked":"champ:BringItOn","floor":2},{"not_picked":["champ:ShieldSigil","champ:Circumvent"],"picked":"champ:ViciousMockery","floor":3},{"not_picked":["champ:Backstep","champ:BladeFlurry"],"picked":"champ:GladiatorsShout","floor":6},{"not_picked":["champ:Shatter","champ:DefensiveShout"],"picked":"champ:PreciseThrust","floor":9},{"not_picked":["champ:RapidStrikes","champ:CrookedStrike"],"picked":"champ:CrownThrow","floor":12},{"not_picked":["champ:BringItOn","champ:Circumvent","champ:PerfectedStrike"],"picked":"SKIP","floor":15}],"player_experience":4889311,"relics_obtained":[{"floor":6,"key":"Bag of Marbles"},{"floor":7,"key":"CeramicFish"},{"floor":11,"key":"Oddly Smooth Stone"}],"event_choices":[{"cards_removed":["champ:Defend"],"damage_healed":0,"gold_gain":0,"player_choice":"Card Removal","damage_taken":0,"max_hp_gain":0,"max_hp_loss":0,"event_name":"The Cleric","floor":5,"gold_loss":0}],"is_beta":false,"boss_relics":[],"items_purged_floors":[9],"is_endless":false,"potions_floor_spawned":[6,12,15],"killed_by":"downfall:Defect","ascension_level":10}}