{"host":"l8lkgdumzpe3823a","time":1609114212,"event":{"mods":["Always Whale","Aspiration","BaseMod","Better Note","Clockwork Mod","Colored Powertips","Curses Come First","Custom Start","DeckTracker","Defuse TimeMaze Blight","Highlight Path","Hubris","Infinite Spire","Minty Spire (QoL Compilation)","Quick Restart","Replay The Spire","Shop Mod","StSLib","SuperFastMode","The Construct","The Dragon Tamer","vexMod"],"gold_per_floor":[114,114,63,63,63,89,89,117,117,42,42,55,55,55,55,55,55],"floor_reached":16,"playtime":551,"items_purged":["Strike_G"],"score":120,"play_id":"45267614-43f3-49b8-a025-8da049fb2881","local_time":"20201227181012","is_ascension_mode":true,"campfire_choices":[{"floor":7.0,"key":"REST"},{"data":"Crippling Poison","floor":11.0,"key":"SMITH"},{"floor":15.0,"key":"REST"}],"circlet_count":0,"master_deck":["Strike_G","Strike_G","Strike_G","Strike_G","Defend_G","Defend_G","Defend_G","Defend_G","Survivor","Neutralize","Poisoned Stab","Footwork+1","Tactician","Crippling Poison+1","Poisoned Stab"],"relics":["Ring of the Snake","Counterbalance","Blood Vial","Snake Skull","vexMod:FocusSash","hubris:Icosahedron"],"acts_visited":["Exordium"],"potions_floor_usage":[16],"damage_taken":[{"damage":2.0,"enemies":"Cultist","floor":1.0,"turns":4.0},{"damage":32.0,"enemies":"Gremlin Nob","floor":6.0,"turns":5.0},{"damage":29.0,"enemies":"3 Sentries","floor":8.0,"turns":14.0},{"damage":0.0,"enemies":"Small Slimes","floor":12.0,"turns":4.0},{"damage":84,"enemies":"Fading Forest","floor":16,"turns":11}],"seed_played":"-5734723641507996672","potions_obtained":[{"floor":1.0,"key":"Energy Potion"},{"floor":6.0,"key":"Swift Potion"},{"floor":8.0,"key":"Elixir"}],"is_trial":false,"path_per_floor":["M","?","$","?","$","E","R","E","T","$","R","M","?","$","R","B"],"character_chosen":"THE_SILENT","items_purchased":["Footwork+1"],"campfire_rested":2,"item_purchase_floors":[3],"current_hp_per_floor":[68,68,68,61,61,29,50,23,23,23,23,25,25,25,46,0,0],"gold":55,"neow_bonus":"ONE_RARE_RELIC","is_daily":false,"chose_seed":false,"campfire_upgraded":1,"win_rate":0.0,"timestamp":1609114212,"path_taken":["M","?","$","?","?","E","R","E","T","$","R","?","?","?","R","BOSS"],"items_purchased_type":["Card"],"build_version":"2020-12-22","purchased_purges":1,"victory":false,"max_hp_per_floor":[70,70,70,70,70,70,70,70,70,70,70,70,70,70,70,70,70],"card_choices":[{"not_picked":["hubris:SlightOfHand","PiercingWail"],"picked":"Poisoned Stab","floor":1.0},{"not_picked":["Outmaneuver","Sucker Punch"],"picked":"Tactician","floor":6.0},{"not_picked":["Bane","hubris:TrickCloak"],"picked":"Crippling Poison","floor":8.0},{"not_picked":["Hidden Blade","Blade Dance"],"picked":"Poisoned Stab","floor":12.0}],"player_experience":650265,"relics_obtained":[{"floor":6.0,"key":"Blood Vial"},{"floor":8.0,"key":"Snake Skull"},{"floor":9.0,"key":"vexMod:FocusSash"}],"event_choices":[{"cards_removed":["ReplayTheSpireMod:Restless Dread"],"damage_healed":0.0,"max_hp_gain":0.0,"max_hp_loss":0.0,"gold_gain":0.0,"event_name":"Golden Wing","player_choice":"Card Removal","floor":4.0,"gold_loss":0.0,"damage_taken":7.0}],"is_beta":false,"boss_relics":[],"items_purged_floors":[10],"is_endless":false,"potions_floor_spawned":[1,6,8],"killed_by":"Fading Forest","ascension_level":3}}