{"host":"tvwbxqry54t86y0v","time":1609145074,"event":{"mods":["2.2 Compatiblity","A Magickal Journey","Astrologer","BaseMod","Beaked The Cultist","BetterRewards","Block Reminder","Clockwork Mod","Colored Powertips","DeckTracker","Downfall","GungeonMod","Hermit","Hubris","Infinite Spire","Ironclad Rager","Marked Mod","Mimic Mod","Minty Spire (QoL Compilation)","Potionbrewer","Replay The Spire","Shade Mod","Somnambulant","StSLib","The Bug Knight","The Cursed","The Druid","The Elementalist","The Exalted","The Forsaken","The Hierophant","The Jungle","The Marked","The Mystic","The Problem Sleuth","The Runesmith","The Senshi","The Spell Scribe","The Valiant","The Wild Card","TheFirefly","TheHeartMod","Unceasing Turn Reminder","thorton"],"gold_per_floor":[109,109,109,126,137,137,171,221,244,255,281,231,231,243,243,243,243],"floor_reached":16,"playtime":724,"items_purged":[],"score":116,"play_id":"fc40a959-cf04-4ee6-b569-516f884589c3","local_time":"20201228194434","is_ascension_mode":true,"campfire_choices":[{"data":"mysticmod:HeavyStrike","floor":6,"key":"SMITH"},{"floor":15,"key":"REST"}],"circlet_count":0,"master_deck":["mysticmod:Strike_Mystic","mysticmod:Strike_Mystic","mysticmod:Strike_Mystic","mysticmod:Strike_Mystic","mysticmod:Defend_Mystic","mysticmod:Defend_Mystic","mysticmod:Defend_Mystic","mysticmod:Defend_Mystic","mysticmod:ArcaneDodge","mysticmod:ShockingGrasp","mysticmod:LightningBolt","mysticmod:Shield","mysticmod:HeavyStrike+1","mysticmod:GreaterInvisibility","mysticmod:ComboCaster","mysticmod:ComponentsPouch","mysticmod:PureInstinct"],"relics":["mysticmod:SpellBook","Mirror","infinitespire:CheckeredPen","Toy Ornithopter","Prayer Beads"],"acts_visited":["Exordium"],"potions_floor_usage":[7,16],"damage_taken":[{"damage":7,"enemies":"2 Louse","floor":1,"turns":3},{"damage":0,"enemies":"Small Slimes","floor":4,"turns":3},{"damage":3,"enemies":"Cultist","floor":5,"turns":5},{"damage":24,"enemies":"3 Sentries","floor":7,"turns":7},{"damage":1,"enemies":"Blue Slaver","floor":10,"turns":4},{"damage":25,"enemies":"Lagavulin","floor":11,"turns":7},{"damage":9,"enemies":"Exordium Thugs","floor":14,"turns":4},{"damage":54,"enemies":"Slime Boss","floor":16,"turns":8}],"seed_played":"3241850894985479484","potions_obtained":[{"floor":5,"key":"Death Potion"},{"floor":10,"key":"potionbrewer:DiscountPotion"},{"floor":11,"key":"potionbrewer:CleansingPotion"}],"is_trial":false,"path_per_floor":["M","?","?","M","M","R","E","?","T","M","E","$","?","M","R","B"],"character_chosen":"MYSTIC_CLASS","items_purchased":["mysticmod:ComponentsPouch"],"campfire_rested":1,"item_purchase_floors":[12],"current_hp_per_floor":[75,63,82,82,79,79,55,55,55,54,29,29,29,20,44,0,0],"gold":243,"neow_bonus":"RANDOM_EVENT","is_daily":false,"chose_seed":false,"campfire_upgraded":1,"win_rate":0.0,"timestamp":1609145074,"path_taken":["M","?","?","?","M","R","E","?","T","M","E","?","?","M","R","BOSS"],"items_purchased_type":["Card"],"build_version":"2020-12-22","purchased_purges":0,"victory":false,"max_hp_per_floor":[82,82,82,82,82,82,82,82,82,82,82,82,82,82,82,82,82],"card_choices":[{"not_picked":["mysticmod:CorrosiveTouch","mysticmod:Flourish"],"picked":"mysticmod:LightningBolt","floor":1},{"not_picked":["mysticmod:LightningBolt","mysticmod:Probe"],"picked":"mysticmod:Shield","floor":4},{"not_picked":["mysticmod:TomeOfSpells","mysticmod:MysticalShield"],"picked":"mysticmod:HeavyStrike","floor":5},{"not_picked":["mysticmod:KeenEdge","mysticmod:Fly"],"picked":"mysticmod:GreaterInvisibility","floor":7},{"not_picked":["mysticmod:Flurry","mysticmod:BladeMaster"],"picked":"mysticmod:ComboCaster","floor":10},{"not_picked":["mysticmod:ChargedParry","mysticmod:Alacrity","mysticmod:IllusionOfCalm"],"picked":"SKIP","floor":11},{"not_picked":["mysticmod:SuddenClarity","mysticmod:HeavyStrike"],"picked":"mysticmod:PureInstinct","floor":14}],"player_experience":1078415,"relics_obtained":[{"floor":7,"key":"infinitespire:CheckeredPen"},{"floor":9,"key":"Toy Ornithopter"},{"floor":11,"key":"Prayer Beads"}],"event_choices":[{"damage_healed":0,"gold_gain":0,"player_choice":"Donut","damage_taken":0,"max_hp_gain":5,"max_hp_loss":0,"event_name":"Big Fish","floor":0,"gold_loss":0},{"damage_healed":0,"gold_gain":0,"player_choice":"Success","damage_taken":12,"relics_obtained":["Mirror"],"max_hp_gain":0,"max_hp_loss":0,"event_name":"Scrap Ooze","floor":2,"gold_loss":0},{"damage_healed":19,"gold_gain":0,"player_choice":"Full Heal","damage_taken":0,"max_hp_gain":0,"max_hp_loss":0,"event_name":"Wheel of Change","floor":3,"gold_loss":0}],"is_beta":false,"boss_relics":[],"items_purged_floors":[],"is_endless":false,"potions_floor_spawned":[5,10,11],"killed_by":"Slime Boss","ascension_level":1}}