{"host":"a7n5dzefz0hsmd08","time":1609178199,"event":{"mods":["2.2 Compatiblity","AchievementEnabler","BaseMod","Colored Powertips","Minty Spire (QoL Compilation)","StSLib"],"gold_per_floor":[111,111,111,129,58,83,83,110,186,461,3,17,92,107,107,207,207,226,501,511,13,29,29,29,39,64,79,79,110,124,142,142,247,247,257,16,16,68,88,120,120,120,120,120,0,32,32,32],"floor_reached":47,"playtime":2909,"items_purged":["Regret","Regret"],"score":717,"play_id":"112188d0-814a-4a8d-9d19-4289825ca45d","local_time":"20201228185638","is_ascension_mode":true,"campfire_choices":[{"floor":7,"key":"REST"},{"floor":15,"key":"REST"},{"data":"BattleHymn","floor":23,"key":"SMITH"},{"data":"Vault","floor":28,"key":"SMITH"},{"floor":32,"key":"REST"},{"data":"Ragnarok","floor":41,"key":"SMITH"},{"data":"Apotheosis","floor":44,"key":"SMITH"}],"circlet_count":0,"master_deck":["Strike_P+1","Strike_P","Strike_P","Defend_P","Defend_P","Defend_P","Defend_P","Eruption","Vigilance+1","Conclude","FollowUp","BattleHymn","Crescendo","Evaluate","Panache","ClearTheMind","CarveReality","Ragnarok+1","CutThroughFate+1","Vault+1","BattleHymn+1","EmptyFist","Pray+1","Blasphemy","Fasting2+1","SpiritShield","Devotion+1","Weave+1","Study+1","SashWhip+1","BowlingBash+1","Consecrate","Apotheosis+1"],"relics":["PureWater","CultistMask","Akabeko","Matryoshka","Boot","Darkstone Periapt","Melange","SlaversCollar","Gremlin Horn","Blood Vial","Anchor","Smiling Mask","Astrolabe","Pear","Calipers","StoneCalendar","Ornamental Fan","Red Mask","Omamori"],"acts_visited":["Exordium","TheCity","TheBeyond"],"potions_floor_usage":[1,8,8,18,29,30,33,40],"damage_taken":[{"damage":1,"enemies":"Jaw Worm","floor":1,"turns":3},{"damage":7,"enemies":"Cultist","floor":4,"turns":3},{"damage":20,"enemies":"Gremlin Nob","floor":6,"turns":4},{"damage":10,"enemies":"3 Sentries","floor":8,"turns":3},{"damage":0,"enemies":"2 Louse","floor":12,"turns":2},{"damage":2,"enemies":"Blue Slaver","floor":14,"turns":2},{"damage":0,"enemies":"Slime Boss","floor":16,"turns":4},{"damage":0,"enemies":"Shell Parasite","floor":18,"turns":2},{"damage":30,"enemies":"Spheric Guardian","floor":20,"turns":4},{"damage":24,"enemies":"Shelled Parasite and Fungi","floor":22,"turns":4},{"damage":0,"enemies":"3 Cultists","floor":25,"turns":3},{"damage":0,"enemies":"Cultist and Chosen","floor":27,"turns":3},{"damage":22,"enemies":"Gremlin Leader","floor":29,"turns":4},{"damage":8,"enemies":"Centurion and Healer","floor":30,"turns":3},{"damage":0,"enemies":"3 Cultists","floor":31,"turns":3},{"damage":12,"enemies":"Champ","floor":33,"turns":6},{"damage":12,"enemies":"3 Shapes","floor":35,"turns":4},{"damage":47,"enemies":"2 Orb Walkers","floor":38,"turns":3},{"damage":7,"enemies":"3 Darklings","floor":39,"turns":4},{"damage":29,"enemies":"Nemesis","floor":40,"turns":6},{"damage":0,"enemies":"Giant Head","floor":46,"turns":4},{"damage":100054,"enemies":"Maw","floor":47,"turns":6}],"seed_played":"7012050580364911226","potions_obtained":[{"floor":0,"key":"DuplicationPotion"},{"floor":0,"key":"FairyPotion"},{"floor":0,"key":"FearPotion"},{"floor":6,"key":"SteroidPotion"},{"floor":8,"key":"StancePotion"},{"floor":25,"key":"SkillPotion"},{"floor":27,"key":"BottledMiracle"},{"floor":29,"key":"Energy Potion"},{"floor":39,"key":"Ancient Potion"},{"floor":46,"key":"Block Potion"}],"is_trial":false,"path_per_floor":["M","?","?","M","$","E","R","E","T","?","$","M","?","M","R","B",null,"M","?","M","$","M","R","?","M","T","M","R","E","M","M","R","B",null,"M","$","?","?","M","E","R","?","T","R","?","E","M"],"character_chosen":"WATCHER","items_purchased":["BattleHymn","Panache","Melange","LiquidMemories","Gremlin Horn","Vault","BattleHymn","Pear"],"campfire_rested":3,"item_purchase_floors":[5,11,11,11,21,21,21,36],"current_hp_per_floor":[71,57,57,50,50,30,51,41,41,47,47,47,36,34,57,57,78,78,84,54,54,30,30,30,30,30,32,32,12,6,8,33,23,84,72,82,82,37,32,5,5,5,5,5,5,7,0,0],"gold":32,"neow_bonus":"THREE_SMALL_POTIONS","is_daily":false,"chose_seed":false,"campfire_upgraded":4,"win_rate":0.0,"timestamp":1609178198,"path_taken":["M","?","?","?","$","E","R","E","T","?","?","?","?","M","R","BOSS","M","?","M","$","?","R","?","?","T","M","R","E","M","M","R","BOSS","M","$","?","?","M","E","R","?","T","R","?","E","M"],"items_purchased_type":["Card","Card","Relic","Potion","Relic","Card","Card","Relic"],"build_version":"2020-12-22","purchased_purges":2,"victory":false,"max_hp_per_floor":[72,72,72,72,72,72,72,72,72,78,78,78,78,78,78,78,78,78,84,84,84,84,84,84,84,84,84,84,84,84,84,84,84,84,84,94,89,89,89,89,89,89,89,89,89,89,89,89],"card_choices":[{"not_picked":["FearNoEvil","WindmillStrike"],"picked":"Conclude","floor":1},{"not_picked":["Wallop","Nirvana"],"picked":"FollowUp","floor":4},{"not_picked":["TalkToTheHand","Protect"],"picked":"Crescendo","floor":6},{"not_picked":["Fasting2","ThirdEye"],"picked":"Evaluate","floor":8},{"not_picked":["JustLucky","Conclude"],"picked":"ClearTheMind","floor":12},{"not_picked":["Weave","EmptyFist"],"picked":"CarveReality","floor":14},{"not_picked":["LessonLearned","Brilliance"],"picked":"Ragnarok","floor":16},{"not_picked":["Vengeance","Weave"],"picked":"BowlingBash","floor":18},{"not_picked":["EmptyBody+1","EmptyFist+1"],"picked":"CutThroughFate+1","floor":20},{"not_picked":["CutThroughFate","JustLucky+1"],"picked":"Prostrate+1","floor":22},{"not_picked":["FearNoEvil+1","Prostrate","Swivel"],"picked":"SKIP","floor":25},{"not_picked":["Wallop","SashWhip"],"picked":"Pray+1","floor":27},{"not_picked":["SashWhip+1","PathToVictory"],"picked":"Blasphemy","floor":29},{"not_picked":["Halt","EmptyFist+1"],"picked":"Fasting2+1","floor":30},{"not_picked":["Worship","SashWhip"],"picked":"FlyingSleeves+1","floor":31},{"not_picked":["Vault","ConjureBlade"],"picked":"SpiritShield","floor":33},{"not_picked":["ThirdEye+1","ClearTheMind"],"picked":"SashWhip+1","floor":35},{"not_picked":["Swivel+1","FlyingSleeves"],"picked":"BowlingBash+1","floor":38},{"not_picked":["CrushJoints","Fasting2"],"picked":"Consecrate","floor":39},{"not_picked":["DeceiveReality+1","EmptyFist","Evaluate"],"picked":"SKIP","floor":40},{"not_picked":["Flash of Steel","Discovery"],"picked":"Apotheosis","floor":42},{"not_picked":["EmptyBody","InnerPeace","Pray"],"picked":"SKIP","floor":46}],"player_experience":150122,"relics_obtained":[{"floor":6,"key":"Akabeko"},{"floor":8,"key":"Matryoshka"},{"floor":9,"key":"Boot"},{"floor":9,"key":"Darkstone Periapt"},{"floor":26,"key":"Blood Vial"},{"floor":26,"key":"Anchor"},{"floor":29,"key":"Smiling Mask"},{"floor":38,"key":"Calipers"},{"floor":40,"key":"StoneCalendar"},{"floor":43,"key":"Ornamental Fan"},{"floor":46,"key":"Omamori"}],"event_choices":[{"damage_healed":0,"gold_gain":0,"player_choice":"Entered Light","damage_taken":14,"max_hp_gain":0,"max_hp_loss":0,"event_name":"Shining Light","floor":2,"gold_loss":0,"cards_upgraded":["Strike_P","Vigilance"]},{"damage_healed":0,"gold_gain":0,"player_choice":"Trade","damage_taken":0,"relics_obtained":["CultistMask"],"max_hp_gain":0,"max_hp_loss":0,"event_name":"FaceTrader","floor":3,"gold_loss":0},{"damage_healed":0,"gold_gain":275,"player_choice":"Desecrate","damage_taken":0,"max_hp_gain":0,"max_hp_loss":0,"event_name":"Golden Shrine","floor":10,"gold_loss":0,"cards_obtained":["Regret"]},{"damage_healed":0,"gold_gain":75,"player_choice":"Gather Gold","damage_taken":11,"max_hp_gain":0,"max_hp_loss":0,"event_name":"World of Goop","floor":13,"gold_loss":0},{"damage_healed":0,"gold_gain":275,"player_choice":"Desecrate","damage_taken":0,"max_hp_gain":0,"max_hp_loss":0,"event_name":"Golden Shrine","floor":19,"gold_loss":0,"cards_obtained":["Regret"]},{"damage_healed":0,"gold_gain":0,"cards_transformed":["Prostrate"],"player_choice":"Transformed","damage_taken":0,"max_hp_gain":0,"max_hp_loss":0,"event_name":"Transmorgrifier","floor":24,"gold_loss":0,"cards_obtained":["EmptyFist"]},{"damage_healed":0,"gold_gain":0,"player_choice":"Max HP","damage_taken":0,"max_hp_gain":0,"max_hp_loss":5,"event_name":"Winding Halls","floor":37,"gold_loss":0},{"damage_healed":0,"gold_gain":0,"player_choice":"Fight","damage_taken":0,"max_hp_gain":0,"max_hp_loss":0,"event_name":"Mysterious Sphere","floor":38,"gold_loss":0},{"damage_healed":0,"gold_gain":0,"player_choice":"Memory 1","damage_taken":0,"max_hp_gain":0,"max_hp_loss":0,"event_name":"SensoryStone","floor":42,"gold_loss":0},{"damage_healed":0,"gold_gain":0,"player_choice":"Paid","damage_taken":0,"relics_obtained":["Red Mask"],"max_hp_gain":0,"max_hp_loss":0,"event_name":"Tomb of Lord Red Mask","floor":45,"gold_loss":120}],"is_beta":false,"boss_relics":[{"not_picked":["Philosopher\u0027s Stone","SacredBark"],"picked":"SlaversCollar"},{"not_picked":["Velvet Choker","Empty Cage"],"picked":"Astrolabe"}],"items_purged_floors":[11,21],"is_endless":false,"potions_floor_spawned":[6,8,14,16,25,27,29,39,46],"killed_by":"Maw","ascension_level":1}}