{"host":"9qgbal69wq5palas","time":1609182880,"event":{"mods":["2.2 Compatiblity","Abigail Mod","AchievementEnabler","Act Like it!","Aspiration","Astrologer","Bartender","BaseMod","Better Altar","Better Note","Better Skull","Better Third Choice","Colored Powertips","Hallownest","Hermit","Highlight Path","Hubris","Infinite Spire","Jorbs\u0027s Wanderer Trilogy","Koishi","Lobotomy","Minty Spire (QoL Compilation)","Potionbrewer","Quick Restart","Random Character Button","Replay The Spire","Shade Mod","Shop Mod","Spicy Shops","StSLib","The Animator","The Bug Knight","The Cursed","The Disciple","The Exalted","The Hierophant","The Necromancer","The Servant 0.9.4","Wandering Minibosses"],"gold_per_floor":[118,137,13,0,0,35,35,62,113,113,147,161,180,29,29,125,125,140,140,151,151,151,177,177,208,286,286,317,317,317,417,417,517,517,561,106,911,911,980,1074,1163,1273,1273,1273,1273,1373,1373],"floor_reached":46,"playtime":3008,"items_purged":["astrologer:Defend","Shame"],"score":1131,"play_id":"2e4541b0-5f79-4e1a-9457-3196307f8d5d","local_time":"20201228201440","is_ascension_mode":true,"campfire_choices":[{"floor":7.0,"key":"REST"},{"data":"astrologer:Starfield","floor":15.0,"key":"SMITH"},{"floor":24.0,"key":"RECALL"},{"data":"astrologer:DarkMatter","floor":27.0,"key":"SMITH"},{"data":"astrologer:TheHighPriestess","floor":29.0,"key":"SMITH"},{"floor":32.0,"key":"DIG"},{"data":"astrologer:TheChariot","floor":44,"key":"SMITH"}],"circlet_count":0,"master_deck":["astrologer:Strike","astrologer:Strike","astrologer:Defend","astrologer:NorthStar","astrologer:TheFool","astrologer:TheHighPriestess+1","astrologer:TheEmperor","astrologer:MeteorShower","astrologer:Starfield+1","astrologer:Sunrise","astrologer:Strength+1","hubris:Fate+1","astrologer:SpaceDust+1","astrologer:ReadTheStars+1","astrologer:ReadTheStars+1","astrologer:DarkMatter+1","astrologer:NeutronStar+1","astrologer:BlackHole","astrologer:TheDevil","astrologer:SolarFlare+1","astrologer:Stardust+1","hubris:InfiniteBlow+68","astrologer:Moonlight+1","astrologer:TheHangedMan+1","astrologer:TheHierophant+1","astrologer:CosmicExpanse+1","astrologer:Shine+1","Writhe","astrologer:TheTower","astrologer:TheChariot+1","astrologer:Radiance","astrologer:TheHierophant+1","astrologer:Justice+1","astrologer:Prismatic+1","hubris:NaturalOne"],"relics":["astrologer:SkyMirror","Unceasing Top","Nunchaku","Toxic Egg 2","Anchor","Pen Nib","infinitespire:Cupcake","astrologer:Telescope","Regal Pillow","infinitespire:EmpoweringShard","Quantum Egg","Bronze Scales","Strawberry","Turnip","Matryoshka","Cleaning_Rag","infinitespire:EvilPickle","Bromod:ArcaneGrace","Snack Pack","potionbrewer:DrinkingBird","wanderingMiniBosses:MasterThiefsPresence","hubris:Icosahedron","infinitespire:Lychee Nut","hubris:SlimyHat","Dream Catcher"],"acts_visited":["Exordium","TheCity","TheBeyond"],"potions_floor_usage":[46,46],"damage_taken":[{"damage":2.0,"enemies":"2 Louse","floor":1.0,"turns":3.0},{"damage":0.0,"enemies":"Jaw Worm","floor":2.0,"turns":4.0},{"damage":8.0,"enemies":"Lagavulin","floor":6.0,"turns":7.0},{"damage":3.0,"enemies":"Replay:BlueRogue","floor":8.0,"turns":10.0},{"damage":18.0,"enemies":"Gremlin Nob","floor":11.0,"turns":4.0},{"damage":0.0,"enemies":"infinitespire:Voidling","floor":12.0,"turns":4.0},{"damage":0.0,"enemies":"Looter","floor":13.0,"turns":4.0},{"damage":20.0,"enemies":"The Guardian","floor":16.0,"turns":13.0},{"damage":0.0,"enemies":"Shell Parasite","floor":18.0,"turns":5.0},{"damage":0.0,"enemies":"Chosen","floor":20.0,"turns":2.0},{"damage":20.0,"enemies":"Slavers","floor":23.0,"turns":4.0},{"damage":0.0,"enemies":"Gremlin Leader","floor":25.0,"turns":4.0},{"damage":1.0,"enemies":"Replay:Snechameleon","floor":28.0,"turns":5.0},{"damage":14.0,"enemies":"Colosseum Slavers","floor":31.0,"turns":3.0},{"damage":0.0,"enemies":"Colosseum Nobs","floor":31.0,"turns":3.0},{"damage":1.0,"enemies":"Pondfish","floor":33.0,"turns":5.0},{"damage":13.0,"enemies":"3 Shapes","floor":35.0,"turns":4.0},{"damage":38.0,"enemies":"3 Darklings","floor":37.0,"turns":9.0},{"damage":7.0,"enemies":"Maw","floor":39.0,"turns":3.0},{"damage":0.0,"enemies":"Giant Head","floor":40.0,"turns":5.0},{"damage":1.0,"enemies":"Writhing Mass","floor":41.0,"turns":4.0},{"damage":13.0,"enemies":"Reptomancer","floor":42.0,"turns":3.0},{"damage":13,"enemies":"infinitespire:Three Voidlings","floor":46,"turns":3},{"damage":63,"enemies":"Nightmare_Alpha","floor":46,"turns":5}],"seed_played":"-8431520900413676760","potions_obtained":[{"floor":2.0,"key":"BlessingOfTheForge"},{"floor":8.0,"key":"AttackPotion"},{"floor":12.0,"key":"LiquidBronze"},{"floor":16.0,"key":"SteroidPotion"},{"floor":18.0,"key":"Energy Potion"},{"floor":20.0,"key":"AttackPotion"},{"floor":25.0,"key":"potionbrewer:HastePotion"},{"floor":31.0,"key":"Elixir"},{"floor":39.0,"key":"Weak Potion"},{"floor":40.0,"key":"SpeedPotion"},{"floor":42.0,"key":"potionbrewer:InfectionPotion"}],"is_trial":false,"path_per_floor":["M","M","$","?","?","E","R","E","T","?","E","M","M","$","R","B",null,"M","?","M","AVR","?","E","R","E","T","R","E","R","?","?","R","B",null,"M","$","M","?","M","E","M","E","T","R","?","?"],"character_chosen":"ASTROLOGER","items_purchased":["astrologer:MeteorShower","Block Potion","Fruit Juice","Snack Pack","Fruit Juice","potionbrewer:DrinkingBird","potionbrewer:StunPotion"],"campfire_rested":1,"item_purchase_floors":[3,3,14,36,36,36,36],"current_hp_per_floor":[47,47,47,47,47,39,60,57,57,41,23,23,23,30,30,10,77,77,77,77,77,77,57,57,57,57,57,56,56,63,49,49,48,84,73,78,47,47,40,40,50,42,42,42,42,0,0],"gold":1373,"neow_bonus":"ONE_RARE_RELIC","is_daily":false,"chose_seed":false,"campfire_upgraded":4,"win_rate":0.0,"timestamp":1609182880,"path_taken":["M","M","$","?","?","E","R","E","T","?","E","?","M","$","R","BOSS","M","?","?","AVR","?","E","R","E","T","R","E","R","?","?","R","BOSS","M","$","M","?","M","E","M","E","T","R","?","?"],"items_purchased_type":["Card","Potion","Potion","Relic","Potion","Relic","Potion"],"build_version":"2020-12-22","purchased_purges":2,"victory":false,"max_hp_per_floor":[70,70,70,70,70,70,70,70,70,70,70,70,70,77,77,77,77,77,77,77,77,77,77,77,77,77,77,77,77,84,84,84,84,84,84,89,89,89,89,66,66,66,66,66,66,66,66],"card_choices":[{"not_picked":["astrologer:CometStrike","astrologer:Eclipse"],"picked":"astrologer:TheHighPriestess","floor":1.0},{"not_picked":["astrologer:Still","astrologer:StarOfMisfortune"],"picked":"astrologer:TheEmperor","floor":2.0},{"not_picked":["astrologer:TheHighPriestess","astrologer:CometStrike"],"picked":"astrologer:Sunrise","floor":6.0},{"not_picked":["astrologer:StarOfRegret","astrologer:Opposition"],"picked":"astrologer:Strength+1","floor":8.0},{"not_picked":["infinitespire:Oblivion","infinitespire:Collect"],"picked":"hubris:Fate","floor":10.0},{"not_picked":["astrologer:Prismatic","astrologer:Moonlight+1"],"picked":"astrologer:SpaceDust+1","floor":11.0},{"not_picked":["astrologer:TheStar","astrologer:Still+1"],"picked":"astrologer:ReadTheStars+1","floor":12.0},{"not_picked":["astrologer:Radiance","astrologer:Quincunx+1"],"picked":"astrologer:ReadTheStars+1","floor":13.0},{"not_picked":["astrologer:WheelofFortune+1","astrologer:Premonition"],"picked":"astrologer:DarkMatter","floor":16.0},{"not_picked":["astrologer:FrozenStar+1","astrologer:Conjunction+1"],"picked":"astrologer:NeutronStar+1","floor":18.0},{"not_picked":["astrologer:Eclipse","astrologer:ReadTheStars+1"],"picked":"astrologer:Stardust+1","floor":20.0},{"not_picked":["astrologer:Still+1","astrologer:FadingStar+1"],"picked":"astrologer:TheHierophant+1","floor":23.0},{"not_picked":["astrologer:SolarFlare+1","astrologer:Radiance"],"picked":"astrologer:CosmicExpanse+1","floor":25.0},{"not_picked":["astrologer:Observe+1","astrologer:CometStrike"],"picked":"astrologer:Shine+1","floor":28.0},{"not_picked":["astrologer:Still+1","astrologer:Trine+1"],"picked":"astrologer:TheTower","floor":31.0},{"not_picked":["astrologer:Trine+1","astrologer:Premonition"],"picked":"astrologer:TheChariot","floor":33.0},{"not_picked":["astrologer:TheHighPriestess+1","astrologer:TheEmperor+1"],"picked":"astrologer:Radiance","floor":35.0},{"not_picked":["astrologer:Radiance","astrologer:Still+1","astrologer:SpaceDust+1"],"picked":"SKIP","floor":37.0},{"not_picked":["astrologer:Radiance","astrologer:Moonlight+1"],"picked":"astrologer:TheHierophant+1","floor":39.0},{"not_picked":["astrologer:CometStrike","astrologer:NeutronStar+1","astrologer:Stardust+1"],"picked":"SKIP","floor":40.0},{"not_picked":["astrologer:Cataclysm","astrologer:CometStrike+1"],"picked":"astrologer:Justice+1","floor":41.0},{"not_picked":["astrologer:Fireball+1","astrologer:Opposition"],"picked":"astrologer:Prismatic+1","floor":42.0}],"player_experience":2681123,"relics_obtained":[{"floor":6.0,"key":"Nunchaku"},{"floor":8.0,"key":"Toxic Egg 2"},{"floor":9.0,"key":"Anchor"},{"floor":11.0,"key":"Pen Nib"},{"floor":23.0,"key":"Regal Pillow"},{"floor":25.0,"key":"infinitespire:EmpoweringShard"},{"floor":26.0,"key":"Quantum Egg"},{"floor":28.0,"key":"Bronze Scales"},{"floor":31.0,"key":"Turnip"},{"floor":31.0,"key":"Matryoshka"},{"floor":32.0,"key":"Cleaning_Rag"},{"floor":37.0,"key":"wanderingMiniBosses:MasterThiefsPresence"},{"floor":40.0,"key":"infinitespire:Lychee Nut"},{"floor":42.0,"key":"hubris:SlimyHat"},{"floor":43,"key":"Dream Catcher"}],"event_choices":[{"damage_healed":0.0,"max_hp_gain":0.0,"max_hp_loss":0.0,"gold_gain":0.0,"event_name":"betterThird:BetterGoop","player_choice":"Left","floor":4.0,"gold_loss":13.0,"damage_taken":0.0},{"damage_healed":0.0,"max_hp_gain":0.0,"max_hp_loss":0.0,"gold_gain":0.0,"cards_transformed":["astrologer:Strike"],"event_name":"Living Wall","player_choice":"Change","floor":5.0,"gold_loss":0.0,"damage_taken":0.0,"cards_obtained":["astrologer:Starfield"]},{"damage_healed":0.0,"max_hp_gain":0.0,"max_hp_loss":0.0,"gold_gain":0.0,"event_name":"Match and Keep!","player_choice":"3 cards matched","floor":19.0,"gold_loss":0.0,"damage_taken":0.0,"cards_obtained":["astrologer:BlackHole","astrologer:TheDevil","astrologer:SolarFlare"]},{"damage_healed":0.0,"max_hp_gain":0.0,"max_hp_loss":0.0,"gold_gain":0.0,"cards_transformed":["astrologer:Defend","astrologer:Defend"],"event_name":"Drug Dealer","player_choice":"Became Test Subject","floor":22.0,"gold_loss":0.0,"damage_taken":0.0,"cards_obtained":["astrologer:Moonlight","astrologer:TheHangedMan"]},{"damage_healed":0.0,"max_hp_gain":0.0,"max_hp_loss":0.0,"gold_gain":0.0,"event_name":"The Mausoleum","player_choice":"Opened","floor":30.0,"gold_loss":0.0,"damage_taken":0.0,"relics_obtained":["Strawberry"],"cards_obtained":["Writhe"]},{"damage_healed":0.0,"max_hp_gain":0.0,"max_hp_loss":0.0,"gold_gain":0.0,"event_name":"Colosseum","player_choice":"Fight","floor":31.0,"gold_loss":0.0,"damage_taken":0.0},{"damage_healed":0.0,"max_hp_gain":0.0,"max_hp_loss":0.0,"gold_gain":0.0,"event_name":"Colosseum","player_choice":"Fought Nobs","floor":31.0,"gold_loss":0.0,"damage_taken":0.0},{"cards_removed":["astrologer:Strike"],"damage_healed":0,"gold_gain":0,"player_choice":"Removed Attack","damage_taken":0,"max_hp_gain":0,"max_hp_loss":0,"event_name":"Falling","floor":45,"gold_loss":0}],"is_beta":false,"boss_relics":[{"not_picked":["Honey Jar","Coffee Dripper"],"picked":"infinitespire:Cupcake"},{"not_picked":["Runic Dome","aspiration:DefectSkillbook"],"picked":"Bromod:ArcaneGrace"}],"items_purged_floors":[21,36],"is_endless":false,"potions_floor_spawned":[2,8,12,16,18,20,25,31,39,40,42,46],"killed_by":"Nightmare_Alpha","ascension_level":3}}