{"host":"rcanb95qz4o6v6pp","time":1609173533,"event":{"mods":["AchievementEnabler","BaseMod","Better Third Choice","Colored Map","Downfall","Minty Spire (QoL Compilation)","Replay The Spire","Spicy Shops","StSLib","The Blue Laboratory"],"gold_per_floor":[186,205,221,236,246,2,28,28,28,54,69,96,271,271,286,382,382,307,327,327,327,15,50,50,61,61,74,100,100,100,200,219,323,323,323,336,42,42,92,125,149,149,74,74,88,20,20,31,41,41],"floor_reached":51,"playtime":35063,"items_purged":["Pain","Delirium","Writhe"],"score":923,"play_id":"39f9c0c1-ef59-4cc8-aac6-389d0f60d9e4","local_time":"20201228113853","daily_mods":["SealedDeck","Heirloom"],"is_ascension_mode":false,"campfire_choices":[{"data":"Slimebound:SlimeSpikes","floor":18,"key":"SMITH"},{"data":"Slimebound:LeechLife","floor":26,"key":"SMITH"},{"data":"Slimebound:RainOfGoop","floor":26,"key":"SMITH"},{"data":"Slimebound:SamplingLick","floor":29,"key":"SMITH"},{"data":"Slimebound:SlimeTap","floor":29,"key":"SMITH"},{"floor":35,"key":"DIG"},{"data":"Apotheosis","floor":43,"key":"SMITH"},{"data":"Slimebound:SelfFormingGoo","floor":43,"key":"SMITH"},{"data":"Slimebound:SlimeSpikes","floor":47,"key":"SMITH"},{"data":"Slimebound:SlimeSpikes","floor":47,"key":"SMITH"}],"circlet_count":0,"master_deck":["Slimebound:SplitAcid","Slimebound:SplitMire","Slimebound:SamplingLick+1","Slimebound:SlimeSpikes+1","Slimebound:SlimeSpikes+1","Slimebound:RainOfGoop+1","Slimebound:PressTheAttack","Slimebound:SplitBruiser","Slimebound:SlimeSpikes+1","Slimebound:Nibble","Slimebound:Schlurp","Slimebound:MegaLick+1","Slimebound:SplitLeeching","Slimebound:DisruptingSlam","Doubt","Parasite","Slimebound:SplitMire","Slimebound:LeechLife+1","Slimebound:GoopSpray+1","Slimebound:SamplingLick+1","Slimebound:SlimeTap+1","Slimebound:Nibble","Slimebound:Recollect","Slimebound:Prepare+1","Slimebound:SelfFormingGoo+1","Slimebound:ViciousTackle+1","Apotheosis+1","Slimebound:MegaLick","Slimebound:SlimeBarrage+1","Slimebound:Darklings+1","Slimebound:SamplingLick+1","Slimebound:TongueLash+1","Slimebound:MegaLick+1","Slimebound:FirmFortitude","Slimebound:GoopSpray+1"],"relics":["Slimebound:AbsorbEndCombat","champ:DeflectingBracers","Membership Card","War Paint","Replay:Rubber Ducky","Slimebound:AggressiveSlimeRelic","Happy Flower","Slimebound:TarBlob","downfall:HeartBlessingGreen","WarpedTongs","FossilizedHelix","Turnip","Ginger","Pen Nib","Replay:Arrowhead","Bag of Preparation","White Beast Statue","Ring of Chaos","Orichalcum","Slimebound:SelfDamagePreventRelic","sneckomod:BlankCard","Ring of Hypnosis","Ring of Fury","Bird Faced Urn","Golden Egg","downfall:HeartBlessingBlue","Guardian:GemstoneGun"],"acts_visited":["Exordium","TheCity","TheBeyond"],"potions_floor_usage":[16,25,31,31,33,33,37,40,50,50],"damage_taken":[{"damage":8,"enemies":"2 Louse","floor":2,"turns":2},{"damage":12,"enemies":"Small Slimes","floor":3,"turns":2},{"damage":12,"enemies":"Cultist","floor":4,"turns":2},{"damage":4,"enemies":"3 Louse","floor":5,"turns":2},{"damage":20,"enemies":"downfall:FleeingMerchant","floor":6,"turns":4},{"damage":12,"enemies":"Gremlin Nob","floor":10,"turns":2},{"damage":14,"enemies":"Blue Slaver","floor":11,"turns":2},{"damage":24,"enemies":"Replay:BlueRogue","floor":12,"turns":3},{"damage":12,"enemies":"Exordium Wildlife","floor":15,"turns":2},{"damage":62,"enemies":"downfall:Defect","floor":16,"turns":6},{"damage":34,"enemies":"3 Byrds","floor":19,"turns":3},{"damage":46,"enemies":"downfall:FleeingMerchant","floor":22,"turns":4},{"damage":56,"enemies":"Gremlin Leader","floor":23,"turns":5},{"damage":30,"enemies":"Chosen","floor":25,"turns":3},{"damage":28,"enemies":"Centurion and Healer","floor":27,"turns":4},{"damage":34,"enemies":"Replay:Snechameleon","floor":28,"turns":5},{"damage":24,"enemies":"downfall:LadyInBlue","floor":31,"turns":2},{"damage":19,"enemies":"Sentry and Sphere","floor":32,"turns":3},{"damage":47,"enemies":"downfall:Ironclad","floor":33,"turns":4},{"damage":18,"enemies":"Orb Walker","floor":36,"turns":2},{"damage":40,"enemies":"downfall:FleeingMerchant","floor":37,"turns":4},{"damage":18,"enemies":"Mind Bloom Boss Battle","floor":39,"turns":3},{"damage":19,"enemies":"Reptomancer","floor":40,"turns":3},{"damage":22,"enemies":"3 Darklings","floor":45,"turns":3},{"damage":24,"enemies":"downfall:FleeingMerchant","floor":46,"turns":2},{"damage":12,"enemies":"Writhing Mass","floor":48,"turns":2},{"damage":13,"enemies":"Maw","floor":49,"turns":4},{"damage":36,"enemies":"downfall:Watcher","floor":50,"turns":3}],"seed_played":"-4633426204897660045","potions_obtained":[{"floor":10,"key":"blueLaboratory:BottleOfVodka"},{"floor":11,"key":"Regen Potion"},{"floor":15,"key":"Adrenaline Potion"},{"floor":16,"key":"blueLaboratory:AbyssPotion"},{"floor":25,"key":"Fruit Juice"},{"floor":28,"key":"Strength Potion"},{"floor":31,"key":"Elixir"},{"floor":31,"key":"Death Potion"},{"floor":33,"key":"Reflective Coating"},{"floor":36,"key":"Dexterity Potion"},{"floor":37,"key":"Fruit Juice"},{"floor":40,"key":"LiquidMemories"}],"is_trial":true,"path_per_floor":["R_BF","M","M","M","M","$","T","?","?","E","M","E","?","?","M","B",null,"R","M","?","?","$","E","T","M","R","M","E","R","?","?","M","B",null,"R_BF","M","$","?","?","E","T","?","R","?","M","?","R","M","M","B",null],"character_chosen":"SLIMEBOUND","items_purchased":["Membership Card","War Paint","FossilizedHelix","Turnip","Ginger","Elixir","Slimebound:SamplingLick","Slimebound:SelfDamagePreventRelic","sneckomod:BlankCard","Apotheosis","Energy Potion","Guardian:GemstoneGun","DistilledChaos","DistilledChaos","Slimebound:TongueLash","Slimebound:MegaLick"],"campfire_rested":0,"item_purchase_floors":[6,6,22,22,22,22,22,37,37,37,37,46,46,46,46,46],"current_hp_per_floor":[60,60,60,60,60,60,60,65,65,65,63,57,57,65,65,35,65,65,55,55,55,61,41,41,66,66,66,70,70,70,70,63,65,70,70,70,71,71,75,75,75,75,85,85,78,85,85,85,85,85],"gold":41,"neow_bonus":"","is_daily":false,"chose_seed":false,"campfire_upgraded":9,"win_rate":0.0,"timestamp":1609173533,"path_taken":["R_BF","M","M","M","M","$","T","?","?","E","?","E","?","?","M","BOSS","R","M","?","?","$","E","T","?","R","?","E","R","?","?","M","BOSS","R_BF","M","?","?","?","E","T","?","R","?","?","?","R","M","M","BOSS"],"items_purchased_type":["Relic","Relic","Relic","Relic","Relic","Potion","Card","Relic","Relic","Card","Potion","Relic","Potion","Potion","Card","Card"],"build_version":"2020-12-22","purchased_purges":3,"victory":true,"max_hp_per_floor":[60,60,60,60,60,60,60,65,65,65,65,65,65,65,65,65,65,65,65,65,65,65,65,65,70,70,70,70,70,70,70,70,70,70,70,70,75,75,75,75,75,75,85,85,85,85,85,85,85,85],"card_choices":[{"not_picked":["Slimebound:Recollect","Slimebound:LeechingTouch","Slimebound:RollThrough"],"picked":"SKIP","floor":2},{"not_picked":["Slimebound:ComboTackle","Slimebound:DisruptingSlam"],"picked":"Slimebound:Schlurp","floor":3},{"not_picked":["Slimebound:Dissolve","Slimebound:SplitLeeching"],"picked":"Slimebound:MegaLick","floor":4},{"not_picked":["Slimebound:GoopSpray","Slimebound:LeechingTouch"],"picked":"Slimebound:SplitLeeching","floor":5},{"not_picked":["Slimebound:Schlurp","Slimebound:LeechingTouch","Slimebound:GrowthPunch"],"picked":"SKIP","floor":6},{"not_picked":["Slimebound:PrepareCrush","Slimebound:Equalize"],"picked":"Slimebound:DisruptingSlam","floor":10},{"not_picked":["Slimebound:FinishingTackle","Slimebound:GoopSpray","Slimebound:Recollect"],"picked":"SKIP","floor":11},{"not_picked":["Slimebound:LeechingTouch","Slimebound:ViciousTackle","Slimebound:PressTheAttack"],"picked":"SKIP","floor":12},{"not_picked":["Slimebound:Recollect","Slimebound:SplitAcid"],"picked":"Slimebound:SplitMire","floor":15},{"not_picked":["Slimebound:RallyTheTroops","Slimebound:Recycling"],"picked":"Slimebound:LeechLife","floor":16},{"not_picked":["Slimebound:RollThrough","Slimebound:Nibble"],"picked":"Slimebound:GoopSpray+1","floor":19},{"not_picked":["Slimebound:TongueLash","Slimebound:ForwardTackle+1","Slimebound:Recollect"],"picked":"SKIP","floor":22},{"not_picked":["Slimebound:SplitAcid","Slimebound:SlimeSpikes"],"picked":"Slimebound:SlimeTap","floor":23},{"not_picked":["Slimebound:GoopSpray","Slimebound:DouseInSlime"],"picked":"Slimebound:Nibble","floor":25},{"not_picked":["Slimebound:LeechingTouch+1","Slimebound:FinishingTackle+1"],"picked":"Slimebound:Recollect","floor":27},{"not_picked":["Slimebound:GrowthPunch","Slimebound:ForwardTackle","Slimebound:GoopTackle"],"picked":"SKIP","floor":28},{"not_picked":["Slimebound:SamplingLick+1","Slimebound:ItLooksTasty"],"picked":"Slimebound:Prepare+1","floor":31},{"not_picked":["Slimebound:Chomp","Slimebound:FormOfPuddle","Slimebound:HungryTackle"],"picked":"SKIP","floor":32},{"not_picked":["Slimebound:WasteNot","Slimebound:PrepareCrush"],"picked":"Slimebound:SelfFormingGoo","floor":33},{"not_picked":["Slimebound:SamplingLick+1","Slimebound:LeadByExample+1"],"picked":"Slimebound:ViciousTackle+1","floor":36},{"not_picked":["Slimebound:PressTheAttack","Slimebound:ViciousTackle+1","Slimebound:FlameTackle+1"],"picked":"SKIP","floor":37},{"not_picked":["Slimebound:GoopSpray+1","Slimebound:SamplingLick+1"],"picked":"Slimebound:MegaLick","floor":39},{"not_picked":["Slimebound:LeechingTouch+1","Slimebound:Overexert"],"picked":"Slimebound:SlimeBarrage+1","floor":40},{"not_picked":["Slimebound:BestDefense+1","Slimebound:LeechingTouch","Slimebound:ComboTackle+1"],"picked":"SKIP","floor":45},{"not_picked":["Slimebound:RollThrough","Slimebound:ComboTackle+1"],"picked":"Slimebound:SamplingLick","floor":46},{"not_picked":["Slimebound:SplitBruiser","Slimebound:Schlurp+1"],"picked":"Slimebound:FirmFortitude","floor":48},{"not_picked":["Slimebound:GrowthPunch+1","Slimebound:SlimeBrawl+1"],"picked":"Slimebound:GoopSpray+1","floor":49}],"player_experience":1686516,"relics_obtained":[{"floor":7,"key":"Replay:Rubber Ducky"},{"floor":10,"key":"Slimebound:AggressiveSlimeRelic"},{"floor":12,"key":"Happy Flower"},{"floor":23,"key":"Pen Nib"},{"floor":24,"key":"Replay:Arrowhead"},{"floor":28,"key":"Bag of Preparation"},{"floor":31,"key":"White Beast Statue"},{"floor":35,"key":"Orichalcum"},{"floor":38,"key":"Ring of Hypnosis"},{"floor":38,"key":"Ring of Fury"},{"floor":39,"key":"Bird Faced Urn"},{"floor":40,"key":"Golden Egg"}],"event_choices":[{"damage_healed":0,"gold_gain":0,"player_choice":"Donut","damage_taken":0,"max_hp_gain":5,"max_hp_loss":0,"event_name":"Big Fish","floor":8,"gold_loss":0},{"damage_healed":16,"gold_gain":0,"player_choice":"Healed and dodged fight","damage_taken":0,"max_hp_gain":0,"max_hp_loss":0,"event_name":"Mushrooms","floor":14,"gold_loss":0,"cards_obtained":["Parasite"]},{"damage_healed":0,"gold_gain":0,"player_choice":"Rummage","damage_taken":0,"relics_obtained":["WarpedTongs"],"max_hp_gain":0,"max_hp_loss":0,"event_name":"Accursed Blacksmith","floor":21,"gold_loss":0,"cards_obtained":["Pain"]},{"damage_healed":0,"gold_gain":0,"player_choice":"Ignored","damage_taken":0,"max_hp_gain":0,"max_hp_loss":0,"event_name":"Vampires","floor":30,"gold_loss":0},{"cards_removed":["Slimebound:Overexert"],"damage_healed":0,"gold_gain":0,"player_choice":"Removed Power","damage_taken":0,"max_hp_gain":0,"max_hp_loss":0,"event_name":"Falling","floor":42,"gold_loss":0}],"is_beta":false,"boss_relics":[{"not_picked":["sneckomod:SneckoTalon","SlaversCollar"],"picked":"Slimebound:TarBlob"},{"not_picked":["Runic Pyramid","Replay:Bronze Core"],"picked":"Ring of Chaos"}],"items_purged_floors":[22,46,46],"is_endless":false,"potions_floor_spawned":[10,11,15,16,25,28,32,33,36,37,39,40,45,46,48,49],"ascension_level":0}}