{"host":"ris23a35wgbcqmkd","time":1609122506,"event":{"mods":["AchievementEnabler","BaseMod","BetterRewards","Card Forge","Colored Map","Colored Powertips","Downfall","Minty Spire (QoL Compilation)","Shop Mod","StSLib","The Wild Card"],"gold_per_floor":[368,31,31,31,45,64,82,82,82,107,107,127,74,99,99,199,199,216,235,235,249,249,249,249,249,249,266,66,86,11,29,29,129,129,129,129],"floor_reached":35,"playtime":1664,"items_purged":["Shame"],"score":357,"play_id":"d77ef1b3-6328-4fad-8a35-238be2b37a4a","local_time":"20201228022826","is_ascension_mode":false,"campfire_choices":[{"floor":8,"key":"REST"},{"data":"theWildCard:CallToAdventure","floor":11,"key":"SMITH"},{"floor":15,"key":"REST"},{"data":"theWildCard:PowerOfTheArcana","floor":23,"key":"SMITH"},{"floor":25,"key":"DIG"},{"data":"theWildCard:Providence","floor":32,"key":"SMITH"}],"circlet_count":0,"master_deck":["theWildCard:BasicStrike+1","theWildCard:BasicStrike","theWildCard:BasicStrike","theWildCard:BasicDefend","theWildCard:BasicDefend","theWildCard:BasicDefend","theWildCard:BasicDefend","theWildCard:CallToAdventure+1","theWildCard:Arsene","theWildCard:MagicalMight","theWildCard:SeveringSlash","theWildCard:Caesar+1","theWildCard:ArcanaArtistry","theWildCard:StingingStrike","theWildCard:Polydeuces","theWildCard:ArchaicAssault","theWildCard:MaskChange","theWildCard:Ruination","theWildCard:ArcaneArts","theWildCard:Arsene","theWildCard:Providence+1","theWildCard:Michael+1","theWildCard:PowerOfTheArcana+1","theWildCard:Ruination","theWildCard:MagicMettle","theWildCard:TheArcanaUnleashed","theWildCard:PaleRider","theWildCard:PaleRider+1","theWildCard:Lucifer"],"relics":["theWildCard:VelvetContract","Hammer of Thor","Seething Fire","Anvil of the Gods","MerchantsRug","Odd Mushroom","Girya","theWildCard:FigureOfDeath","Shovel","Art of War","Eternal Feather","Cursed Key"],"acts_visited":["Exordium","TheCity","TheBeyond"],"potions_floor_usage":[10,12,19,33,33],"damage_taken":[{"damage":5,"enemies":"Small Slimes","floor":1,"turns":3},{"damage":0,"enemies":"2 Louse","floor":5,"turns":2},{"damage":0,"enemies":"Cultist","floor":6,"turns":2},{"damage":0,"enemies":"Blue Slaver","floor":7,"turns":2},{"damage":4,"enemies":"The Mushroom Lair","floor":10,"turns":2},{"damage":0,"enemies":"3 Louse","floor":12,"turns":4},{"damage":37,"enemies":"Lagavulin","floor":14,"turns":9},{"damage":13,"enemies":"Hexaghost","floor":16,"turns":12},{"damage":5,"enemies":"Spheric Guardian","floor":18,"turns":5},{"damage":1,"enemies":"2 Thieves","floor":19,"turns":4},{"damage":0,"enemies":"3 Cultists","floor":21,"turns":5},{"damage":24,"enemies":"Snake Plant","floor":27,"turns":2},{"damage":12,"enemies":"Centurion and Healer","floor":29,"turns":2},{"damage":0,"enemies":"3 Cultists","floor":31,"turns":2},{"damage":25,"enemies":"Collector","floor":33,"turns":6},{"damage":61,"enemies":"3 Darklings","floor":35,"turns":2}],"seed_played":"312637966720714604","potions_obtained":[{"floor":7,"key":"ColorlessPotion"},{"floor":10,"key":"LiquidMemories"},{"floor":12,"key":"Dexterity Potion"},{"floor":14,"key":"GamblersBrew"},{"floor":29,"key":"SkillPotion"}],"is_trial":false,"path_per_floor":["M","$","?","$","M","M","M","R","T","?","R","M","$","E","R","B",null,"M","M","?","M","?","R","?","R","T","M","$","M","$","M","R","B",null,"M"],"character_chosen":"THE_WILD_CARD","items_purchased":["MerchantsRug","theWildCard:SeveringSlash","theWildCard:Caesar","theWildCard:MaskChange","theWildCard:TheArcanaUnleashed","theWildCard:PaleRider"],"campfire_rested":2,"item_purchase_floors":[2,2,2,13,28,28],"current_hp_per_floor":[49,49,38,38,38,38,38,54,54,50,50,50,50,13,29,16,54,49,48,48,50,50,50,50,50,50,26,26,14,14,14,29,4,54,0,0],"gold":129,"neow_bonus":"TWO_FIFTY_GOLD","is_daily":false,"chose_seed":false,"campfire_upgraded":3,"win_rate":0.0,"timestamp":1609122506,"path_taken":["M","$","?","$","M","M","M","R","T","?","R","M","$","E","R","BOSS","M","M","?","?","?","R","?","R","T","M","$","M","$","M","R","BOSS","M"],"items_purchased_type":["Relic","Card","Card","Card","Card","Card"],"build_version":"2020-12-22","purchased_purges":1,"victory":false,"max_hp_per_floor":[54,54,54,54,54,54,54,54,54,54,54,54,54,54,54,54,54,54,54,54,54,54,54,54,54,54,54,54,54,54,54,54,54,54,54,54],"card_choices":[{"not_picked":["theWildCard:StalwartBlade","theWildCard:ArcaneArts"],"picked":"theWildCard:MagicalMight","floor":1},{"not_picked":["theWildCard:CryOfAgony","theWildCard:BladeOfGenerations"],"picked":"theWildCard:SeveringSlash","floor":5},{"not_picked":["theWildCard:Abstinence","theWildCard:Polydeuces"],"picked":"theWildCard:ArcanaArtistry","floor":6},{"not_picked":["theWildCard:SacrificialStroke","theWildCard:StalwartBlade"],"picked":"theWildCard:StingingStrike","floor":7},{"not_picked":["theWildCard:StingingStrike","theWildCard:BladeOfGenerations"],"picked":"theWildCard:Polydeuces","floor":10},{"not_picked":["theWildCard:ArcaneArts","theWildCard:MagicMettle"],"picked":"theWildCard:ArchaicAssault","floor":12},{"not_picked":["theWildCard:BladeOfGenerations","theWildCard:Unburden","theWildCard:LadyLuck"],"picked":"SKIP","floor":14},{"not_picked":["theWildCard:TheArcanaUnleashed","theWildCard:ChangingDestiny"],"picked":"theWildCard:Ruination","floor":16},{"not_picked":["theWildCard:Patience+1","theWildCard:SacrificialStroke+1","theWildCard:MaskChange+1"],"picked":"SKIP","floor":18},{"not_picked":["theWildCard:StalwartBlade","theWildCard:BladeOfGenerations+1"],"picked":"theWildCard:ArcaneArts","floor":19},{"not_picked":["theWildCard:Scathach","theWildCard:ArcanaArtistry"],"picked":"theWildCard:Michael+1","floor":21},{"not_picked":["theWildCard:SeveringSlash+1","theWildCard:EnergizedStroke"],"picked":"theWildCard:MagicMettle","floor":27},{"not_picked":["theWildCard:Proficiency","theWildCard:Alice"],"picked":"theWildCard:PaleRider+1","floor":29},{"not_picked":["theWildCard:Sakuya","theWildCard:MasterPlan","theWildCard:Unburden"],"picked":"SKIP","floor":31},{"not_picked":["theWildCard:Thanatos","theWildCard:AllOutAttack"],"picked":"theWildCard:Lucifer","floor":33}],"player_experience":244200,"relics_obtained":[{"floor":10,"key":"Odd Mushroom"},{"floor":14,"key":"Girya"},{"floor":25,"key":"Art of War"},{"floor":26,"key":"Eternal Feather"}],"event_choices":[{"damage_healed":0,"gold_gain":0,"player_choice":"Entered Light","damage_taken":11,"max_hp_gain":0,"max_hp_loss":0,"event_name":"Shining Light","floor":3,"gold_loss":0,"cards_upgraded":["theWildCard:Caesar","theWildCard:BasicStrike"]},{"damage_healed":0,"gold_gain":0,"player_choice":"Fought Mushrooms","damage_taken":0,"max_hp_gain":0,"max_hp_loss":0,"event_name":"Mushrooms","floor":10,"gold_loss":0},{"damage_healed":0,"gold_gain":0,"player_choice":"2 cards matched","damage_taken":0,"max_hp_gain":0,"max_hp_loss":0,"event_name":"Match and Keep!","floor":20,"gold_loss":0,"cards_obtained":["theWildCard:Arsene","theWildCard:Providence"]},{"damage_healed":0,"gold_gain":0,"cards_transformed":["theWildCard:SeveringSlash","theWildCard:BasicStrike"],"player_choice":"Became Test Subject","damage_taken":0,"max_hp_gain":0,"max_hp_loss":0,"event_name":"Drug Dealer","floor":22,"gold_loss":0,"cards_obtained":["theWildCard:PowerOfTheArcana","theWildCard:Ruination"]},{"damage_healed":0,"gold_gain":0,"player_choice":"Stole Relic","damage_taken":0,"relics_obtained":["Shovel"],"max_hp_gain":0,"max_hp_loss":0,"event_name":"Addict","floor":24,"gold_loss":0,"cards_obtained":["Shame"]}],"is_beta":false,"boss_relics":[{"not_picked":["Velvet Choker","Snecko Eye"],"picked":"theWildCard:FigureOfDeath"},{"not_picked":["Philosopher\u0027s Stone","Runic Dome"],"picked":"Cursed Key"}],"items_purged_floors":[30],"is_endless":false,"potions_floor_spawned":[7,10,12,14,29],"killed_by":"3 Darklings","ascension_level":0}}