{"host":"8by3m8mve9y2rhh4","time":1609191060,"event":{"mods":["BaseMod","Minty Spire (QoL Compilation)","Quick Restart"],"gold_per_floor":[118,137,212,226,226,254,277,277,302,331,331,5,25,50,50,150,150,163,163,163,163,173,204,204,220,247,40,50,68,101,118,118,217,217,233,245,295,1,0,0,12,41,41,89,121,121,155,167,167,167,167,167,16,50,50],"floor_reached":56,"playtime":2498,"items_purged":["Strike_G","Strike_G+1"],"score":1394,"play_id":"e0a89285-2f53-49c4-88e7-a0623cb8c878","local_time":"20201228213100","is_ascension_mode":true,"campfire_choices":[{"floor":8,"key":"REST"},{"floor":11,"key":"REST"},{"floor":15,"key":"RECALL"},{"data":"Footwork","floor":24,"key":"SMITH"},{"floor":32,"key":"REST"},{"floor":40,"key":"REST"},{"floor":46,"key":"REST"},{"floor":49,"key":"REST"},{"data":"Envenom","floor":52,"key":"SMITH"}],"circlet_count":0,"master_deck":["Strike_G+1","Strike_G+1","Defend_G+1","Defend_G+1","Defend_G+1","Defend_G+1","Defend_G+1","Survivor","Neutralize","Escape Plan+1","Dash","Dagger Throw+1","Blur","Underhanded Strike","Deadly Poison","Well Laid Plans","Footwork+1","Corpse Explosion","Writhe","Predator","Deadly Poison","Noxious Fumes","Envenom+1","Poisoned Stab","Leg Sweep+1","Footwork+1"],"relics":["Velvet Choker","Blood Vial","Smiling Mask","Happy Flower","TwistedFunnel","Whetstone","Busted Crown","Vajra","Snake Skull","MawBank","Orrery","Orichalcum","SlaversCollar","Girya","Bottled Tornado","Red Mask","MealTicket","Mango","Centennial Puzzle","InkBottle","Singing Bowl","DollysMirror","StoneCalendar"],"acts_visited":["Exordium","TheCity","TheBeyond","TheEnding"],"potions_floor_usage":[6,6,18,23,30,33,42,55],"damage_taken":[{"damage":1,"enemies":"Jaw Worm","floor":1,"turns":5},{"damage":2,"enemies":"Small Slimes","floor":2,"turns":5},{"damage":0,"enemies":"Cultist","floor":4,"turns":4},{"damage":3,"enemies":"Lagavulin","floor":6,"turns":6},{"damage":13,"enemies":"3 Sentries","floor":10,"turns":10},{"damage":2,"enemies":"2 Fungi Beasts","floor":13,"turns":3},{"damage":0,"enemies":"Gremlin Nob","floor":14,"turns":3},{"damage":9,"enemies":"The Guardian","floor":16,"turns":9},{"damage":0,"enemies":"3 Byrds","floor":18,"turns":3},{"damage":5,"enemies":"Chosen","floor":22,"turns":5},{"damage":2,"enemies":"Book of Stabbing","floor":23,"turns":5},{"damage":20,"enemies":"Snake Plant","floor":25,"turns":3},{"damage":0,"enemies":"Snecko","floor":28,"turns":5},{"damage":0,"enemies":"3 Cultists","floor":29,"turns":2},{"damage":16,"enemies":"Slavers","floor":30,"turns":2},{"damage":0,"enemies":"Cultist and Chosen","floor":31,"turns":6},{"damage":40,"enemies":"Collector","floor":33,"turns":9},{"damage":10,"enemies":"Orb Walker","floor":35,"turns":3},{"damage":0,"enemies":"3 Shapes","floor":36,"turns":2},{"damage":15,"enemies":"Mind Bloom Boss Battle","floor":37,"turns":6},{"damage":18,"enemies":"Jaw Worm Horde","floor":41,"turns":2},{"damage":22,"enemies":"Reptomancer","floor":42,"turns":6},{"damage":23,"enemies":"Giant Head","floor":45,"turns":8},{"damage":12,"enemies":"Nemesis","floor":47,"turns":7},{"damage":0,"enemies":"Maw","floor":48,"turns":7},{"damage":54,"enemies":"Time Eater","floor":50,"turns":14},{"damage":37,"enemies":"Shield and Spear","floor":54,"turns":6},{"damage":73,"enemies":"The Heart","floor":55,"turns":11}],"seed_played":"8767415688647176456","potions_obtained":[{"floor":2,"key":"SkillPotion"},{"floor":4,"key":"SkillPotion"},{"floor":10,"key":"PowerPotion"},{"floor":16,"key":"Fire Potion"},{"floor":22,"key":"EssenceOfSteel"},{"floor":28,"key":"SkillPotion"},{"floor":29,"key":"DistilledChaos"},{"floor":31,"key":"FairyPotion"},{"floor":37,"key":"BlessingOfTheForge"},{"floor":45,"key":"SteroidPotion"}],"is_trial":false,"path_per_floor":["M","M","?","M","?","E","T","R","T","E","R","$","M","E","R","B",null,"M","?","?","?","M","E","R","M","T","$","M","M","E","M","R","B",null,"M","M","?","$","?","R","M","E","T","T","E","R","E","M","R","B",null,"R","$","E","B",null],"character_chosen":"THE_SILENT","items_purchased":["Deadly Poison","TwistedFunnel","Well Laid Plans","Noxious Fumes","Orrery","Bottled Tornado","DollysMirror"],"campfire_rested":6,"item_purchase_floors":[12,12,12,27,27,38,53],"current_hp_per_floor":[69,67,56,56,42,39,39,60,60,49,70,70,68,70,70,61,70,70,70,70,70,65,65,65,47,47,47,49,51,37,39,60,22,70,60,62,49,49,49,70,52,32,46,46,25,50,42,46,72,20,88,88,88,53,9],"gold":50,"neow_bonus":"BOSS_RELIC","is_daily":false,"chose_seed":false,"campfire_upgraded":2,"win_rate":0.0,"timestamp":1609191060,"path_taken":["M","M","?","M","?","E","?","R","T","E","R","$","M","E","R","BOSS","M","?","?","?","M","E","R","M","T","$","M","M","E","M","R","BOSS","M","?","?","$","?","R","M","E","T","?","E","R","E","M","R","BOSS","R","$","E","BOSS"],"items_purchased_type":["Card","Relic","Card","Card","Relic","Relic","Relic"],"build_version":"2020-12-22","purchased_purges":2,"victory":true,"max_hp_per_floor":[70,70,70,70,70,70,70,70,70,70,70,70,70,70,70,70,70,70,70,70,70,70,70,70,70,70,70,70,70,70,70,70,70,70,70,70,70,70,70,70,70,70,84,84,84,84,86,88,88,88,88,88,88,90,90],"card_choices":[{"not_picked":["Prepared","Sucker Punch"],"picked":"Escape Plan","floor":1},{"not_picked":["Expertise","Blade Dance"],"picked":"Dash","floor":2},{"not_picked":["Slice","Outmaneuver"],"picked":"Dagger Throw","floor":4},{"not_picked":["Quick Slash","Doppelganger"],"picked":"Blur","floor":6},{"not_picked":["All Out Attack","Cloak And Dagger"],"picked":"Underhanded Strike","floor":10},{"not_picked":["Acrobatics","Blade Dance","Flying Knee"],"picked":"SKIP","floor":13},{"not_picked":["Leg Sweep","Distraction"],"picked":"Footwork","floor":14},{"not_picked":["Venomology","Night Terror"],"picked":"Corpse Explosion","floor":16},{"not_picked":["Deflect"],"picked":"SKIP","floor":18},{"not_picked":["Outmaneuver+1"],"picked":"SKIP","floor":22},{"not_picked":[],"picked":"Deadly Poison","floor":23},{"not_picked":["Masterful Stab"],"picked":"SKIP","floor":25},{"not_picked":[],"picked":"Envenom","floor":27},{"not_picked":[],"picked":"Poisoned Stab","floor":28},{"not_picked":["Acrobatics"],"picked":"SKIP","floor":29},{"not_picked":["Outmaneuver"],"picked":"SKIP","floor":30},{"not_picked":["Blade Dance+1"],"picked":"SKIP","floor":31},{"not_picked":["Backflip"],"picked":"SKIP","floor":35},{"not_picked":["Backflip"],"picked":"SKIP","floor":36},{"not_picked":["PiercingWail+1"],"picked":"SKIP","floor":41},{"not_picked":["Dodge and Roll"],"picked":"SKIP","floor":42},{"not_picked":[],"picked":"Leg Sweep+1","floor":45},{"not_picked":["Cloak And Dagger"],"picked":"Singing Bowl","floor":47},{"not_picked":["Poisoned Stab+1"],"picked":"Singing Bowl","floor":48},{"not_picked":["Poisoned Stab+1"],"picked":"Singing Bowl","floor":54}],"player_experience":614785,"relics_obtained":[{"floor":6,"key":"Blood Vial"},{"floor":7,"key":"Smiling Mask"},{"floor":10,"key":"Happy Flower"},{"floor":14,"key":"Whetstone"},{"floor":23,"key":"Snake Skull"},{"floor":26,"key":"MawBank"},{"floor":30,"key":"Orichalcum"},{"floor":37,"key":"Girya"},{"floor":42,"key":"MealTicket"},{"floor":43,"key":"Mango"},{"floor":44,"key":"Centennial Puzzle"},{"floor":45,"key":"InkBottle"},{"floor":47,"key":"Singing Bowl"},{"floor":54,"key":"StoneCalendar"}],"event_choices":[{"damage_healed":0,"gold_gain":75,"player_choice":"Gather Gold","damage_taken":11,"max_hp_gain":0,"max_hp_loss":0,"event_name":"World of Goop","floor":3,"gold_loss":0},{"damage_healed":0,"gold_gain":0,"player_choice":"Entered Light","damage_taken":14,"max_hp_gain":0,"max_hp_loss":0,"event_name":"Shining Light","floor":5,"gold_loss":0,"cards_upgraded":["Defend_G","Escape Plan"]},{"damage_healed":0,"gold_gain":0,"player_choice":"Simplicity","damage_taken":0,"max_hp_gain":0,"max_hp_loss":0,"event_name":"Back to Basics","floor":19,"gold_loss":0,"cards_upgraded":["Strike_G","Strike_G","Strike_G","Defend_G","Defend_G","Defend_G","Defend_G"]},{"damage_healed":0,"gold_gain":0,"player_choice":"Opened","damage_taken":0,"relics_obtained":["Vajra"],"max_hp_gain":0,"max_hp_loss":0,"event_name":"The Mausoleum","floor":20,"gold_loss":0,"cards_obtained":["Writhe"]},{"damage_healed":0,"gold_gain":0,"cards_transformed":["Strike_G"],"player_choice":"Transformed","damage_taken":0,"max_hp_gain":0,"max_hp_loss":0,"event_name":"Transmorgrifier","floor":21,"gold_loss":0,"cards_obtained":["Predator"]},{"damage_healed":0,"gold_gain":0,"player_choice":"Fight","damage_taken":0,"max_hp_gain":0,"max_hp_loss":0,"event_name":"MindBloom","floor":37,"gold_loss":0},{"damage_healed":0,"gold_gain":0,"player_choice":"Paid","damage_taken":0,"relics_obtained":["Red Mask"],"max_hp_gain":0,"max_hp_loss":0,"event_name":"Tomb of Lord Red Mask","floor":39,"gold_loss":1}],"is_beta":false,"boss_relics":[{"not_picked":["Coffee Dripper","Ectoplasm"],"picked":"Busted Crown"},{"not_picked":["Cursed Key","Sozu"],"picked":"SlaversCollar"}],"items_purged_floors":[12,38],"is_endless":false,"potions_floor_spawned":[2,4,10,16,22,28,29,31,37,45],"ascension_level":1}}