{"host":"f5n4tidiz2n5sooh","time":1609161213,"event":{"mods":["BaseMod","Bestiary","Colored Map","Minty Spire (QoL Compilation)","Relic Stats","StSLib"],"gold_per_floor":[112,126,126,156,243,255,267,279,279],"floor_reached":8,"playtime":164,"items_purged":[],"score":92,"play_id":"add1c499-8433-4e59-a3b2-0faca6bbb78f","local_time":"20201228071333","is_ascension_mode":true,"campfire_choices":[{"floor":6,"key":"REST"}],"circlet_count":0,"master_deck":["AscendersBane","Strike_R","Strike_R","Strike_R","Strike_R","Strike_R","Defend_R","Defend_R","Defend_R","Defend_R","Bash","Pommel Strike","Carnage","Thunderclap"],"relics":["Runic Cube","MawBank"],"acts_visited":["Exordium"],"potions_floor_usage":[],"damage_taken":[{"damage":13,"enemies":"2 Louse","floor":1,"turns":3},{"damage":16,"enemies":"Jaw Worm","floor":2,"turns":5},{"damage":0,"enemies":"Cultist","floor":4,"turns":2},{"damage":45,"enemies":"3 Sentries","floor":8,"turns":6}],"seed_played":"3150418467931836962","potions_obtained":[],"is_trial":false,"path_per_floor":["M","M","?","M","?","R","?","E"],"character_chosen":"IRONCLAD","items_purchased":[],"campfire_rested":1,"item_purchase_floors":[],"current_hp_per_floor":[55,39,28,28,17,39,44,0,0],"gold":279,"neow_bonus":"BOSS_RELIC","is_daily":false,"chose_seed":false,"campfire_upgraded":0,"win_rate":0.0,"timestamp":1609161213,"path_taken":["M","M","?","M","?","R","?","E"],"items_purchased_type":[],"build_version":"2020-12-22","purchased_purges":0,"victory":false,"max_hp_per_floor":[75,75,75,75,75,75,80,80,80],"relic_stats":{"counters":[4,16],"MawBank":60,"obtain_stats":[{"MawBank":3,"Burning Blood":0,"Runic Cube":0},{"MawBank":2,"Burning Blood":0,"Runic Cube":0},{"MawBank":8,"Burning Blood":0,"Runic Cube":0}],"Runic Cube":[11]},"card_choices":[{"not_picked":["Clothesline","Intimidate"],"picked":"Pommel Strike","floor":1},{"not_picked":["Sword Boomerang","Dropkick"],"picked":"Carnage","floor":2},{"not_picked":["Twin Strike","Wild Strike"],"picked":"Thunderclap","floor":4}],"player_experience":1940553,"relics_obtained":[],"event_choices":[{"damage_healed":0,"gold_gain":0,"player_choice":"Success","damage_taken":11,"relics_obtained":["MawBank"],"max_hp_gain":0,"max_hp_loss":0,"event_name":"Scrap Ooze","floor":3,"gold_loss":0},{"damage_healed":0,"gold_gain":75,"player_choice":"Gather Gold","damage_taken":11,"max_hp_gain":0,"max_hp_loss":0,"event_name":"World of Goop","floor":5,"gold_loss":0},{"damage_healed":0,"gold_gain":0,"player_choice":"Donut","damage_taken":0,"max_hp_gain":5,"max_hp_loss":0,"event_name":"Big Fish","floor":7,"gold_loss":0}],"is_beta":false,"boss_relics":[],"items_purged_floors":[],"is_endless":false,"potions_floor_spawned":[],"killed_by":"3 Sentries","ascension_level":20}}