{"host":"6vv0uythevi5qk1w","time":1609171694,"event":{"mods":["Act Like it!","BaseMod","Downfall","Gensokyo","Minty Spire (QoL Compilation)","Remilia£®¿Ÿ√◊¿Ú—«£©","StSLib"],"gold_per_floor":[363,378,308,322,322,353,353,51,100,180,180,207,207,226,226,300,312,334,346,519,541,553,596,619,631,631],"floor_reached":25,"playtime":1524,"items_purged":[],"score":407,"play_id":"469966a1-22df-4943-9591-fc6976d0f178","local_time":"20201229000814","is_ascension_mode":true,"campfire_choices":[{"floor":7.0,"key":"REST"},{"data":"Pommel Strike","floor":11.0,"key":"SMITH"},{"data":"Armaments","floor":13.0,"key":"SMITH"},{"data":"Demon Form","floor":15.0,"key":"SMITH"}],"circlet_count":0,"master_deck":["AscendersBane","Strike_R","Strike_R","Strike_R","Defend_R","Defend_R","Defend_R+1","Defend_R","Bash","Spot Weakness+1","Pommel Strike+1","Power Through","Sword Boomerang","Armaments+1","Demon Form+1","Whirlwind","Limit Break","Limit Break","Shrug It Off"],"relics":["Burning Blood","Regal Pillow","Unceasing Top","Sling","Red Skull","Happy Flower","MawBank","Coffee Dripper","Charon\u0027s Ashes"],"acts_visited":["Exordium","Gensokyo:Gensokyo"],"potions_floor_usage":[25],"damage_taken":[{"damage":20.0,"enemies":"Gensokyo:3_Fairies","floor":1.0,"turns":6.0},{"damage":15.0,"enemies":"Gensokyo:2_Kodama","floor":2.0,"turns":4.0},{"damage":6.0,"enemies":"Gensokyo:Gryphon","floor":4.0,"turns":4.0},{"damage":25.0,"enemies":"Gensokyo:Aya","floor":6.0,"turns":8.0},{"damage":5.0,"enemies":"Gensokyo:Cirno","floor":12.0,"turns":6.0},{"damage":3.0,"enemies":"Gensokyo:2_Rabbits","floor":14.0,"turns":7.0},{"damage":16.0,"enemies":"Gensokyo:Reimu","floor":16.0,"turns":10.0},{"damage":5.0,"enemies":"Gensokyo:AngelMirror","floor":18.0,"turns":3.0},{"damage":36.0,"enemies":"Gensokyo:3_Dogs","floor":20.0,"turns":5.0},{"damage":28.0,"enemies":"Gensokyo:Slime_Group","floor":21.0,"turns":4.0},{"damage":9.0,"enemies":"Gensokyo:Koishi","floor":23.0,"turns":2.0},{"damage":12.0,"enemies":"Gensokyo:Monolith_and_Dog","floor":24.0,"turns":4.0},{"damage":23,"enemies":"Gensokyo:Swordslinger","floor":25,"turns":1}],"seed_played":"-5536759125865807769","potions_obtained":[{"floor":1.0,"key":"Ancient Potion"},{"floor":2.0,"key":"Block Potion"},{"floor":6.0,"key":"HeartOfIron"},{"floor":18.0,"key":"champ:CounterPotion"},{"floor":21.0,"key":"Slimebound:ThreeZeroPotion"}],"is_trial":false,"path_per_floor":["M","M","?","M","?","E","R","COS","T","?","R","E","R","M","R","B",null,"M","?","M","M","?","E","M","M"],"character_chosen":"IRONCLAD","items_purchased":[],"campfire_rested":1,"item_purchase_floors":[],"current_hp_per_floor":[54,45,45,45,30,11,48,48,48,48,48,49,49,52,52,42,67,68,68,38,16,16,13,7,0,0],"gold":631,"neow_bonus":"TWO_FIFTY_GOLD","is_daily":false,"chose_seed":false,"campfire_upgraded":3,"win_rate":0.0,"timestamp":1609171694,"path_taken":["M","M","?","M","?","E","R","COS","T","?","R","E","R","M","R","BOSS","M","?","?","M","?","E","M","M"],"items_purchased_type":[],"build_version":"2020-12-22","purchased_purges":0,"victory":false,"max_hp_per_floor":[75,75,75,75,75,75,75,75,75,75,75,75,75,75,75,75,75,75,75,75,75,75,75,75,75,75],"card_choices":[{"not_picked":["Twin Strike","Anger"],"picked":"Spot Weakness","floor":1.0},{"not_picked":["Warcry","Brutality"],"picked":"Pommel Strike","floor":2.0},{"not_picked":["Pommel Strike","Combust"],"picked":"Power Through","floor":4.0},{"not_picked":["Flex","Anger"],"picked":"Sword Boomerang","floor":6.0},{"not_picked":["Wild Strike","Sword Boomerang"],"picked":"Armaments","floor":12.0},{"not_picked":["Impervious","Bludgeon"],"picked":"Demon Form","floor":14.0},{"not_picked":["Carnage","Shrug It Off"],"picked":"Whirlwind","floor":14.0},{"not_picked":["Corruption","Bludgeon"],"picked":"Limit Break","floor":16.0},{"not_picked":["Reckless Charge","Pommel Strike","Power Through"],"picked":"SKIP","floor":18.0},{"not_picked":["Reckless Charge","Wild Strike","Perfected Strike"],"picked":"SKIP","floor":20.0},{"not_picked":["Carnage","Headbutt","Clothesline"],"picked":"SKIP","floor":21.0},{"not_picked":["Uppercut+1","Seeing Red"],"picked":"Limit Break","floor":23.0},{"not_picked":["Clothesline","Spot Weakness"],"picked":"Shrug It Off","floor":24.0}],"player_experience":444564,"relics_obtained":[{"floor":6.0,"key":"Unceasing Top"},{"floor":9.0,"key":"Red Skull"},{"floor":12.0,"key":"Orichalcum"},{"floor":23.0,"key":"Charon\u0027s Ashes"}],"event_choices":[],"is_beta":false,"boss_relics":[{"not_picked":["Cursed Key","Black Blood"],"picked":"Coffee Dripper"}],"items_purged_floors":[],"is_endless":false,"potions_floor_spawned":[1,2,6,18,21],"killed_by":"Gensokyo:Swordslinger","ascension_level":14}}