{"host":"95i1gxnztdrdyvhi","time":1609198338,"event":{"mods":["AchievementEnabler","Act Like it!","BaseMod","Downfall","Minty Spire (QoL Compilation)","Quick Restart","StSLib"],"gold_per_floor":[99,99,48,48,48,113,113,147,147,247,259,259,294,306,319,419,419,344,355,355,375,385,310,310,320,320,348,348,389,413,31,50,162,162,162,191,203,203,85,156,156,176,210,210,225,150,170,11,25,25,25,61,61,61,61],"floor_reached":56,"playtime":4208,"items_purged":["champ:Strike","champ:Strike","champ:Strike"],"score":1850,"play_id":"b642312a-4d19-4f30-bfc1-8407fe058b8d","local_time":"20201228233218","is_ascension_mode":false,"campfire_choices":[{"data":"champ:Taunt","floor":1.0,"key":"SMITH"},{"data":"champ:Duel","floor":9.0,"key":"SMITH"},{"data":"champ:FocusedBerserking","floor":12.0,"key":"SMITH"},{"floor":18,"key":"RECALL"},{"data":"champ:Backstep","floor":23,"key":"SMITH"},{"data":"champ:SwordSigil","floor":26,"key":"SMITH"},{"data":"champ:Backstep","floor":35,"key":"SMITH"},{"data":"champ:BerserkerStyle","floor":46,"key":"SMITH"},{"data":"champ:GutPunch","floor":54,"key":"SMITH"}],"circlet_count":0,"master_deck":["champ:Strike","champ:Defend","champ:Defend","champ:Defend","champ:Defend","champ:Execute+1","champ:Taunt+1","champ:Duel+1","champ:BringItOn","champ:AdrenalArmor","champ:SwordSigil+1","champ:Shatter","champ:FocusedBerserking+1","champ:HeartStrike","champ:VampiricStrike+1","champ:BerserkersShout","champ:Backstep+1","champ:Backstep+1","champ:GutPunch+1","champ:Encircle+1","champ:EnchantCrown","champ:DeathBlow","champ:BerserkerStyle+1","champ:GutPunch+1","champ:AdrenalArmor","champ:SwordSigil+1"],"relics":["champ:ChampionCrown","downfall:HeartsMalice","champ:LiftRelic","Happy Flower","champ:FightingForDummies","Bronze Scales","WristBlade","Matryoshka","Sozu","downfall:HeartBlessingGreen","downfall:HeartBlessingRed","Toy Ornithopter","Anchor","Pantograph","CeramicFish","PreservedInsect","Oddly Smooth Stone","Black Star","Membership Card","Gremlin Horn","Orichalcum","Kunai","Mercury Hourglass","champ:SpectersHand","Shuriken","downfall:HeartBlessingBlue","Whetstone","Lantern","Bag of Preparation"],"acts_visited":["Exordium","TheCity","TheBeyond","TheEnding"],"potions_floor_usage":[16,21,21],"damage_taken":[{"damage":0.0,"enemies":"Small Slimes","floor":2.0,"turns":1.0},{"damage":0.0,"enemies":"downfall:FleeingMerchant","floor":3.0,"turns":1.0},{"damage":0.0,"enemies":"Jaw Worm","floor":5.0,"turns":1.0},{"damage":35.0,"enemies":"3 Sentries","floor":6.0,"turns":13.0},{"damage":20.0,"enemies":"Gremlin Nob","floor":8.0,"turns":4.0},{"damage":18.0,"enemies":"Gremlin Nob","floor":10.0,"turns":5.0},{"damage":0.0,"enemies":"Cultist","floor":11.0,"turns":3.0},{"damage":30.0,"enemies":"Lagavulin","floor":13.0,"turns":6.0},{"damage":32.0,"enemies":"2 Fungi Beasts","floor":14.0,"turns":3.0},{"damage":7.0,"enemies":"Exordium Thugs","floor":15.0,"turns":3.0},{"damage":68,"enemies":"downfall:Defect","floor":16,"turns":7},{"damage":15,"enemies":"3 Byrds","floor":19,"turns":3},{"damage":34,"enemies":"Sentry and Sphere","floor":21,"turns":5},{"damage":27,"enemies":"Snecko","floor":22,"turns":6},{"damage":10,"enemies":"Snake Plant","floor":25,"turns":3},{"damage":8,"enemies":"Book of Stabbing","floor":27,"turns":5},{"damage":62,"enemies":"Slavers","floor":29,"turns":7},{"damage":43,"enemies":"Centurion and Healer","floor":30,"turns":3},{"damage":57,"enemies":"downfall:FleeingMerchant","floor":31,"turns":4},{"damage":43,"enemies":"3 Cultists","floor":32,"turns":5},{"damage":58,"enemies":"downfall:Watcher","floor":33,"turns":7},{"damage":46,"enemies":"3 Shapes","floor":36,"turns":5},{"damage":35,"enemies":"Orb Walker","floor":37,"turns":3},{"damage":53,"enemies":"downfall:FleeingMerchant","floor":39,"turns":4},{"damage":56,"enemies":"Spire Growth","floor":42,"turns":4},{"damage":45,"enemies":"Reptomancer","floor":43,"turns":4},{"damage":51,"enemies":"Jaw Worm Horde","floor":45,"turns":3},{"damage":44,"enemies":"3 Darklings","floor":47,"turns":4},{"damage":64,"enemies":"4 Shapes","floor":49,"turns":3},{"damage":141,"enemies":"downfall:Silent","floor":50,"turns":9},{"damage":80,"enemies":"downfall:CharBossMerchant","floor":52,"turns":7},{"damage":348,"enemies":"downfall:NeowBoss","floor":55,"turns":23}],"seed_played":"1736954196685625995","potions_obtained":[{"floor":8.0,"key":"SkillPotion"},{"floor":10.0,"key":"champ:OpenerPotion"},{"floor":13.0,"key":"hexamod:EctoCoolerPotion"}],"is_trial":false,"path_per_floor":["R","M","$","?","M","?","T","E","R","?","M","R","E","M","M","B",null,"R","M","?","M","M","R","T","M","R","E","?","E","M","$","M","B",null,"R","M","M","?","$","T","T","M","E","?","M","R","M","$","M","B",null,"E","$","R","B",null],"character_chosen":"THE_CHAMP","items_purchased":["champ:AdrenalArmor","PreservedInsect","Oddly Smooth Stone","Membership Card","Gremlin Horn","champ:BerserkerStyle","Orichalcum","champ:AdrenalArmor","Whetstone"],"campfire_rested":0,"item_purchase_floors":[3,31,31,39,39,39,39,48,48],"current_hp_per_floor":[90,90,90,90,90,73,73,65,65,57,57,57,57,47,47,10,90,90,90,90,90,90,90,90,90,90,90,90,73,73,89,88,90,90,90,89,89,89,90,90,90,72,90,90,86,96,82,82,100,51,100,100,100,100,88],"gold":61,"neow_bonus":"THREE_ENEMY_KILL","is_daily":false,"chose_seed":false,"campfire_upgraded":8,"win_rate":0.0,"timestamp":1609198338,"path_taken":["R","M","$","?","M","?","T","E","R","?","?","R","E","M","M","BOSS","R","M","?","M","M","R","T","M","R","E","?","E","M","$","M","BOSS","R","M","?","?","$","?","T","M","E","?","M","R","M","$","M","BOSS","E","$","R","BOSS"],"items_purchased_type":["Card","Relic","Relic","Relic","Relic","Card","Relic","Card","Relic"],"build_version":"2020-12-22","purchased_purges":3,"victory":true,"max_hp_per_floor":[90,90,90,90,90,90,90,90,90,90,90,90,90,90,90,90,90,90,90,90,90,90,90,90,90,90,90,90,90,90,90,90,90,90,90,90,90,90,90,90,90,90,90,90,90,100,100,100,100,100,100,100,100,100,100],"card_choices":[{"not_picked":["champ:FaceSlap","champ:FlashCut"],"picked":"champ:Duel","floor":2.0},{"not_picked":["champ:Riposte","champ:CalledShot"],"picked":"champ:BringItOn","floor":3.0},{"not_picked":["champ:FlashCut","champ:Haymaker","champ:Circumvent"],"picked":"SKIP","floor":5.0},{"not_picked":["champ:FanOfKnives","champ:Balance"],"picked":"champ:SwordSigil","floor":6.0},{"not_picked":["champ:TornadoPunch","champ:RisingSlash"],"picked":"champ:Shatter","floor":8.0},{"not_picked":["champ:ShieldSigil","champ:Circumvent"],"picked":"champ:FocusedBerserking","floor":10.0},{"not_picked":["champ:Haymaker","champ:Aggression","champ:FocusedGladiator"],"picked":"SKIP","floor":11.0},{"not_picked":["champ:Control","champ:DefensiveShout","champ:BladeFlurry"],"picked":"SKIP","floor":13.0},{"not_picked":["champ:ShieldWall","champ:Aggression"],"picked":"champ:HeartStrike","floor":14.0},{"not_picked":["champ:Circumvent","champ:BringItOn","champ:Control"],"picked":"SKIP","floor":15},{"not_picked":["champ:ShieldSlam","champ:HeavySlash"],"picked":"champ:VampiricStrike","floor":16},{"not_picked":["champ:GladiatorStyle+1","champ:CrookedStrike"],"picked":"champ:BerserkersShout","floor":19},{"not_picked":["champ:BerserkersShout","champ:Circumvent"],"picked":"champ:Backstep","floor":21},{"not_picked":["champ:TornadoPunch","champ:Haymaker","champ:GladiatorsShout+1"],"picked":"SKIP","floor":22},{"not_picked":["champ:CalledShot","champ:TornadoPunch+1","champ:SwordThrow"],"picked":"SKIP","floor":25},{"not_picked":["champ:BladeFlurry","champ:Control","champ:CheapShot"],"picked":"SKIP","floor":27},{"not_picked":["champ:BerserkersShout","champ:EnragedBash"],"picked":"champ:Backstep","floor":29},{"not_picked":["champ:BerserkersShout","champ:FocusedBerserking+1"],"picked":"champ:GutPunch+1","floor":30},{"not_picked":["champ:RageSigil","champ:Duel+1","champ:Balance+1"],"picked":"SKIP","floor":31},{"not_picked":["champ:DefensiveShout","champ:PerfectedStrike"],"picked":"champ:Encircle+1","floor":32},{"not_picked":["champ:IgnorePain","champ:EnchantShield"],"picked":"champ:EnchantCrown","floor":33},{"not_picked":["champ:StanceDance","champ:FalseCounter"],"picked":"champ:DeathBlow","floor":36},{"not_picked":["champ:Circumvent+1","champ:TornadoPunch","champ:PerfectedStrike"],"picked":"SKIP","floor":37},{"not_picked":["champ:ShieldWall+1","champ:TornadoPunch+1","champ:FaceSlap+1"],"picked":"SKIP","floor":39},{"not_picked":["champ:RisingSlash+1","champ:Haymaker","champ:Circumvent+1"],"picked":"SKIP","floor":42},{"not_picked":["champ:CrookedStrike+1","champ:RisingSlash","champ:DancingMaster"],"picked":"SKIP","floor":43},{"not_picked":["champ:Circumvent+1","champ:DefensiveStyle+1","champ:FalseCounter+1"],"picked":"SKIP","floor":45},{"not_picked":["champ:StanceDance+1","champ:FanOfKnives"],"picked":"champ:GutPunch","floor":47},{"not_picked":["champ:BerserkersShout","champ:ViciousMockery","champ:BladeFlurry"],"picked":"SKIP","floor":49},{"not_picked":["champ:StrikeOfGenius","champ:RapidStrikes"],"picked":"champ:SwordSigil+1","floor":52}],"player_experience":811161,"relics_obtained":[{"floor":6.0,"key":"Happy Flower"},{"floor":7.0,"key":"champ:FightingForDummies"},{"floor":8.0,"key":"Bronze Scales"},{"floor":10.0,"key":"WristBlade"},{"floor":13.0,"key":"Matryoshka"},{"floor":24,"key":"Toy Ornithopter"},{"floor":24,"key":"Anchor"},{"floor":27,"key":"Pantograph"},{"floor":29,"key":"CeramicFish"},{"floor":40,"key":"Kunai"},{"floor":40,"key":"Mercury Hourglass"},{"floor":43,"key":"champ:SpectersHand"},{"floor":43,"key":"Shuriken"},{"floor":52,"key":"Lantern"},{"floor":52,"key":"Bag of Preparation"}],"event_choices":[{"damage_healed":0,"gold_gain":0,"player_choice":"Ignored","damage_taken":0,"max_hp_gain":0,"max_hp_loss":0,"event_name":"Vampires","floor":20,"gold_loss":0},{"damage_healed":0,"gold_gain":0,"player_choice":"Leave","damage_taken":0,"max_hp_gain":0,"max_hp_loss":0,"event_name":"FaceTrader","floor":28,"gold_loss":0},{"damage_healed":0,"gold_gain":0,"player_choice":"Ignored","damage_taken":0,"max_hp_gain":0,"max_hp_loss":0,"event_name":"NoteForYourself","floor":38,"gold_loss":0}],"is_beta":false,"boss_relics":[{"not_picked":["Snecko Eye","Runic Pyramid"],"picked":"Sozu"},{"not_picked":["champ:ChampionCrownUpgraded","Astrolabe"],"picked":"Black Star"}],"items_purged_floors":[31,39,48],"is_endless":false,"potions_floor_spawned":[8,10,13,14,19,25,30,33,37,42,49,52],"ascension_level":0}}