{"host":"e4jlzdgap3yn3qj8","time":1609182244,"event":{"mods":["AchievementEnabler","BaseMod","Bestiary","Block Reminder","Colored Powertips","Curses Come First","Downfall","Highlight Path","Minty Spire (QoL Compilation)","Quick Restart","Random Character Button","Rare Cards Sparkle","StSLib"],"gold_per_floor":[99,116,266,277,294,219,219,238,251,10,10,40,40,60,71,172,172,172,172,172,172,172,35,35,35,35],"floor_reached":25,"playtime":1691,"items_purged":["Slimebound:Icky"],"score":255,"play_id":"0127c13f-2b9f-43d5-a044-732ba5804b60","local_time":"20201228140404","is_ascension_mode":false,"campfire_choices":[{"floor":1,"key":"RECALL"},{"floor":6,"key":"REST"},{"data":"sneckomod:UnlimitedRolls","floor":13,"key":"SMITH"},{"data":"sneckomod:SnekBeam","floor":18,"key":"SMITH"}],"circlet_count":0,"master_deck":["sneckomod:Strike","sneckomod:Strike","sneckomod:Strike","sneckomod:Defend","sneckomod:Defend","sneckomod:Defend","sneckomod:TailWhip","sneckomod:SnekBite","sneckomod:Unknown","sneckomod:Unknown","sneckomod:DiceCrush","sneckomod:Unknown1Cost","sneckomod:QuickMove","sneckomod:UnlimitedRolls+1","sneckomod:Unknown1Cost","sneckomod:Unknown0Cost","sneckomod:SnekBeam+1","sneckomod:SlitherStrike","sneckomod:UnknownClassHEXA_GHOST_PURPLE","sneckomod:RainOfDice","sneckomod:UnknownRareAttack","sneckomod:UnknownCommonAttack+1","sneckomod:UnknownBlock","sneckomod:SnakeSap","sneckomod:MorePower","sneckomod:DiceBlock"],"relics":["sneckomod:SneckoSoul","downfall:HeartBlessingRed","Bag of Preparation","Strawberry","downfall:Hecktoplasm","downfall:HeartBlessingBlue","MutagenicStrength","Bottled Tornado"],"acts_visited":["Exordium","TheCity"],"potions_floor_usage":[5,12,12,16,16,16,16,20,20,25],"damage_taken":[{"damage":10,"enemies":"Jaw Worm","floor":2,"turns":5},{"damage":6,"enemies":"Cultist","floor":4,"turns":2},{"damage":2,"enemies":"2 Louse","floor":5,"turns":2},{"damage":1,"enemies":"Exordium Wildlife","floor":8,"turns":3},{"damage":17,"enemies":"Large Slime","floor":9,"turns":7},{"damage":0,"enemies":"downfall:FleeingMerchant","floor":10,"turns":4},{"damage":3,"enemies":"Lagavulin","floor":12,"turns":6},{"damage":12,"enemies":"2 Fungi Beasts","floor":14,"turns":4},{"damage":0,"enemies":"3 Louse","floor":15,"turns":5},{"damage":28,"enemies":"downfall:Ironclad","floor":16,"turns":6},{"damage":18,"enemies":"3 Byrds","floor":19,"turns":6},{"damage":21,"enemies":"Shell Parasite","floor":20,"turns":3},{"damage":24,"enemies":"Snake Plant","floor":21,"turns":5},{"damage":7,"enemies":"downfall:FleeingMerchant","floor":23,"turns":4},{"damage":79,"enemies":"Slavers","floor":25,"turns":4}],"seed_played":"-2039596548573397111","potions_obtained":[{"floor":2,"key":"LiquidMemories"},{"floor":4,"key":"BlessingOfTheForge"},{"floor":9,"key":"champ:CounterPotion"},{"floor":11,"key":"downfall:CursedFountainPotion"},{"floor":12,"key":"EntropicBrew"},{"floor":15,"key":"PowerPotion"},{"floor":19,"key":"ColorlessPotion"},{"floor":21,"key":"Regen Potion"}],"is_trial":false,"path_per_floor":["R","M","?","M","M","R","T","M","M","$","?","E","R","M","M","B",null,"R","M","M","M","?","$","T","E"],"character_chosen":"THE_SNECKO","items_purchased":["Bag of Preparation","sneckomod:SnekBeam","sneckomod:DiceBlock"],"campfire_rested":1,"item_purchase_floors":[10,10,23],"current_hp_per_floor":[99,89,89,84,82,100,100,99,83,84,84,88,88,81,81,58,111,121,104,84,60,60,53,53,0,0],"gold":35,"neow_bonus":"TEN_PERCENT_HP_BONUS","is_daily":false,"chose_seed":false,"campfire_upgraded":2,"win_rate":0.0,"timestamp":1609182244,"path_taken":["R","M","?","M","M","R","T","M","M","$","?","E","R","M","M","BOSS","R","M","M","?","?","?","T","E"],"items_purchased_type":["Relic","Card","Card"],"build_version":"2020-12-22","purchased_purges":1,"victory":false,"max_hp_per_floor":[99,99,99,100,100,100,100,100,101,102,102,109,109,110,110,111,111,121,122,123,123,123,123,123,123,123],"card_choices":[{"not_picked":["sneckomod:MasterEye","sneckomod:DiceBlock"],"picked":"sneckomod:DiceCrush","floor":2},{"not_picked":["sneckomod:DiceBlock","sneckomod:QuickMove"],"picked":"sneckomod:Unknown1Cost","floor":4},{"not_picked":["sneckomod:DiceBlock","sneckomod:SoulCleanse"],"picked":"sneckomod:QuickMove","floor":5},{"not_picked":["sneckomod:UnknownBlock","sneckomod:UnknownClassPURPLE"],"picked":"sneckomod:UnlimitedRolls","floor":8},{"not_picked":["sneckomod:DiceCrush","sneckomod:SoulDraw"],"picked":"sneckomod:Unknown1Cost","floor":9},{"not_picked":["sneckomod:UnknownBlock","sneckomod:UnknownClassHEXA_GHOST_PURPLE"],"picked":"sneckomod:Unknown0Cost","floor":10},{"not_picked":["sneckomod:Restock","sneckomod:SoulDraw"],"picked":"sneckomod:SlitherStrike","floor":12},{"not_picked":["sneckomod:UnknownUncommonPower","sneckomod:Nope"],"picked":"sneckomod:UnknownClassHEXA_GHOST_PURPLE","floor":14},{"not_picked":["sneckomod:DiceBoulder","sneckomod:Nope"],"picked":"sneckomod:RainOfDice","floor":15},{"not_picked":["sneckomod:DangerNoodle","sneckomod:Unknown3Cost"],"picked":"sneckomod:UnknownRareAttack","floor":16},{"not_picked":["sneckomod:DiceCrush","sneckomod:DiceBlock"],"picked":"sneckomod:UnknownCommonAttack+1","floor":19},{"not_picked":["sneckomod:QuickBite","sneckomod:DefensiveFlair"],"picked":"sneckomod:UnknownBlock","floor":20},{"not_picked":["sneckomod:UnknownCommonAttack","sneckomod:CheapStock"],"picked":"sneckomod:SnakeSap","floor":21},{"not_picked":["sneckomod:IronFang","sneckomod:Unknown2Cost+1"],"picked":"sneckomod:MorePower","floor":23}],"player_experience":46631,"relics_obtained":[{"floor":12,"key":"Strawberry"},{"floor":24,"key":"Bottled Tornado"}],"event_choices":[{"damage_healed":0,"gold_gain":0,"player_choice":"Inject Mutagens","damage_taken":0,"relics_obtained":["MutagenicStrength"],"max_hp_gain":0,"max_hp_loss":0,"event_name":"Drug Dealer","floor":22,"gold_loss":0}],"is_beta":false,"boss_relics":[{"not_picked":["Busted Crown","Astrolabe"],"picked":"downfall:Hecktoplasm"}],"items_purged_floors":[23],"is_endless":false,"potions_floor_spawned":[2,4,9,12,15,19,21],"killed_by":"Slavers","ascension_level":0}}