{"host":"1mv6gj0zv8k9e9tz","time":1609176662,"event":{"mods":["AchievementEnabler","BaseMod","Better Third Choice","Colored Map","KOR Keyword Fix","Minty Spire (QoL Compilation)","Permanent Neow","Rare Cards Sparkle","StSLib"],"gold_per_floor":[118,118,43,57,57,57,90,100,127,146,146,178,178,197,197,299,299,310,260,278,291,291,323,323,323,346,346,149,169,169,184,184,280,280,299,326,46,46,46,46,59,59,59,59,9,9,0,15,15,15,15,15,15,46,46,46],"floor_reached":55,"playtime":2558,"items_purged":["Defend_B","Strike_B","Ball Lightning","Defend_B","Core Surge"],"score":999,"play_id":"58e84c9f-21a0-4df9-8892-e89a8c344389","local_time":"20201229023102","is_ascension_mode":true,"campfire_choices":[{"data":"Dualcast","floor":6.0,"key":"SMITH"},{"data":"Genetic Algorithm","floor":13.0,"key":"SMITH"},{"data":"Redo","floor":15.0,"key":"SMITH"},{"data":"Hologram","floor":24.0,"key":"SMITH"},{"data":"Conserve Battery","floor":27.0,"key":"SMITH"},{"data":"Doom and Gloom","floor":30.0,"key":"SMITH"},{"data":"Double Energy","floor":32.0,"key":"SMITH"},{"data":"Darkness","floor":40.0,"key":"SMITH"},{"data":"Loop","floor":42.0,"key":"SMITH"},{"data":"Machine Learning","floor":44.0,"key":"SMITH"},{"floor":49.0,"key":"RECALL"},{"data":"Hologram","floor":52.0,"key":"SMITH"}],"circlet_count":0,"master_deck":["AscendersBane","Defend_B+1","Defend_B+1","Dualcast+1","Doom and Gloom+1","Genetic Algorithm+1","Leap","Redo+1","Conserve Battery+1","Echo Form","Reinforced Body+1","Hologram+1","Double Energy+1","Machine Learning+1","CurseOfTheBell","Self Repair","Darkness+1","Hologram+1","Undo+1","Loop+1","Finesse","Turbo+1"],"relics":["Cracked Core","Turnip","MealTicket","Smiling Mask","Juzu Bracelet","Centennial Puzzle","Empty Cage","Pear","Ornamental Fan","War Paint","Calling Bell","Art of War","Meat on the Bone","WingedGreaves","Boot","Orrery","Molten Egg 2","Red Mask","DataDisk"],"acts_visited":["Exordium","TheCity","TheBeyond","TheEnding"],"potions_floor_usage":[55,55],"damage_taken":[{"damage":1.0,"enemies":"Cultist","floor":1.0,"turns":3.0},{"damage":0.0,"enemies":"Small Slimes","floor":4.0,"turns":3.0},{"damage":10.0,"enemies":"Gremlin Nob","floor":7.0,"turns":4.0},{"damage":7.0,"enemies":"Jaw Worm","floor":8.0,"turns":3.0},{"damage":0.0,"enemies":"2 Fungi Beasts","floor":10.0,"turns":3.0},{"damage":7.0,"enemies":"3 Sentries","floor":12.0,"turns":4.0},{"damage":0.0,"enemies":"Red Slaver","floor":14.0,"turns":3.0},{"damage":22.0,"enemies":"Slime Boss","floor":16.0,"turns":5.0},{"damage":1.0,"enemies":"Spheric Guardian","floor":18.0,"turns":5.0},{"damage":11.0,"enemies":"2 Thieves","floor":20.0,"turns":3.0},{"damage":5.0,"enemies":"Sentry and Sphere","floor":21.0,"turns":6.0},{"damage":28.0,"enemies":"Gremlin Leader","floor":23.0,"turns":6.0},{"damage":10.0,"enemies":"Centurion and Healer","floor":29.0,"turns":6.0},{"damage":0.0,"enemies":"Snecko","floor":31.0,"turns":5.0},{"damage":35.0,"enemies":"Collector","floor":33.0,"turns":11.0},{"damage":0.0,"enemies":"3 Shapes","floor":35.0,"turns":5.0},{"damage":5.0,"enemies":"Orb Walker","floor":41.0,"turns":3.0},{"damage":18.0,"enemies":"Transient","floor":48.0,"turns":5.0},{"damage":32.0,"enemies":"Donu and Deca","floor":50.0,"turns":9.0},{"damage":62.0,"enemies":"Shield and Spear","floor":54.0,"turns":9.0},{"damage":61,"enemies":"The Heart","floor":55,"turns":8}],"seed_played":"-3074627401849374207","potions_obtained":[{"floor":7.0,"key":"Strength Potion"},{"floor":8.0,"key":"Swift Potion"},{"floor":10.0,"key":"Block Potion"},{"floor":16.0,"key":"SkillPotion"},{"floor":29.0,"key":"FearPotion"},{"floor":31.0,"key":"Fruit Juice"},{"floor":46.0,"key":"EssenceOfDarkness"},{"floor":46.0,"key":"DuplicationPotion"},{"floor":46.0,"key":"Ancient Potion"}],"is_trial":false,"path_per_floor":["M","?","$","M","?","R","E","M","T","M","?","E","R","M","R","B",null,"M","$","M","M","?","E","R","?","T","R","$","M","R","M","R","B",null,"M","T","$","?","?","R","M","R","T","R","$","?","?","M","R","B",null,"R","$","E","B"],"character_chosen":"DEFECT","items_purchased":["War Paint","Orrery","Loop"],"campfire_rested":0,"item_purchase_floors":[28,37,37],"current_hp_per_floor":[67,67,67,67,72,72,62,55,55,55,30,23,23,23,23,1,55,54,69,58,53,53,35,35,35,35,35,50,40,40,45,45,10,69,69,69,84,84,84,84,79,79,79,79,88,88,88,77,77,52,79,79,88,45,0,0],"gold":46,"neow_bonus":"ONE_RARE_RELIC","is_daily":false,"chose_seed":false,"campfire_upgraded":11,"win_rate":0.0,"timestamp":1609176662,"path_taken":["M","?","$","M","?","R","E","M","T","M","?","E","R","M","R","BOSS","M","$","M","M","?","E","R","?","T","R","$","M","R","M","R","BOSS","M","?","$","?","?","R","M","R","T","R","$","?","?","M","R","BOSS","R","$","E","BOSS"],"items_purchased_type":["Relic","Relic","Card"],"build_version":"2020-12-22","purchased_purges":5,"victory":false,"max_hp_per_floor":[68,68,68,68,73,73,73,73,73,73,73,73,73,73,73,73,73,73,73,73,73,73,83,83,83,83,83,83,83,83,88,88,88,88,88,88,88,88,88,88,88,88,88,88,88,88,88,88,88,88,88,88,88,88,88,88],"card_choices":[{"not_picked":["Turbo","Streamline"],"picked":"Doom and Gloom","floor":1.0},{"not_picked":["Recycle","Coolheaded"],"picked":"Leap","floor":4.0},{"not_picked":["Stack","Thunder Strike"],"picked":"Ball Lightning","floor":7.0},{"not_picked":["Beam Cell","Reprogram"],"picked":"Redo","floor":8.0},{"not_picked":["Chill","Fusion","Turbo"],"picked":"SKIP","floor":10.0},{"not_picked":["Sweeping Beam","Turbo"],"picked":"Conserve Battery","floor":12.0},{"not_picked":["Cold Snap","Heatsinks"],"picked":"Echo Form","floor":14.0},{"not_picked":["All For One","Rainbow"],"picked":"Core Surge","floor":16.0},{"not_picked":["Cold Snap","Glacier+1","Genetic Algorithm"],"picked":"SKIP","floor":18.0},{"not_picked":["Auto Shields","Ball Lightning"],"picked":"Reinforced Body+1","floor":20.0},{"not_picked":["Barrage+1","Compile Driver"],"picked":"Hologram","floor":21.0},{"not_picked":["Capacitor","Beam Cell","Coolheaded"],"picked":"SKIP","floor":23.0},{"not_picked":["Gash","Cold Snap","Streamline"],"picked":"SKIP","floor":29.0},{"not_picked":["Steam","Scrape+1"],"picked":"Double Energy","floor":31.0},{"not_picked":["Core Surge","Hyperbeam"],"picked":"Machine Learning","floor":33.0},{"not_picked":["Cold Snap+1","Streamline+1"],"picked":"Self Repair","floor":35.0},{"not_picked":["Redo","Undo+1"],"picked":"Darkness","floor":37.0},{"not_picked":["Heatsinks","FTL+1"],"picked":"Hologram","floor":37.0},{"not_picked":["Sweeping Beam","Stack+1"],"picked":"Undo+1","floor":37.0},{"not_picked":["Dramatic Entrance","Trip"],"picked":"Finesse","floor":39.0},{"not_picked":["Coolheaded","Leap","Conserve Battery"],"picked":"SKIP","floor":41.0},{"not_picked":["Scrape+1","Gash+1"],"picked":"Turbo+1","floor":48.0},{"not_picked":["Blizzard+1","Turbo","Cold Snap+1"],"picked":"SKIP","floor":54.0}],"player_experience":496336,"relics_obtained":[{"floor":7.0,"key":"MealTicket"},{"floor":9.0,"key":"Smiling Mask"},{"floor":12.0,"key":"Centennial Puzzle"},{"floor":23.0,"key":"Pear"},{"floor":34.0,"key":"Art of War"},{"floor":34.0,"key":"Meat on the Bone"},{"floor":34.0,"key":"WingedGreaves"},{"floor":36.0,"key":"Boot"},{"floor":43.0,"key":"Molten Egg 2"},{"floor":54.0,"key":"DataDisk"}],"event_choices":[{"damage_healed":0.0,"max_hp_gain":0.0,"max_hp_loss":0.0,"gold_gain":0.0,"cards_transformed":["Strike_B"],"event_name":"Living Wall","player_choice":"Change","floor":2.0,"gold_loss":0.0,"damage_taken":0.0,"cards_obtained":["Genetic Algorithm"]},{"damage_healed":0.0,"max_hp_gain":5.0,"max_hp_loss":0.0,"gold_gain":0.0,"event_name":"Big Fish","player_choice":"Donut","floor":5.0,"gold_loss":0.0,"damage_taken":0.0},{"damage_healed":0.0,"max_hp_gain":0.0,"max_hp_loss":0.0,"gold_gain":0.0,"event_name":"betterThird:BetterScrap","player_choice":"Relic ","floor":11.0,"gold_loss":0.0,"damage_taken":25.0,"cards_obtained":["Unload"]},{"damage_healed":0.0,"max_hp_gain":0.0,"max_hp_loss":0.0,"gold_gain":0.0,"event_name":"Vampires","player_choice":"Ignored","floor":22.0,"gold_loss":0.0,"damage_taken":0.0},{"damage_healed":0.0,"max_hp_gain":0.0,"max_hp_loss":0.0,"gold_gain":0.0,"event_name":"WeMeetAgain","player_choice":"Gave Potion","floor":25.0,"gold_loss":0.0,"damage_taken":0.0,"relics_obtained":["Ornamental Fan"]},{"cards_removed":["Strike_B"],"damage_healed":0.0,"max_hp_gain":0.0,"max_hp_loss":0.0,"gold_gain":0.0,"event_name":"Bonfire Elementals","player_choice":"Offered Basic","floor":38.0,"gold_loss":0.0,"damage_taken":0.0},{"damage_healed":0.0,"max_hp_gain":0.0,"max_hp_loss":0.0,"gold_gain":0.0,"event_name":"SensoryStone","player_choice":"Memory 1","floor":39.0,"gold_loss":0.0,"damage_taken":0.0},{"damage_healed":0.0,"max_hp_gain":0.0,"max_hp_loss":0.0,"gold_gain":0.0,"event_name":"Lab","player_choice":"Got Potions","floor":46.0,"gold_loss":0.0,"damage_taken":0.0},{"damage_healed":0.0,"max_hp_gain":0.0,"max_hp_loss":0.0,"gold_gain":0.0,"event_name":"Tomb of Lord Red Mask","player_choice":"Paid","floor":47.0,"gold_loss":9.0,"damage_taken":0.0,"relics_obtained":["Red Mask"]}],"is_beta":false,"boss_relics":[{"not_picked":["Runic Dome","Nuclear Battery"],"picked":"Empty Cage"},{"not_picked":["Fusion Hammer","Coffee Dripper"],"picked":"Calling Bell"}],"items_purged_floors":[3,19,28,37,45],"is_endless":false,"potions_floor_spawned":[7,8,10,16,29,31],"killed_by":"The Heart","ascension_level":10}}