{"host":"pynofkhbweftzsaw","time":1609128617,"event":{"mods":["BaseMod","Colored Map","Minty Spire (QoL Compilation)","StSLib"],"gold_per_floor":[119,119,41,53,70,70,95,109,163,178,196,207,238,251,251,356,356,367,457,130,130,143,158,173,173,173],"floor_reached":25,"playtime":2069,"items_purged":[],"score":244,"play_id":"af7acfc4-5d59-4429-b0dc-85f63bc20a92","local_time":"20201228121017","is_ascension_mode":false,"campfire_choices":[{"data":"Neutralize","floor":6,"key":"SMITH"},{"floor":15,"key":"REST"}],"circlet_count":0,"master_deck":["Strike_G","Strike_G","Strike_G","Strike_G","Strike_G","Defend_G","Defend_G","Defend_G","Defend_G","Defend_G","Survivor","Neutralize+1","Blade Dance","Underhanded Strike","Finisher","Outmaneuver","Slice","Footwork","Infinite Blades","PiercingWail","Reflex","Outmaneuver","Adrenaline","Backflip","Dark Shackles","Infinite Blades","Deadly Poison+1","Dagger Throw+1","Quick Slash+1"],"relics":["Ring of the Snake","Mango","Ornamental Fan","Blood Vial","Toy Ornithopter","Vajra","Black Star","Question Card","Nilry\u0027s Codex"],"acts_visited":["Exordium","TheCity"],"potions_floor_usage":[13,16,18,23],"damage_taken":[{"damage":1,"enemies":"2 Louse","floor":1,"turns":3},{"damage":0,"enemies":"Small Slimes","floor":4,"turns":4},{"damage":2,"enemies":"Cultist","floor":5,"turns":4},{"damage":8,"enemies":"Lagavulin","floor":7,"turns":5},{"damage":8,"enemies":"Blue Slaver","floor":8,"turns":2},{"damage":27,"enemies":"Exordium Thugs","floor":10,"turns":4},{"damage":8,"enemies":"3 Louse","floor":11,"turns":4},{"damage":0,"enemies":"Blue Slaver","floor":12,"turns":2},{"damage":6,"enemies":"Gremlin Nob","floor":13,"turns":4},{"damage":3,"enemies":"2 Fungi Beasts","floor":14,"turns":3},{"damage":13,"enemies":"Hexaghost","floor":16,"turns":9},{"damage":20,"enemies":"Shell Parasite","floor":18,"turns":5},{"damage":0,"enemies":"3 Byrds","floor":22,"turns":5},{"damage":13,"enemies":"Centurion and Healer","floor":23,"turns":6},{"damage":29,"enemies":"3 Cultists","floor":24,"turns":6},{"damage":0,"enemies":"Gremlin Leader","floor":25,"turns":1}],"seed_played":"-3491502631081109861","potions_obtained":[{"floor":7,"key":"Ancient Potion"},{"floor":8,"key":"SpeedPotion"},{"floor":12,"key":"Ancient Potion"},{"floor":14,"key":"SkillPotion"},{"floor":16,"key":"Ancient Potion"},{"floor":18,"key":"Dexterity Potion"},{"floor":22,"key":"DistilledChaos"},{"floor":24,"key":"DistilledChaos"}],"is_trial":false,"path_per_floor":["M","?","?","M","M","R","E","M","T","M","M","M","E","M","R","B",null,"M","?","$","?","M","M","M","E"],"character_chosen":"THE_SILENT","items_purchased":["Question Card","Infinite Blades"],"campfire_rested":1,"item_purchase_floors":[20,20],"current_hp_per_floor":[62,67,67,67,65,65,57,51,51,26,20,22,23,22,48,42,89,74,56,56,40,42,36,9,11,11],"gold":173,"neow_bonus":"ONE_RARE_RELIC","is_daily":false,"chose_seed":false,"campfire_upgraded":1,"win_rate":0.0,"timestamp":1609128617,"path_taken":["M","?","?","M","M","R","E","?","T","M","M","M","E","M","R","BOSS","M","?","?","?","M","M","M","E"],"items_purchased_type":["Relic","Card"],"build_version":"2020-12-22","purchased_purges":0,"victory":false,"max_hp_per_floor":[84,89,89,89,89,89,89,89,89,89,89,89,89,89,89,89,89,89,89,89,89,89,89,89,89,89],"card_choices":[{"not_picked":["Poisoned Stab","Dagger Spray"],"picked":"Blade Dance","floor":1},{"not_picked":["Dodge and Roll","Sucker Punch"],"picked":"Underhanded Strike","floor":4},{"not_picked":["Slice","Underhanded Strike"],"picked":"Finisher","floor":5},{"not_picked":["Tactician","Poisoned Stab"],"picked":"Outmaneuver","floor":7},{"not_picked":["Wraith Form v2","Blur"],"picked":"Slice","floor":8},{"not_picked":["Dagger Spray","Leg Sweep"],"picked":"Footwork","floor":10},{"not_picked":["Acrobatics","PiercingWail"],"picked":"Infinite Blades","floor":11},{"not_picked":["Well Laid Plans","Crippling Poison"],"picked":"PiercingWail","floor":12},{"not_picked":["Sucker Punch","Flying Knee"],"picked":"Reflex","floor":13},{"not_picked":["Flying Knee","Flechettes"],"picked":"Outmaneuver","floor":14},{"not_picked":["Bullet Time","Tools of the Trade"],"picked":"Adrenaline","floor":16},{"not_picked":["Outmaneuver","Expertise"],"picked":"Backflip","floor":18},{"not_picked":["Sucker Punch","Bouncing Flask","Eviscerate+1"],"picked":"Deadly Poison+1","floor":22},{"not_picked":["Backflip","Slice","Acrobatics+1"],"picked":"Dagger Throw+1","floor":23},{"not_picked":["Eviscerate","Noxious Fumes","Poisoned Stab"],"picked":"Quick Slash+1","floor":24}],"player_experience":18280,"relics_obtained":[{"floor":7,"key":"Blood Vial"},{"floor":9,"key":"Toy Ornithopter"},{"floor":13,"key":"Vajra"},{"floor":21,"key":"Nilry\u0027s Codex"}],"event_choices":[{"damage_healed":0,"gold_gain":0,"player_choice":"Donut","damage_taken":0,"max_hp_gain":5,"max_hp_loss":0,"event_name":"Big Fish","floor":2,"gold_loss":0},{"damage_healed":0,"gold_gain":0,"player_choice":"Paid Gold","damage_taken":0,"relics_obtained":["Ornamental Fan"],"max_hp_gain":0,"max_hp_loss":0,"event_name":"WeMeetAgain","floor":3,"gold_loss":78},{"damage_healed":0,"gold_gain":90,"player_choice":"GOLD CARD ","damage_taken":18,"max_hp_gain":0,"max_hp_loss":0,"event_name":"Knowing Skull","floor":19,"potions_obtained":[],"gold_loss":0,"cards_obtained":["Dark Shackles"]},{"damage_healed":0,"gold_gain":0,"player_choice":"Obtained Book","damage_taken":16,"max_hp_gain":0,"max_hp_loss":0,"event_name":"Cursed Tome","floor":21,"gold_loss":0}],"is_beta":false,"boss_relics":[{"not_picked":["Fusion Hammer","Busted Crown"],"picked":"Black Star"}],"items_purged_floors":[],"is_endless":false,"potions_floor_spawned":[7,8,12,14,16,18,22,24],"killed_by":"Gremlin Leader","ascension_level":0}}