{"host":"iak1zw6udsaqx1iy","time":1609144535,"event":{"mods":["Act Like it!","BaseMod","Gensokyo","Minty Spire (QoL Compilation)","Remilia（蕾米莉亚）","Replay The Spire","StSLib","The Alterego","The Cursed","The Servant 0.9.4","WarShipGirlsR/战舰少女R mod","Youmu（魂魄妖梦）"],"gold_per_floor":[368,418,469,469,482,9,42,42,42,75,86,99,99,128,128,233,233,246,258,274,274,288,288,332,332,332,77,77,101,144,153,153,426,426,451,177,198,148,88,124,124,151,174,194,27,45,45,82,82,195,195,214,133,156,165,165,165,185,205,257,257,50,86,111,154,154,154,154,154,2,37,37],"floor_reached":73,"playtime":5945,"items_purged":["Normality"],"score":2149,"play_id":"60365f51-6339-4a5c-aabe-b7ba943fa409","local_time":"20201228163535","is_ascension_mode":true,"campfire_choices":[{"data":"Hidden Blade","floor":8.0,"key":"SMITH"},{"data":"Cloak And Dagger","floor":13.0,"key":"SMITH"},{"data":"Dash","floor":15.0,"key":"SMITH"},{"data":"Cloak And Dagger","floor":23.0,"key":"SMITH"},{"data":"Calculated Gamble","floor":25.0,"key":"SMITH"},{"data":"Sucker Punch","floor":32.0,"key":"SMITH"},{"data":"Adrenaline","floor":41.0,"key":"SMITH"},{"floor":47.0,"key":"RECALL"},{"data":"Strike_G","floor":49.0,"key":"PURGE"},{"data":"Storm of Steel","floor":57.0,"key":"SMITH"},{"floor":66.0,"key":"DIG"},{"data":"Tactician","floor":69.0,"key":"SMITH"}],"circlet_count":0,"master_deck":["Strike_G","Strike_G","Strike_G","Strike_G","Defend_G","Defend_G","Defend_G","Defend_G","Survivor","Neutralize","Strike_G","Eruption","Escape Plan+1","Underhanded Strike","Dagger Spray","Finisher+1","Hidden Blade+1","Blade Dance","Acrobatics","Cloak And Dagger+1","Dash+1","Storm of Steel+1","CurseOfTheBell","Well Laid Plans+1","Cloak And Dagger+1","Concentrate","Sucker Punch+1","Calculated Gamble+1","Predator","Backflip","Clumsy","Adrenaline+1","Tools of the Trade+1","Sucker Punch","Infinite Blades+1","Crippling Poison","Infinite Blades+1","Concentrate+1","Well Laid Plans+1","Sneak Up+1","Blade Dance","Infinite Blades+1","Phantasmal Killer+1","Sucker Punch+1","Gensokyo:CustomPotion","Tactician+1","Gensokyo:UnlikelyAid+1","Quick Slash","Crippling Poison","Gensokyo:LockedMedkit","Prepared+1","Dodge and Roll+1","Doppelganger","Outmaneuver"],"relics":["Ring of the Snake","Smiling Mask","Replay:Baseball","AntiCross","ClockworkSouvenir","Frozen Egg 2","Onion Ring","Replay:Bottled Steam","Blue Candle","Calling Bell","ReplayTheSpireMod:Lightbulb","Replay:Accelerometer","Turnip","ReplayTheSpireMod:TigerMarble","Ring of Fury","Ring of Panic","CeramicFish","Divine Protection","Sling","HornCleat","Gensokyo:NagashiBinaDoll","Busted Crown","Lantern","Replay:Rubber Ducky","Replay:Bottled Flurry","HandDrill","Mirror","WristBlade","Happy Flower","Guide Book","Pantograph","Byrd Skull","Pear","Vajra","Quantum Egg"],"acts_visited":["Exordium","Exordium","Gensokyo:Gensokyo","Gensokyo:Gensokyoer","TheEnding"],"potions_floor_usage":[72,72],"damage_taken":[{"damage":3.0,"enemies":"Small Slimes","floor":1.0,"turns":5.0},{"damage":7.0,"enemies":"Jaw Worm","floor":5.0,"turns":3.0},{"damage":2.0,"enemies":"3 Sentries","floor":7.0,"turns":3.0},{"damage":0.0,"enemies":"Gremlin Nob","floor":10.0,"turns":2.0},{"damage":0.0,"enemies":"2 Louse","floor":11.0,"turns":1.0},{"damage":0.0,"enemies":"Gremlin Gang","floor":12.0,"turns":1.0},{"damage":0.0,"enemies":"Lagavulin","floor":14.0,"turns":2.0},{"damage":8.0,"enemies":"Fading Forest","floor":16.0,"turns":7.0},{"damage":0.0,"enemies":"Gensokyo:Gryphon","floor":18.0,"turns":1.0},{"damage":0.0,"enemies":"Gensokyo:2_Kodama","floor":19.0,"turns":1.0},{"damage":0.0,"enemies":"Gensokyo:3_Fairies","floor":20.0,"turns":2.0},{"damage":0.0,"enemies":"Gensokyo:Kitsune","floor":22.0,"turns":1.0},{"damage":0.0,"enemies":"Gensokyo:Cirno","floor":24.0,"turns":5.0},{"damage":0.0,"enemies":"Gensokyo:3_Kodama","floor":29.0,"turns":2.0},{"damage":0.0,"enemies":"Gensokyo:Aya","floor":30.0,"turns":2.0},{"damage":0.0,"enemies":"Gensokyo:Yukari","floor":33.0,"turns":4.0},{"damage":0.0,"enemies":"Gensokyo:AngelMirror","floor":35.0,"turns":1.0},{"damage":0.0,"enemies":"Gensokyo:2_Gloops","floor":37.0,"turns":2.0},{"damage":0.0,"enemies":"Gensokyo:Reisen","floor":40.0,"turns":2.0},{"damage":0.0,"enemies":"Gensokyo:Slime_Group","floor":42.0,"turns":3.0},{"damage":0.0,"enemies":"Gensokyo:Chomper_and_Gloop","floor":44.0,"turns":2.0},{"damage":0.0,"enemies":"Gensokyo:Mirror_and_Dog","floor":46.0,"turns":2.0},{"damage":0.0,"enemies":"Gensokyo:Koishi","floor":48.0,"turns":2.0},{"damage":10.0,"enemies":"Gensokyo:Kaguya","floor":50.0,"turns":4.0},{"damage":0.0,"enemies":"Gensokyo:3_Bats","floor":52.0,"turns":2.0},{"damage":0.0,"enemies":"Gensokyo:3_Boulders","floor":54.0,"turns":2.0},{"damage":0.0,"enemies":"Gensokyo:3_Boulders","floor":55.0,"turns":3.0},{"damage":0.0,"enemies":"Gensokyo:SeedOfUnknown","floor":58.0,"turns":2.0},{"damage":0.0,"enemies":"Gensokyo:4_Bats","floor":59.0,"turns":3.0},{"damage":0.0,"enemies":"Gensokyo:Doremy","floor":63.0,"turns":3.0},{"damage":0.0,"enemies":"Gensokyo:Dusk_and_Dawn","floor":64.0,"turns":2.0},{"damage":0.0,"enemies":"Gensokyo:Kasen","floor":65.0,"turns":2.0},{"damage":0.0,"enemies":"Gensokyo:Yuyuko","floor":67.0,"turns":2.0},{"damage":0.0,"enemies":"Shield and Spear","floor":71.0,"turns":2.0},{"damage":13,"enemies":"The Heart","floor":72,"turns":3}],"seed_played":"-861522074039164840","potions_obtained":[{"floor":1.0,"key":"Strength Potion"},{"floor":2.0,"key":"Reflective Coating"},{"floor":2.0,"key":"Doom Potion"},{"floor":12.0,"key":"Dexterity Potion"},{"floor":18.0,"key":"Poison Potion"},{"floor":29.0,"key":"Languid Potion"},{"floor":30.0,"key":"Milkshake"},{"floor":33.0,"key":"Dexterity Potion"},{"floor":40.0,"key":"Energy Potion"},{"floor":48.0,"key":"Adrenaline Potion"},{"floor":58.0,"key":"Fire Potion"},{"floor":59.0,"key":"Adrenaline Potion"},{"floor":65.0,"key":"Poison Potion"},{"floor":71.0,"key":"Energy Potion"}],"is_trial":false,"path_per_floor":["M","?","T","?","M","$","E","R","T","E","M","M","R","E","R","B",null,"M","M","M","?","M","R","E","R","T","COS","$","M","E","?","R","B",null,"M","$","M","?","$","E","R","M","T","M","$","M","R","E","R","B",null,"M","?","M","?","?","R","M","M","T","?","COS","E","M","E","R","B",null,"R","$","E","B",null],"character_chosen":"THE_SILENT","items_purchased":["AntiCross","Finisher+1","ClockworkSouvenir","Infinite Blades+1","Lantern","Infinite Blades+1","HandDrill","Blade Dance","Vajra"],"campfire_rested":0,"item_purchase_floors":[6,6,6,36,36,39,45,45,70],"current_hp_per_floor":[67,67,67,67,60,60,58,58,58,58,58,58,58,58,58,50,65,65,65,65,65,65,65,65,65,65,65,65,65,65,65,65,65,69,69,69,69,76,76,76,76,76,76,76,76,76,76,76,76,66,74,74,74,74,74,74,74,74,74,74,63,63,63,63,63,73,73,84,84,84,84,74],"gold":37,"neow_bonus":"RANDOM_COMMON_RELIC","is_daily":false,"chose_seed":false,"campfire_upgraded":9,"win_rate":0.0,"timestamp":1609144535,"path_taken":["M","?","?","?","?","$","E","R","T","E","M","M","R","E","R","BOSS","M","M","M","?","M","R","E","R","T","COS","?","M","E","?","R","BOSS","M","$","M","?","?","E","R","?","T","M","?","M","R","E","R","BOSS","M","?","M","?","?","R","?","M","T","?","COS","E","M","E","R","BOSS","R","$","E","BOSS"],"items_purchased_type":["Relic","Card","Relic","Card","Relic","Card","Relic","Card","Relic"],"build_version":"2020-12-22","purchased_purges":1,"victory":true,"max_hp_per_floor":[70,70,70,70,70,70,70,70,70,70,70,70,70,70,70,70,70,70,70,70,70,70,70,70,70,70,70,70,70,70,70,70,70,70,70,70,70,77,77,77,77,77,77,77,77,77,77,77,77,77,77,77,77,77,77,77,77,77,77,77,77,77,77,77,77,87,87,87,87,87,87,87],"card_choices":[{"not_picked":["Deflect","Noxious Fumes"],"picked":"Escape Plan","floor":1.0},{"not_picked":["Dagger Spray","Sucker Punch"],"picked":"Underhanded Strike","floor":2.0},{"not_picked":["PiercingWail","Endless Agony"],"picked":"Dagger Spray","floor":5.0},{"not_picked":["Poisoned Stab","Die Die Die"],"picked":"Hidden Blade","floor":7.0},{"not_picked":["Footwork+1","Dagger Throw"],"picked":"Blade Dance","floor":10.0},{"not_picked":["Prepared","Poison Darts"],"picked":"Acrobatics","floor":11.0},{"not_picked":["Quick Slash","Dagger Spray"],"picked":"Cloak And Dagger","floor":12.0},{"not_picked":["Acrobatics","Escape Plan"],"picked":"Dash","floor":14.0},{"not_picked":["Grand Finale","ReplayTheSpireMod:From All Sides"],"picked":"Storm of Steel","floor":16.0},{"not_picked":["Endless Agony","Expertise"],"picked":"Well Laid Plans+1","floor":18.0},{"not_picked":["Prepared","Flechettes"],"picked":"Cloak And Dagger","floor":19.0},{"not_picked":["Caltrops+1","Dagger Spray"],"picked":"Concentrate","floor":20.0},{"not_picked":["Eviscerate","Choke"],"picked":"Sucker Punch","floor":22.0},{"not_picked":["Escape Plan","PiercingWail"],"picked":"Calculated Gamble","floor":24.0},{"not_picked":["Replay:Poison Smokescreen","Sucker Punch"],"picked":"Predator","floor":29.0},{"not_picked":["Deadly Poison","Toxin Wave"],"picked":"Backflip","floor":30.0},{"not_picked":["Tools of the Trade","Die Die Die"],"picked":"Adrenaline","floor":33.0},{"not_picked":["Wraith Form v2+1","Corpse Explosion"],"picked":"Tools of the Trade+1","floor":33.0},{"not_picked":[],"picked":"Sucker Punch","floor":35.0},{"not_picked":[],"picked":"Crippling Poison","floor":37.0},{"not_picked":[],"picked":"Concentrate+1","floor":40.0},{"not_picked":[],"picked":"Well Laid Plans+1","floor":42.0},{"not_picked":[],"picked":"Sneak Up+1","floor":44.0},{"not_picked":["Crippling Poison"],"picked":"SKIP","floor":46.0},{"not_picked":[],"picked":"Infinite Blades+1","floor":48.0},{"not_picked":[],"picked":"Phantasmal Killer","floor":50.0},{"not_picked":[],"picked":"Sucker Punch+1","floor":52.0},{"not_picked":[],"picked":"Tactician","floor":54.0},{"not_picked":["Gensokyo:UnhurriedMind+1","Gensokyo:RisingWorld+1"],"picked":"Gensokyo:UnlikelyAid+1","floor":55.0},{"not_picked":[],"picked":"Quick Slash","floor":58.0},{"not_picked":[],"picked":"Crippling Poison","floor":59.0},{"not_picked":[],"picked":"Prepared+1","floor":63.0},{"not_picked":[],"picked":"Dodge and Roll+1","floor":64.0},{"not_picked":[],"picked":"Doppelganger","floor":65.0},{"not_picked":[],"picked":"Outmaneuver","floor":71.0}],"player_experience":277644,"relics_obtained":[{"floor":2.0,"key":"Smiling Mask"},{"floor":3.0,"key":"Replay:Baseball"},{"floor":7.0,"key":"Frozen Egg 2"},{"floor":9.0,"key":"Onion Ring"},{"floor":10.0,"key":"Replay:Bottled Steam"},{"floor":14.0,"key":"Blue Candle"},{"floor":17.0,"key":"ReplayTheSpireMod:Lightbulb"},{"floor":17.0,"key":"Replay:Accelerometer"},{"floor":17.0,"key":"Turnip"},{"floor":21.0,"key":"Ring of Fury"},{"floor":21.0,"key":"Ring of Panic"},{"floor":24.0,"key":"CeramicFish"},{"floor":26.0,"key":"Divine Protection"},{"floor":30.0,"key":"HornCleat"},{"floor":40.0,"key":"Replay:Bottled Flurry"},{"floor":48.0,"key":"Mirror"},{"floor":60.0,"key":"Happy Flower"},{"floor":63.0,"key":"Pantograph"},{"floor":65.0,"key":"Byrd Skull"},{"floor":66.0,"key":"Pear"},{"floor":71.0,"key":"Quantum Egg"}],"event_choices":[{"cards_removed":["Defend_G"],"damage_healed":0.0,"max_hp_gain":0.0,"max_hp_loss":0.0,"gold_gain":0.0,"event_name":"Purifier","player_choice":"Purged","floor":4.0,"gold_loss":0.0,"damage_taken":0.0}],"is_beta":false,"boss_relics":[{"not_picked":["Runic Pyramid","SlaversCollar"],"picked":"Calling Bell"},{"not_picked":["Replay:Drink Me","Honey Jar"],"picked":"Busted Crown"},{"not_picked":["Cursed Key","Astrolabe"],"picked":"WristBlade"}],"items_purged_floors":[36],"is_endless":false,"potions_floor_spawned":[1,12,14,18,29,30,33,40,44,46,48,58,59,64,65,71],"ascension_level":5}}