{"host":"r53pw7z744tg3fxg","time":1609185074,"event":{"mods":["AchievementEnabler","BaseMod","Colored Map","Colored Powertips","Highlight Path","Minty Spire (QoL Compilation)","Quick Restart","Transform Curses"],"gold_per_floor":[111,125,139,70,82,110,110,136,187,187,12,40,70,35,35,138,138,151,151,161,15,15,15,44,44,91,91,91],"floor_reached":27,"playtime":921,"items_purged":[],"score":408,"play_id":"c6c9c65b-8ac8-4fc5-a7df-4fe3a708e8d4","local_time":"20201228125114","is_ascension_mode":true,"campfire_choices":[{"floor":7.0,"key":"REST"},{"floor":10.0,"key":"REST"},{"floor":15.0,"key":"REST"},{"data":"Eruption","floor":23,"key":"SMITH"},{"floor":25,"key":"REST"}],"circlet_count":0,"master_deck":["AscendersBane","Strike_P","Strike_P","Strike_P","Strike_P","Defend_P","Defend_P","Defend_P","Defend_P","Eruption+1","Vigilance","MasterReality","Crescendo","Wallop","Evaluate","ReachHeaven","ClearTheMind","WreathOfFlame+1","Consecrate","ThirdEye+1","Establishment","CurseOfTheBell","BowlingBash+1","Indignation+1","Prostrate+1","Writhe","EmptyBody+1"],"relics":["PureWater","Pear","Toxic Egg 2","Art of War","Membership Card","Anchor","Calling Bell","Ancient Tea Set","White Beast Statue","Gambling Chip","Shuriken","Eternal Feather","Lantern","Bag of Preparation"],"acts_visited":["Exordium","TheCity"],"potions_floor_usage":[24,27],"damage_taken":[{"damage":0.0,"enemies":"Cultist","floor":1.0,"turns":2.0},{"damage":8.0,"enemies":"Jaw Worm","floor":2.0,"turns":4.0},{"damage":0.0,"enemies":"Small Slimes","floor":3.0,"turns":3.0},{"damage":0.0,"enemies":"3 Louse","floor":5.0,"turns":3.0},{"damage":41.0,"enemies":"Gremlin Nob","floor":6.0,"turns":4.0},{"damage":29.0,"enemies":"3 Sentries","floor":8.0,"turns":6.0},{"damage":27.0,"enemies":"Lagavulin","floor":12.0,"turns":6.0},{"damage":2.0,"enemies":"Slime Boss","floor":16.0,"turns":8.0},{"damage":0.0,"enemies":"Spheric Guardian","floor":18.0,"turns":3.0},{"damage":22.0,"enemies":"Chosen","floor":20.0,"turns":6.0},{"damage":68,"enemies":"Gremlin Leader","floor":24,"turns":8},{"damage":42,"enemies":"Shelled Parasite and Fungi","floor":27,"turns":6}],"seed_played":"-6796608515714933448","potions_obtained":[{"floor":6.0,"key":"Strength Potion"},{"floor":8.0,"key":"Ambrosia"},{"floor":12.0,"key":"Fire Potion"},{"floor":18.0,"key":"SteroidPotion"},{"floor":20.0,"key":"DuplicationPotion"},{"floor":24,"key":"ColorlessPotion"}],"is_trial":false,"path_per_floor":["M","M","M","$","M","E","R","E","T","R","$","E","?","?","R","B",null,"M","?","M","$","?","R","E","R","T","M"],"character_chosen":"WATCHER","items_purchased":["ReachHeaven","Membership Card","Consecrate","Shuriken","Prostrate+1"],"campfire_rested":4,"item_purchase_floors":[4,11,11,21,21],"current_hp_per_floor":[65,57,57,57,57,26,50,21,21,45,45,18,18,38,62,60,77,77,77,55,55,55,70,2,41,41,0,0],"gold":91,"neow_bonus":"ONE_RANDOM_RARE_CARD","is_daily":false,"chose_seed":false,"campfire_upgraded":1,"win_rate":0.0,"timestamp":1609185074,"path_taken":["M","M","M","?","M","E","R","E","T","R","$","E","?","?","R","BOSS","M","?","M","$","?","R","E","R","T","M"],"items_purchased_type":["Card","Relic","Card","Relic","Card"],"build_version":"2020-12-22","purchased_purges":0,"victory":false,"max_hp_per_floor":[72,72,72,72,72,82,82,82,82,82,82,82,82,82,82,82,82,82,82,82,82,82,82,82,82,82,82,82],"card_choices":[{"not_picked":["CrushJoints","InnerPeace"],"picked":"Crescendo","floor":1.0},{"not_picked":["Protect","SashWhip"],"picked":"Wallop","floor":2.0},{"not_picked":["FlyingSleeves","CrushJoints"],"picked":"Evaluate","floor":3.0},{"not_picked":["CrushJoints","Prostrate"],"picked":"ClearTheMind","floor":5.0},{"not_picked":["Study","DevaForm","LikeWater"],"picked":"SKIP","floor":6.0},{"not_picked":["Brilliance","Vengeance+1"],"picked":"WreathOfFlame+1","floor":8.0},{"not_picked":["CrushJoints","Worship+1"],"picked":"ThirdEye+1","floor":12.0},{"not_picked":["Brilliance","DevaForm"],"picked":"Establishment","floor":16.0},{"not_picked":["Fasting2","Evaluate+1"],"picked":"BowlingBash+1","floor":18.0},{"not_picked":["Study","CrushJoints"],"picked":"Indignation+1","floor":20.0},{"not_picked":["JustLucky","Adaptation+1"],"picked":"EmptyBody+1","floor":24}],"player_experience":1160300,"relics_obtained":[{"floor":6.0,"key":"Pear"},{"floor":8.0,"key":"Toxic Egg 2"},{"floor":9.0,"key":"Art of War"},{"floor":12.0,"key":"Anchor"},{"floor":17.0,"key":"Ancient Tea Set"},{"floor":17.0,"key":"White Beast Statue"},{"floor":17.0,"key":"Gambling Chip"},{"floor":24,"key":"Lantern"},{"floor":26,"key":"Bag of Preparation"}],"event_choices":[{"damage_healed":0.0,"max_hp_gain":0.0,"max_hp_loss":0.0,"gold_gain":30.0,"event_name":"Dead Adventurer","player_choice":"Searched \u00271\u0027 times","floor":13.0,"gold_loss":0.0,"damage_taken":0.0},{"damage_healed":20.0,"max_hp_gain":0.0,"max_hp_loss":0.0,"gold_gain":0.0,"event_name":"The Cleric","player_choice":"Healed","floor":14.0,"gold_loss":35.0,"damage_taken":0.0},{"damage_healed":0.0,"max_hp_gain":0.0,"max_hp_loss":0.0,"gold_gain":0.0,"event_name":"Beggar","player_choice":"Ignored","floor":19.0,"gold_loss":0.0,"damage_taken":0.0},{"damage_healed":0,"gold_gain":0,"player_choice":"Opened","damage_taken":0,"relics_obtained":["Eternal Feather"],"max_hp_gain":0,"max_hp_loss":0,"event_name":"The Mausoleum","floor":22,"gold_loss":0,"cards_obtained":["Writhe"]}],"is_beta":false,"boss_relics":[{"not_picked":["Empty Cage","Astrolabe"],"picked":"Calling Bell"}],"items_purged_floors":[],"is_endless":false,"potions_floor_spawned":[6,8,12,18,20,24],"killed_by":"Shelled Parasite and Fungi","ascension_level":10}}