{"host":"63rwe7p34ct1i0qu","time":1609149112,"event":{"mods":["BaseMod","Colored Map","DeckTracker","Minty Spire (QoL Compilation)","Permanent Neow","Quick Restart","StSLib"],"gold_per_floor":[109,109,127,147,147,147,72,97,97,127,54,54,68,119,119,223,223,237,162,180,80,98,98,98],"floor_reached":23,"playtime":685,"items_purged":["Strike_R","Strike_R"],"score":358,"play_id":"44734ff6-6f29-41ed-bb08-6105b3604123","local_time":"20201228185152","is_ascension_mode":true,"campfire_choices":[{"data":"Pommel Strike","floor":6.0,"key":"SMITH"},{"data":"Bash","floor":15,"key":"SMITH"}],"circlet_count":0,"master_deck":["AscendersBane","Strike_R","Strike_R","Defend_R","Defend_R","Defend_R","Defend_R","Bash+1","Hemokinesis+1","Pommel Strike+1","Headbutt","Burning Pact","Battle Trance+1","Limit Break","Flex"],"relics":["Burning Blood","Lizard Tail","Bag of Marbles","Gremlin Horn","Incense Burner","Mark of Pain"],"acts_visited":["Exordium","TheCity"],"potions_floor_usage":[16,16,20,22,23],"damage_taken":[{"damage":1.0,"enemies":"2 Louse","floor":1.0,"turns":3.0},{"damage":2.0,"enemies":"Small Slimes","floor":3.0,"turns":3.0},{"damage":4.0,"enemies":"Jaw Worm","floor":4.0,"turns":3.0},{"damage":2.0,"enemies":"Gremlin Nob","floor":8.0,"turns":2.0},{"damage":26,"enemies":"Lagavulin","floor":10,"turns":3},{"damage":13,"enemies":"Blue Slaver","floor":13,"turns":2},{"damage":54,"enemies":"Hexaghost","floor":16,"turns":9},{"damage":24,"enemies":"3 Byrds","floor":18,"turns":5},{"damage":11,"enemies":"Shell Parasite","floor":20,"turns":3},{"damage":28,"enemies":"Shelled Parasite and Fungi","floor":22,"turns":4},{"damage":28,"enemies":"Book of Stabbing","floor":23,"turns":4}],"seed_played":"-3397096247728574897","potions_obtained":[{"floor":1.0,"key":"LiquidBronze"},{"floor":3.0,"key":"Strength Potion"},{"floor":10,"key":"DuplicationPotion"},{"floor":16,"key":"LiquidBronze"},{"floor":20,"key":"EssenceOfSteel"},{"floor":22,"key":"BlessingOfTheForge"}],"is_trial":false,"path_per_floor":["M","?","M","M","?","R","$","E","T","E","$","?","M","?","R","B",null,"M","?","M","$","M","E"],"character_chosen":"IRONCLAD","items_purchased":["Battle Trance"],"campfire_rested":0,"item_purchase_floors":[11],"current_hp_per_floor":[85,85,88,88,76,76,76,80,80,60,60,60,53,53,53,50,79,61,61,56,56,34,6,6],"gold":98,"neow_bonus":"TEN_PERCENT_HP_BONUS","is_daily":false,"chose_seed":false,"campfire_upgraded":2,"win_rate":0.0,"timestamp":1609149112,"path_taken":["M","?","M","M","?","R","?","E","T","E","?","?","?","?","R","BOSS","M","?","M","$","M","E"],"items_purchased_type":["Card"],"build_version":"2020-12-22","purchased_purges":2,"victory":false,"max_hp_per_floor":[88,88,88,88,88,88,88,88,88,88,88,88,88,88,88,88,88,88,88,88,88,88,88,88],"card_choices":[{"not_picked":["Infernal Blade","Burning Pact"],"picked":"Hemokinesis","floor":1.0},{"not_picked":["Warcry","Spot Weakness"],"picked":"Pommel Strike","floor":3.0},{"not_picked":["Body Slam","Rage"],"picked":"Headbutt","floor":4.0},{"not_picked":["Reckless Charge","Ghostly Armor","Thunderclap"],"picked":"SKIP","floor":8.0},{"not_picked":["Cleave","Iron Wave"],"picked":"Burning Pact","floor":10},{"not_picked":["Headbutt","Iron Wave","Pommel Strike"],"picked":"SKIP","floor":13},{"not_picked":["Brutality","Exhume"],"picked":"Limit Break","floor":16},{"not_picked":["Cleave","Anger"],"picked":"Flex","floor":18},{"not_picked":["Reckless Charge","Perfected Strike","Burning Pact"],"picked":"SKIP","floor":20},{"not_picked":["Sword Boomerang","Pommel Strike","Rupture"],"picked":"SKIP","floor":22}],"player_experience":828415,"relics_obtained":[{"floor":8.0,"key":"Bag of Marbles"},{"floor":9.0,"key":"Gremlin Horn"},{"floor":10,"key":"Incense Burner"}],"event_choices":[{"damage_healed":0.0,"max_hp_gain":0.0,"max_hp_loss":0.0,"gold_gain":0.0,"event_name":"Living Wall","player_choice":"Grow","floor":2.0,"gold_loss":0.0,"damage_taken":0.0,"cards_upgraded":["Hemokinesis"]},{"damage_healed":0.0,"max_hp_gain":0.0,"max_hp_loss":0.0,"gold_gain":0.0,"event_name":"Scrap Ooze","player_choice":"Success","floor":5.0,"gold_loss":0.0,"damage_taken":12.0,"relics_obtained":["Lizard Tail"]},{"damage_healed":0,"gold_gain":0,"player_choice":"Forge","damage_taken":0,"max_hp_gain":0,"max_hp_loss":0,"event_name":"Accursed Blacksmith","floor":12,"gold_loss":0,"cards_upgraded":["Battle Trance"]},{"damage_healed":0,"gold_gain":51,"player_choice":"Gained Gold","damage_taken":0,"max_hp_gain":0,"max_hp_loss":0,"event_name":"Golden Wing","floor":14,"gold_loss":0},{"cards_removed":["Strike_R"],"damage_healed":0,"gold_gain":0,"player_choice":"Gave Gold","damage_taken":0,"max_hp_gain":0,"max_hp_loss":0,"event_name":"Beggar","floor":19,"gold_loss":75}],"is_beta":false,"boss_relics":[{"not_picked":["SlaversCollar","SacredBark"],"picked":"Mark of Pain"}],"items_purged_floors":[7,21],"is_endless":false,"potions_floor_spawned":[1,3,10,16,20,22],"killed_by":"Book of Stabbing","ascension_level":12}}