{"host":"aja5jhqkcte6gg82","time":1609183937,"event":{"mods":["AchievementEnabler","Act Like it!","BaseMod","BetterRewards","Downfall","Gensokyo","Hermit","Hubris","Infinite Spire","Mad Scientist","Marisa????????","Minty Spire (QoL Compilation)","Replay The Spire","StSLib","The Animator","The Necromancer","TheFirefly"],"gold_per_floor":[110,129,149,41,70,70,70,70,70,70,95,127,29,58,58,170,220,389,26,37,37,37],"floor_reached":21,"playtime":1155,"items_purged":[],"score":173,"play_id":"d2f676b3-4b96-4c78-9909-cffab9c50014","local_time":"20201228113217","is_ascension_mode":false,"campfire_choices":[{"data":"FairyDestructionRay","floor":6,"key":"SMITH"},{"data":"MysteriousBeam","floor":8,"key":"SMITH"},{"data":"UpSweep","floor":10,"key":"SMITH"},{"floor":15,"key":"REST"}],"circlet_count":0,"master_deck":["Strike_MRS","Strike_MRS","Strike_MRS","Strike_MRS","Defend_MRS","Defend_MRS","Defend_MRS","Defend_MRS","MasterSpark+1","UpSweep+1","ShootTheMoon","MysteriousBeam+1","FairyDestructionRay+1","WitchOfGreed","AlicesGift","OrrerysSun","DragonMeteor","EarthLightRay","Gensokyo:LockedMedkit","PowerUp","UltimateShortwave+1","NonDirectionalLaser","GrandCross","Gensokyo:Shovel","LuminesStrike"],"relics":["MiniHakkero","NeowsBlessing","hubris:Icosahedron","Golden Egg","Tiny House","SimpleLauncher","Toolbox"],"acts_visited":["Gensokyo:Gensokyo","Gensokyo:Gensokyoer"],"potions_floor_usage":[14,14,16,16,20,21,21],"damage_taken":[{"damage":0,"enemies":"Gensokyo:Python","floor":1,"turns":1},{"damage":0,"enemies":"Gensokyo:Gryphon","floor":2,"turns":1},{"damage":0,"enemies":"Gensokyo:3_Fairies","floor":3,"turns":1},{"damage":11,"enemies":"Gensokyo:2_Rabbits","floor":5,"turns":4},{"damage":0,"enemies":"Gensokyo:LivingMonolith","floor":11,"turns":3},{"damage":10,"enemies":"Gensokyo:Python_and_Kodama","floor":12,"turns":4},{"damage":15,"enemies":"Gensokyo:5_Fairies","floor":14,"turns":5},{"damage":37,"enemies":"Gensokyo:Kokoro","floor":16,"turns":12},{"damage":17,"enemies":"Gensokyo:AngelMirror","floor":18,"turns":3},{"damage":28,"enemies":"Gensokyo:3_Dogs","floor":20,"turns":4},{"damage":40,"enemies":"Gensokyo:Swordslinger","floor":21,"turns":2}],"seed_played":"-3041950400338112461","potions_obtained":[{"floor":2,"key":"Block Potion"},{"floor":3,"key":"AttackPotion"},{"floor":5,"key":"Dexterity Potion"},{"floor":14,"key":"Weak Potion"},{"floor":14,"key":"Block Potion"},{"floor":17,"key":"Block Potion"},{"floor":20,"key":"Dexterity Potion"}],"is_trial":false,"path_per_floor":["M","M","M","$","M","R","?","R","T","R","M","M","COS","M","R","B",null,"M","COS","M","M"],"character_chosen":"MARISA","items_purchased":["WitchOfGreed","AlicesGift"],"campfire_rested":1,"item_purchase_floors":[4,4],"current_hp_per_floor":[75,75,75,75,64,64,64,64,64,64,64,54,54,43,65,32,80,63,63,35,0,0],"gold":37,"neow_bonus":"THREE_ENEMY_KILL","is_daily":false,"chose_seed":false,"campfire_upgraded":3,"win_rate":0.0,"timestamp":1609183937,"path_taken":["M","M","M","$","M","R","?","R","T","R","?","M","COS","M","R","BOSS","M","COS","M","M"],"items_purchased_type":["Card","Card"],"build_version":"2020-12-22","purchased_purges":0,"victory":false,"max_hp_per_floor":[75,75,75,75,75,75,75,75,75,75,75,75,75,75,75,75,80,80,80,80,80,80],"card_choices":[{"not_picked":["ShootingEcho","LuminesStrike"],"picked":"ShootTheMoon","floor":1},{"not_picked":["ShootingEcho","OpenUniverse"],"picked":"MysteriousBeam","floor":2},{"not_picked":["DoubleSpark","DragonMeteor"],"picked":"FairyDestructionRay","floor":3},{"not_picked":["MysteriousBeam","DC"],"picked":"OrrerysSun","floor":5},{"not_picked":["EventHorizon","DC"],"picked":"DragonMeteor","floor":11},{"not_picked":["DoubleSpark","MillisecondPulsars"],"picked":"EarthLightRay","floor":12},{"not_picked":["MilkyWay","WitchOfGreed"],"picked":"PowerUp","floor":14},{"not_picked":["BlazingStar","SatelliteIllusion"],"picked":"UltimateShortwave","floor":16},{"not_picked":["EventHorizon","DarkSpark"],"picked":"NonDirectionalLaser","floor":17},{"not_picked":["MysteriousBeam","Acceleration"],"picked":"GrandCross","floor":18},{"not_picked":["GravityBeat","DragonMeteor"],"picked":"LuminesStrike","floor":20}],"player_experience":224497,"relics_obtained":[{"floor":9,"key":"Golden Egg"}],"event_choices":[],"is_beta":false,"boss_relics":[{"not_picked":["Runic Dome","Snecko Eye"],"picked":"Tiny House"}],"items_purged_floors":[],"is_endless":false,"potions_floor_spawned":[2,3,5,14,20],"killed_by":"Gensokyo:Swordslinger","ascension_level":0}}