{"host":"igi9xpgoc000gxf5","time":1609187267,"event":{"mods":["BaseMod","Colored Powertips","Downfall","Googly Eyes","Minty Spire (QoL Compilation)","StSLib"],"gold_per_floor":[99,115,115,115,133,64,64,145,145,161,171,191,191,191,201,201,201,201],"floor_reached":16,"playtime":855,"items_purged":[],"score":92,"play_id":"402b6d54-5af0-4b74-bd8e-c9692c76f13f","local_time":"20201228212747","is_ascension_mode":false,"campfire_choices":[{"data":"champ:Taunt","floor":1,"key":"SMITH"},{"data":"champ:BladeFlurry","floor":9,"key":"SMITH"}],"circlet_count":0,"master_deck":["champ:Strike","champ:Strike+1","champ:Strike+1","champ:Defend","champ:Defend","champ:Defend","champ:Defend","champ:Execute","champ:Taunt+1","champ:DefensiveShout+1","Regret","champ:Circumvent","champ:PerfectedStrike","champ:BladeFlurry+1","champ:FanOfKnives","champ:Aggression+1","champ:GladiatorsShout","Regret","champ:Haymaker"],"relics":["champ:ChampionCrown","Oddly Smooth Stone","Pantograph","White Beast Statue"],"acts_visited":["Exordium"],"potions_floor_usage":[10,12,16,16],"damage_taken":[{"damage":12,"enemies":"Small Slimes","floor":2,"turns":5},{"damage":12,"enemies":"Jaw Worm","floor":5,"turns":5},{"damage":11,"enemies":"downfall:FleeingMerchant","floor":6,"turns":4},{"damage":7,"enemies":"Cultist","floor":10,"turns":3},{"damage":33,"enemies":"Exordium Thugs","floor":11,"turns":6},{"damage":8,"enemies":"Exordium Wildlife","floor":12,"turns":3},{"damage":20,"enemies":"2 Fungi Beasts","floor":15,"turns":4},{"damage":44,"enemies":"downfall:Ironclad","floor":16,"turns":5}],"seed_played":"-1173538145708286031","potions_obtained":[{"floor":2,"key":"Swift Potion"},{"floor":10,"key":"Fruit Juice"},{"floor":11,"key":"Explosive Potion"},{"floor":12,"key":"FearPotion"},{"floor":15,"key":"Energy Potion"}],"is_trial":false,"path_per_floor":["R","M","?","?","M","$","T","T","R","M","M","M","?","?","M","B"],"character_chosen":"THE_CHAMP","items_purchased":["champ:BladeFlurry"],"campfire_rested":0,"item_purchase_floors":[6],"current_hp_per_floor":[90,83,83,83,76,70,70,70,70,68,40,32,32,32,17,0,0,0],"gold":201,"neow_bonus":"REMOVE_CARD","is_daily":false,"chose_seed":false,"campfire_upgraded":2,"win_rate":0.0,"timestamp":1609187267,"path_taken":["R","M","?","?","M","?","T","?","R","M","M","?","?","?","M","BOSS"],"items_purchased_type":["Card"],"build_version":"2020-12-22","purchased_purges":0,"victory":false,"max_hp_per_floor":[90,90,90,90,90,90,90,90,90,95,95,95,95,95,95,95,95,95],"card_choices":[{"not_picked":["champ:GladiatorStyle","champ:FightOn"],"picked":"champ:DefensiveShout","floor":2},{"not_picked":["champ:RapidStrikes","champ:StanceDance"],"picked":"champ:Circumvent","floor":5},{"not_picked":["champ:Encircle","champ:FocusedBerserking"],"picked":"champ:PerfectedStrike","floor":6},{"not_picked":["champ:BringItOn","champ:PreciseThrust"],"picked":"champ:FanOfKnives","floor":10},{"not_picked":["champ:FocusedBerserking","champ:FocusedDefense"],"picked":"champ:Aggression","floor":11},{"not_picked":["champ:AdrenalArmor","champ:ShieldSlam"],"picked":"champ:GladiatorsShout","floor":12},{"not_picked":["champ:Backstep","champ:FlashCut"],"picked":"champ:Haymaker","floor":15}],"player_experience":905553,"relics_obtained":[{"floor":7,"key":"Pantograph"},{"floor":8,"key":"White Beast Statue"}],"event_choices":[{"damage_healed":0,"gold_gain":0,"player_choice":"Box","damage_taken":0,"relics_obtained":["Oddly Smooth Stone"],"max_hp_gain":0,"max_hp_loss":0,"event_name":"Big Fish","floor":3,"gold_loss":0,"cards_obtained":["Regret"]},{"damage_healed":0,"gold_gain":0,"player_choice":"Grow","damage_taken":0,"max_hp_gain":0,"max_hp_loss":0,"event_name":"Living Wall","floor":13,"gold_loss":0,"cards_upgraded":["champ:Aggression"]}],"is_beta":false,"boss_relics":[],"items_purged_floors":[],"is_endless":false,"potions_floor_spawned":[2,10,11,12,15],"killed_by":"downfall:Ironclad","ascension_level":0}}