{"host":"pfy6u49v5s5r680p","time":1609166171,"event":{"mods":["BaseMod","Colored Map","DeckTracker","Highlight Path","Keyboard Shortcuts","Minty Spire (QoL Compilation)","Permanent Neow","Quick Restart","StSLib","SuperFastMode","everything is the same but u backflip on backflip"],"gold_per_floor":[117,41,56,72,89,89,121,121,148,148,179,192,211,386,386,487,487,498,423,423,49,69,69,88,99,126,126,141,141,159,176,176,176,176],"floor_reached":33,"playtime":1551,"items_purged":[],"score":312,"play_id":"960f37d3-7ea4-4024-9de3-6db3a7bf403a","local_time":"20201228233611","is_ascension_mode":true,"campfire_choices":[{"data":"Power Through","floor":6.0,"key":"SMITH"},{"data":"Wild Strike","floor":8.0,"key":"SMITH"},{"data":"Bash","floor":10.0,"key":"SMITH"},{"data":"Body Slam","floor":15.0,"key":"SMITH"},{"data":"RitualDagger","floor":23.0,"key":"SMITH"},{"data":"Feed","floor":27.0,"key":"SMITH"},{"data":"Bite","floor":32.0,"key":"SMITH"}],"circlet_count":0,"master_deck":["Defend_R","Defend_R","Defend_R","Defend_R+1","Bash+1","Bloodletting+1","Power Through+1","Evolve","Wild Strike+1","Impervious","Sever Soul","Body Slam+1","Doubt","Immolate","Cleave","RitualDagger+1","Sentinel","Feed+1","Warcry+1","Power Through+1","Bite+1","Bite","Bite","Bite","Bite","Blood for Blood+1"],"relics":["Black Blood","War Paint","Toy Ornithopter","Red Skull","Dead Branch","MealTicket"],"acts_visited":["Exordium","TheCity"],"potions_floor_usage":[],"damage_taken":[{"damage":5.0,"enemies":"Small Slimes","floor":1.0,"turns":5.0},{"damage":3.0,"enemies":"2 Louse","floor":3.0,"turns":3.0},{"damage":9.0,"enemies":"Jaw Worm","floor":4.0,"turns":5.0},{"damage":9.0,"enemies":"2 Fungi Beasts","floor":5.0,"turns":3.0},{"damage":29.0,"enemies":"Lagavulin","floor":7.0,"turns":7.0},{"damage":14.0,"enemies":"Gremlin Nob","floor":11.0,"turns":3.0},{"damage":14.0,"enemies":"Exordium Thugs","floor":12.0,"turns":3.0},{"damage":0.0,"enemies":"3 Louse","floor":13.0,"turns":3.0},{"damage":10.0,"enemies":"Hexaghost","floor":16.0,"turns":8.0},{"damage":18.0,"enemies":"Spheric Guardian","floor":18.0,"turns":5.0},{"damage":15.0,"enemies":"Chosen","floor":22.0,"turns":4.0},{"damage":21.0,"enemies":"Centurion and Healer","floor":24.0,"turns":5.0},{"damage":28.0,"enemies":"Shelled Parasite and Fungi","floor":25.0,"turns":6.0},{"damage":37.0,"enemies":"Snecko","floor":28.0,"turns":5.0},{"damage":8.0,"enemies":"Snake Plant","floor":30.0,"turns":3.0},{"damage":31.0,"enemies":"Chosen and Byrds","floor":31.0,"turns":5.0},{"damage":26,"enemies":"Automaton","floor":33,"turns":6}],"seed_played":"-8323045263342320885","potions_obtained":[{"floor":1.0,"key":"DistilledChaos"},{"floor":4.0,"key":"SkillPotion"},{"floor":11.0,"key":"SkillPotion"},{"floor":12.0,"key":"DistilledChaos"},{"floor":28.0,"key":"Weak Potion"},{"floor":30.0,"key":"AttackPotion"}],"is_trial":false,"path_per_floor":["M","$","M","M","M","R","E","R","T","R","E","M","M","?","R","B",null,"M","?","?","$","M","R","M","M","T","R","M","?","M","M","R","B"],"character_chosen":"IRONCLAD","items_purchased":["Evolve","Dead Branch","Sentinel"],"campfire_rested":0,"item_purchase_floors":[2,21,21],"current_hp_per_floor":[80,80,80,77,74,74,51,51,51,51,48,40,46,46,46,52,80,74,74,68,68,65,65,56,40,40,40,15,15,28,20,20,0,0],"gold":176,"neow_bonus":"TRANSFORM_CARD","is_daily":false,"chose_seed":false,"campfire_upgraded":7,"win_rate":0.0,"timestamp":1609166171,"path_taken":["M","$","M","M","M","R","E","R","T","R","E","M","M","?","R","BOSS","M","?","?","$","M","R","M","M","T","R","M","?","M","M","R","BOSS"],"items_purchased_type":["Card","Relic","Card"],"build_version":"2020-12-22","purchased_purges":0,"victory":false,"max_hp_per_floor":[80,80,80,80,80,80,80,80,80,80,80,80,80,80,80,80,80,80,80,80,80,80,80,80,80,80,80,80,56,56,56,56,56,56],"card_choices":[{"not_picked":["Perfected Strike","Warcry"],"picked":"Power Through","floor":1.0},{"not_picked":["Armaments","Headbutt"],"picked":"Wild Strike","floor":3.0},{"not_picked":["Shrug It Off","Sword Boomerang","Anger"],"picked":"SKIP","floor":4.0},{"not_picked":["Heavy Blade","Anger","Clothesline"],"picked":"SKIP","floor":5.0},{"not_picked":["Offering","Sword Boomerang"],"picked":"Impervious","floor":7.0},{"not_picked":["Iron Wave","Shrug It Off"],"picked":"Sever Soul","floor":11.0},{"not_picked":["Sever Soul","Pommel Strike","Evolve"],"picked":"SKIP","floor":12.0},{"not_picked":["Armaments","Perfected Strike"],"picked":"Body Slam","floor":13.0},{"not_picked":["Limit Break","Demon Form"],"picked":"Immolate","floor":16.0},{"not_picked":["Havoc+1","Flame Barrier"],"picked":"Cleave","floor":18.0},{"not_picked":["Intimidate+1","Sword Boomerang+1"],"picked":"Feed","floor":22.0},{"not_picked":["Anger+1","True Grit"],"picked":"Warcry+1","floor":24.0},{"not_picked":["Clash","Armaments","Anger+1"],"picked":"SKIP","floor":25.0},{"not_picked":["Infernal Blade","Rupture+1"],"picked":"Power Through+1","floor":28.0},{"not_picked":["Uppercut+1","Carnage","Flex"],"picked":"SKIP","floor":30.0},{"not_picked":["Heavy Blade+1","Anger+1"],"picked":"Blood for Blood+1","floor":31.0}],"player_experience":31115,"relics_obtained":[{"floor":7.0,"key":"War Paint"},{"floor":9.0,"key":"Toy Ornithopter"},{"floor":11.0,"key":"Red Skull"},{"floor":26.0,"key":"MealTicket"}],"event_choices":[{"damage_healed":0.0,"max_hp_gain":0.0,"max_hp_loss":0.0,"gold_gain":175.0,"event_name":"Liars Game","player_choice":"AGREE","floor":14.0,"gold_loss":0.0,"damage_taken":0.0,"cards_obtained":["Doubt"]},{"cards_removed":["Strike_R"],"damage_healed":0.0,"max_hp_gain":0.0,"max_hp_loss":0.0,"gold_gain":0.0,"event_name":"Beggar","player_choice":"Gave Gold","floor":19.0,"gold_loss":75.0,"damage_taken":0.0},{"damage_healed":0.0,"max_hp_gain":0.0,"max_hp_loss":0.0,"gold_gain":0.0,"event_name":"Nest","player_choice":"Joined the Cult","floor":20.0,"gold_loss":0.0,"damage_taken":6.0,"cards_obtained":["RitualDagger"]},{"damage_healed":0.0,"max_hp_gain":0.0,"max_hp_loss":24.0,"gold_gain":0.0,"event_name":"Vampires","player_choice":"Became a vampire","floor":29.0,"gold_loss":0.0,"damage_taken":0.0,"cards_obtained":["Bite","Bite","Bite","Bite","Bite"]}],"is_beta":false,"boss_relics":[{"not_picked":["Runic Pyramid","Sozu"],"picked":"Black Blood"}],"items_purged_floors":[],"is_endless":false,"potions_floor_spawned":[1,4,11,12,28,30],"killed_by":"Automaton","ascension_level":2}}