{"host":"6vv0uythevi5qk1w","time":1609163760,"event":{"mods":["Act Like it!","BaseMod","Downfall","Gensokyo","Minty Spire (QoL Compilation)","Remilia£®¿Ÿ√◊¿Ú—«£©","StSLib"],"gold_per_floor":[109,9,9,24,36,36,46,46,46,19,34,64,89,107,107,354,354,371,371,391,391,52,78,78,362,362,387,387,387,5,5,5,108,108,125,137,137,36,51,326,326,326,326,337,347,531,531,541,541,541,541,541,14,44,44],"floor_reached":56,"playtime":3858,"items_purged":["Strike_G"],"score":1905,"play_id":"58dcae5c-2beb-421b-88ff-f5c3f6f872d3","local_time":"20201228215600","is_ascension_mode":true,"campfire_choices":[{"data":"Blade Dance","floor":6.0,"key":"SMITH"},{"data":"Neutralize","floor":8.0,"key":"SMITH"},{"floor":15.0,"key":"RECALL"},{"floor":32.0,"key":"DIG"},{"data":"Strike_G","floor":41.0,"key":"PURGE"},{"floor":47,"key":"DIG"},{"floor":49,"key":"DIG"},{"floor":52,"key":"DIG"}],"circlet_count":0,"master_deck":["Strike_G","Strike_G","Defend_G","Survivor","Neutralize+1","Blade Dance+1","Wraith Form v2","Infinite Blades","Concentrate+1","Corpse Explosion+1","Acrobatics+1","Blade Dance+1","Burst+1","Accuracy+1","Gensokyo:ShootingStar+1","Envenom+1","Blade Dance+1","Footwork+1","Doppelganger+1","Acrobatics+1","Expertise+1"],"relics":["Coffee Dripper","Letter Opener","AntiCross","Toxic Egg 2","sneckomod:SneckoTalon","ClockworkSouvenir","PreservedInsect","Singing Bowl","Guardian:PocketSentry","Frozen Egg 2","Gensokyo:MosesMiracle","Mercury Hourglass","Shovel","Gensokyo:RedStar","Meat on the Bone","Peace Pipe","HoveringKite","Prayer Wheel","Regal Pillow","HornCleat","Lizard Tail","Ancient Tea Set","Oddly Smooth Stone","Turnip","InkBottle","Calipers","Bag of Preparation","Happy Flower"],"acts_visited":["Exordium","Gensokyo:Gensokyo","Gensokyo:Gensokyoer","TheEnding"],"potions_floor_usage":[44,50,55,55,55],"damage_taken":[{"damage":0.0,"enemies":"Gensokyo:Python","floor":1.0,"turns":4.0},{"damage":0.0,"enemies":"Gensokyo:2_Kodama","floor":4.0,"turns":2.0},{"damage":0.0,"enemies":"Gensokyo:Gryphon","floor":5.0,"turns":4.0},{"damage":7.0,"enemies":"Gensokyo:VengefulSpirit","floor":7.0,"turns":6.0},{"damage":3.0,"enemies":"Gensokyo:5_Fairies","floor":11.0,"turns":5.0},{"damage":0.0,"enemies":"Gensokyo:Aya","floor":12.0,"turns":5.0},{"damage":0.0,"enemies":"Gensokyo:LivingMonolith","floor":14.0,"turns":2.0},{"damage":23.0,"enemies":"Gensokyo:Reimu","floor":16.0,"turns":6.0},{"damage":0.0,"enemies":"Gensokyo:2_Gloops","floor":18.0,"turns":4.0},{"damage":3.0,"enemies":"Gensokyo:3_Dogs","floor":20.0,"turns":2.0},{"damage":18.0,"enemies":"Gensokyo:Reisen","floor":23.0,"turns":5.0},{"damage":0.0,"enemies":"Gensokyo:Koishi","floor":25.0,"turns":4.0},{"damage":0.0,"enemies":"Gensokyo:Tenshi","floor":27.0,"turns":4.0},{"damage":22.0,"enemies":"Gensokyo:Eiki","floor":33.0,"turns":5.0},{"damage":0.0,"enemies":"Gensokyo:3_Boulders","floor":35.0,"turns":2.0},{"damage":0.0,"enemies":"Gensokyo:AncientGuardian","floor":36.0,"turns":1.0},{"damage":0.0,"enemies":"Gensokyo:AtlasGolem","floor":39.0,"turns":4.0},{"damage":2.0,"enemies":"Gensokyo:Doremy","floor":40.0,"turns":4.0},{"damage":12,"enemies":"Gensokyo:4_Bats","floor":44,"turns":3},{"damage":0,"enemies":"Gensokyo:Rafflesia","floor":45,"turns":3},{"damage":4,"enemies":"Gensokyo:Kasen","floor":46,"turns":3},{"damage":0,"enemies":"Gensokyo:SeedOfUnknown","floor":48,"turns":2},{"damage":16,"enemies":"Gensokyo:Shinki","floor":50,"turns":7},{"damage":19,"enemies":"Shield and Spear","floor":54,"turns":2},{"damage":45,"enemies":"The Heart","floor":55,"turns":5}],"seed_played":"8182369881957312399","potions_obtained":[{"floor":4.0,"key":"Swift Potion"},{"floor":11.0,"key":"Slimebound:ThreeZeroPotion"},{"floor":14.0,"key":"SneckoOil"},{"floor":18.0,"key":"GamblersBrew"},{"floor":23.0,"key":"SkillPotion"},{"floor":33.0,"key":"hexamod:EctoCoolerPotion"},{"floor":36.0,"key":"Explosive Potion"},{"floor":40.0,"key":"SteroidPotion"},{"floor":45,"key":"BlessingOfTheForge"},{"floor":46,"key":"GamblersBrew"},{"floor":54,"key":"Block Potion"}],"is_trial":false,"path_per_floor":["M","?","?","M","M","R","M","R","T","COS","M","E","T","M","R","B",null,"M","?","M","?","COS","E","?","E","T","E","?","T","$","?","R","B",null,"M","M","?","COS","M","E","R","?","T","M","M","E","R","M","R","B",null,"R","$","E","B",null],"character_chosen":"THE_SILENT","items_purchased":["Shovel","Accuracy+1","Calipers","Bag of Preparation"],"campfire_rested":0,"item_purchase_floors":[30,30,53,53],"current_hp_per_floor":[63,63,63,63,63,63,56,56,56,56,53,53,53,53,53,30,60,60,60,57,57,57,39,39,39,39,41,41,41,41,41,41,62,70,72,74,44,44,44,42,42,42,42,46,48,44,44,48,48,44,76,76,76,59,26],"gold":44,"neow_bonus":"BOSS_RELIC","is_daily":false,"chose_seed":false,"campfire_upgraded":2,"win_rate":0.0,"timestamp":1609163760,"path_taken":["M","?","?","M","M","R","?","R","T","COS","M","E","?","M","R","BOSS","M","?","?","?","COS","E","?","E","T","E","?","?","?","?","R","BOSS","M","M","?","COS","M","E","R","?","T","M","M","E","R","M","R","BOSS","R","$","E","BOSS"],"items_purchased_type":["Relic","Card","Relic","Relic"],"build_version":"2020-12-22","purchased_purges":1,"victory":true,"max_hp_per_floor":[70,70,70,70,70,70,70,70,70,70,70,70,70,70,70,70,70,70,70,70,70,70,70,70,70,70,72,72,72,72,72,72,72,72,74,76,76,76,76,76,76,76,76,80,82,82,82,86,86,86,86,86,86,88,88],"card_choices":[{"not_picked":["Slice","Bane"],"picked":"Blade Dance","floor":1.0},{"not_picked":["Flechettes","Prepared"],"picked":"Wraith Form v2","floor":4.0},{"not_picked":["Poisoned Stab","Quick Slash","Cloak And Dagger"],"picked":"SKIP","floor":5.0},{"not_picked":["Endless Agony","All Out Attack"],"picked":"Infinite Blades","floor":7.0},{"not_picked":["Deflect","Deadly Poison","Outmaneuver"],"picked":"SKIP","floor":11.0},{"not_picked":["Skewer","Outmaneuver+1"],"picked":"Concentrate+1","floor":12.0},{"not_picked":["Dagger Throw","Flying Knee","Dagger Spray"],"picked":"SKIP","floor":14.0},{"not_picked":["Wraith Form v2","A Thousand Cuts"],"picked":"Corpse Explosion+1","floor":16.0},{"not_picked":["Calculated Gamble+1","Sucker Punch"],"picked":"Acrobatics+1","floor":18.0},{"not_picked":["Underhanded Strike","PiercingWail+1"],"picked":"Blade Dance+1","floor":20.0},{"not_picked":["Deflect+1","PiercingWail+1","Setup+1"],"picked":"SKIP","floor":23.0},{"not_picked":["Corpse Explosion","Grand Finale"],"picked":"Burst","floor":25.0},{"not_picked":["Setup+1","Bouncing Flask+1","Dagger Throw"],"picked":"SKIP","floor":25.0},{"not_picked":["Backflip+1","Outmaneuver+1","Unload"],"picked":"Singing Bowl","floor":27.0},{"not_picked":[],"picked":"Gensokyo:ShootingStar","floor":33.0},{"not_picked":["Phantasmal Killer+1","Burst+1"],"picked":"Envenom+1","floor":33.0},{"not_picked":["Flying Knee","Underhanded Strike+1","Bane"],"picked":"Singing Bowl","floor":35.0},{"not_picked":["Poisoned Stab","Bane","Wraith Form v2+1"],"picked":"Singing Bowl","floor":36.0},{"not_picked":["Dagger Throw+1","Catalyst+1"],"picked":"Blade Dance+1","floor":39.0},{"not_picked":["Flying Knee","Flechettes"],"picked":"Footwork+1","floor":39.0},{"not_picked":["Deflect+1","Flying Knee+1"],"picked":"Doppelganger+1","floor":40.0},{"not_picked":["Noxious Fumes+1","Slice","Quick Slash"],"picked":"Singing Bowl","floor":44},{"not_picked":["Endless Agony","Dagger Spray","Finisher"],"picked":"Singing Bowl","floor":44},{"not_picked":["Slice+1","Blade Dance+1","Skewer+1"],"picked":"Singing Bowl","floor":45},{"not_picked":["Predator","Poisoned Stab+1"],"picked":"Acrobatics+1","floor":45},{"not_picked":["Blade Dance+1","Bouncing Flask+1"],"picked":"Expertise+1","floor":46},{"not_picked":["Bane+1","Deflect+1","Cloak And Dagger+1"],"picked":"Singing Bowl","floor":48},{"not_picked":["Slice+1","Blade Dance+1","Dodge and Roll+1"],"picked":"Singing Bowl","floor":48},{"not_picked":["Leg Sweep+1","Setup+1","Outmaneuver+1"],"picked":"Singing Bowl","floor":54}],"player_experience":440706,"relics_obtained":[{"floor":9.0,"key":"AntiCross"},{"floor":12.0,"key":"Toxic Egg 2"},{"floor":23.0,"key":"Bronze Scales"},{"floor":25.0,"key":"PreservedInsect"},{"floor":26.0,"key":"Singing Bowl"},{"floor":27.0,"key":"Frozen Egg 2"},{"floor":29.0,"key":"Mercury Hourglass"},{"floor":32.0,"key":"Meat on the Bone"},{"floor":36.0,"key":"Gensokyo:MosesMiracle"},{"floor":40.0,"key":"Regal Pillow"},{"floor":43.0,"key":"HornCleat"},{"floor":46,"key":"Ancient Tea Set"},{"floor":47,"key":"Oddly Smooth Stone"},{"floor":49,"key":"Turnip"},{"floor":52,"key":"InkBottle"},{"floor":54,"key":"Happy Flower"}],"event_choices":[],"is_beta":false,"boss_relics":[{"not_picked":["Tiny House","Velvet Choker"],"picked":"sneckomod:SneckoTalon"},{"not_picked":["Runic Dome","Snecko Eye"],"picked":"HoveringKite"}],"items_purged_floors":[53],"is_endless":false,"potions_floor_spawned":[4,11,14,18,23,33,36,40,45,46,54],"ascension_level":9}}