{"host":"12piqfhmdln9x2la","time":1609127143,"event":{"mods":["2.2 Compatiblity","AchievementEnabler","BaseMod","BetterRewards","Colored Powertips","Minty Spire (QoL Compilation)","Quick Restart","SuperFastMode"],"gold_per_floor":[116,133,133,408,424,455,455,782,782,814,827,827,827,1002,1002,1101,1101,1114,1114,1130,882,896,916,942,958,958,958,969,969,995,995,995],"floor_reached":31,"playtime":651,"items_purged":["Strike_R","Defend_R","Doubt"],"score":404,"play_id":"9f43cd39-6630-4022-9f61-8286c0610950","local_time":"20201228124542","is_ascension_mode":true,"campfire_choices":[{"data":"Pommel Strike","floor":7,"key":"SMITH"},{"floor":12,"key":"RECALL"},{"floor":15,"key":"REST"},{"data":"Inflame","floor":27,"key":"SMITH"}],"circlet_count":0,"master_deck":["Defend_R","Defend_R+1","Defend_R","Bash","Pommel Strike+1","Heavy Blade","Regret","Anger","Spot Weakness","Clash","Intimidate","Twin Strike","Shame","Pommel Strike+1","Inflame+1","Flex","Flex","Armaments+1","Shrug It Off","Armaments+1","Flex","Bite","Bite","Bite","Bite","Bite"],"relics":["Burning Blood","Membership Card","Mercury Hourglass","Lizard Tail","Juzu Bracelet","Gambling Chip","Torii","Mummified Hand","Old Coin","Red Skull","Coffee Dripper","Ancient Tea Set","Omamori","HornCleat","Paper Frog","Lantern"],"acts_visited":["Exordium","TheCity"],"potions_floor_usage":[6,10,16,22,28],"damage_taken":[{"damage":1,"enemies":"Cultist","floor":1,"turns":3},{"damage":6,"enemies":"2 Louse","floor":2,"turns":2},{"damage":4,"enemies":"Small Slimes","floor":5,"turns":3},{"damage":36,"enemies":"Lagavulin","floor":6,"turns":4},{"damage":18,"enemies":"Gremlin Nob","floor":8,"turns":3},{"damage":24,"enemies":"Lagavulin","floor":10,"turns":5},{"damage":13,"enemies":"Blue Slaver","floor":11,"turns":2},{"damage":21,"enemies":"Hexaghost","floor":16,"turns":6},{"damage":2,"enemies":"Chosen","floor":18,"turns":3},{"damage":30,"enemies":"Shell Parasite","floor":20,"turns":4},{"damage":2,"enemies":"3 Cultists","floor":22,"turns":3},{"damage":10,"enemies":"Snecko","floor":23,"turns":3},{"damage":35,"enemies":"Book of Stabbing","floor":24,"turns":3},{"damage":12,"enemies":"Centurion and Healer","floor":25,"turns":3},{"damage":4,"enemies":"3 Cultists","floor":28,"turns":4},{"damage":53,"enemies":"Gremlin Leader","floor":30,"turns":5}],"seed_played":"-8546385800523722781","potions_obtained":[{"floor":1,"key":"Fire Potion"},{"floor":6,"key":"SpeedPotion"},{"floor":8,"key":"SpeedPotion"},{"floor":10,"key":"Explosive Potion"},{"floor":20,"key":"ColorlessPotion"},{"floor":22,"key":"DuplicationPotion"},{"floor":30,"key":"EssenceOfSteel"}],"is_trial":false,"path_per_floor":["M","M","?","?","M","E","R","E","T","E","M","R","?","?","R","B",null,"M","?","M","$","M","M","E","M","T","R","M","?","E","?"],"character_chosen":"IRONCLAD","items_purchased":["Membership Card","Mercury Hourglass","Pommel Strike","Juzu Bracelet","Explosive Potion","Omamori","Inflame","Flex","FairyPotion"],"campfire_rested":1,"item_purchase_floors":[0,0,0,0,0,21,21,21,21],"current_hp_per_floor":[49,49,46,46,48,18,18,46,46,28,21,21,5,5,29,14,80,80,80,56,56,60,56,27,21,21,21,23,23,7,0,0],"gold":995,"neow_bonus":"","is_daily":false,"chose_seed":false,"campfire_upgraded":2,"win_rate":0.0,"timestamp":1609127142,"path_taken":["M","M","?","?","M","E","R","E","T","E","M","R","?","?","R","BOSS","M","?","M","$","M","M","E","M","T","R","M","?","E","?"],"items_purchased_type":["Relic","Relic","Card","Relic","Potion","Relic","Card","Card","Potion"],"build_version":"2020-12-22","purchased_purges":3,"victory":false,"max_hp_per_floor":[80,80,80,80,80,80,80,80,80,80,80,80,80,80,80,80,80,80,80,80,80,80,80,80,80,80,80,80,56,56,56,56],"card_choices":[{"not_picked":["Dual Wield","Cleave"],"picked":"Heavy Blade","floor":1},{"not_picked":["True Grit","Battle Trance","Warcry"],"picked":"SKIP","floor":2},{"not_picked":["Burning Pact","Warcry"],"picked":"Anger","floor":5},{"not_picked":["Pommel Strike","Barricade","Power Through"],"picked":"SKIP","floor":6},{"not_picked":["Hemokinesis","Armaments"],"picked":"Spot Weakness","floor":8},{"not_picked":["Twin Strike","Iron Wave"],"picked":"Clash","floor":10},{"not_picked":["Wild Strike","Clash"],"picked":"Intimidate","floor":11},{"not_picked":["Second Wind","Wild Strike"],"picked":"Twin Strike","floor":18},{"not_picked":["Warcry","Perfected Strike"],"picked":"Pommel Strike+1","floor":20},{"not_picked":["Warcry","Sword Boomerang"],"picked":"Flex","floor":22},{"not_picked":["Blood for Blood","True Grit"],"picked":"Armaments+1","floor":23},{"not_picked":["Juggernaut","Havoc"],"picked":"Shrug It Off","floor":24},{"not_picked":["Heavy Blade","Burning Pact"],"picked":"Armaments+1","floor":25},{"not_picked":["Fire Breathing","Power Through+1"],"picked":"Flex","floor":28},{"not_picked":["Anger","Headbutt","True Grit+1"],"picked":"SKIP","floor":30}],"player_experience":130110,"relics_obtained":[{"floor":6,"key":"Mummified Hand"},{"floor":8,"key":"Old Coin"},{"floor":10,"key":"Red Skull"},{"floor":24,"key":"HornCleat"},{"floor":26,"key":"Paper Frog"},{"floor":30,"key":"Lantern"}],"event_choices":[{"damage_healed":0,"gold_gain":0,"player_choice":"Success","damage_taken":3,"relics_obtained":["Torii"],"max_hp_gain":0,"max_hp_loss":0,"event_name":"Scrap Ooze","floor":3,"gold_loss":0},{"damage_healed":0,"gold_gain":275,"player_choice":"Desecrate","damage_taken":0,"max_hp_gain":0,"max_hp_loss":0,"event_name":"Golden Shrine","floor":4,"gold_loss":0,"cards_obtained":["Regret"]},{"damage_healed":0,"gold_gain":0,"player_choice":"Entered Light","damage_taken":16,"max_hp_gain":0,"max_hp_loss":0,"event_name":"Shining Light","floor":13,"gold_loss":0,"cards_upgraded":["Strike_R","Defend_R"]},{"damage_healed":0,"gold_gain":175,"player_choice":"AGREE","damage_taken":0,"max_hp_gain":0,"max_hp_loss":0,"event_name":"Liars Game","floor":14,"gold_loss":0,"cards_obtained":["Doubt"]},{"damage_healed":0,"gold_gain":0,"player_choice":"Stole Relic","damage_taken":0,"relics_obtained":["Ancient Tea Set"],"max_hp_gain":0,"max_hp_loss":0,"event_name":"Addict","floor":19,"gold_loss":0,"cards_obtained":["Shame"]},{"damage_healed":0,"gold_gain":0,"player_choice":"Became a vampire","damage_taken":0,"max_hp_gain":0,"max_hp_loss":24,"event_name":"Vampires","floor":29,"gold_loss":0,"cards_obtained":["Bite","Bite","Bite","Bite","Bite"]},{"damage_healed":0,"gold_gain":0,"player_choice":"Obtained Book","damage_taken":16,"max_hp_gain":0,"max_hp_loss":0,"event_name":"Cursed Tome","floor":31,"gold_loss":0}],"is_beta":false,"boss_relics":[{"not_picked":["Sozu","SacredBark"],"picked":"Coffee Dripper"}],"items_purged_floors":[0,0,21],"is_endless":false,"potions_floor_spawned":[1,6,8,10,11,20,22,30],"ascension_level":4}}