{"host":"nkolxg4se00n20yf","time":1609184942,"event":{"mods":["BaseMod","CatGirl Mod","Chen","Colored Map","Colored Powertips","Downfall","Friendly Minions","Infinite Spire","Kiyohime????","Marisa????????","Minty Spire (QoL Compilation)","StSLib","Td1madao Mod","The Administrix","The Cursed","The Exalted","The Hierophant","The Servant 0.9.4"],"gold_per_floor":[117,117,132,151,166,166,192,192,273,292,309,327,327,356,356,460,460,475,485,485,485,500,500,500],"floor_reached":23,"playtime":908,"items_purged":[],"score":328,"play_id":"354b2d78-8f84-482d-8738-02bfdbe226a6","local_time":"20201228204902","is_ascension_mode":true,"campfire_choices":[{"floor":6.0,"key":"REST"},{"data":"Darkness","floor":8.0,"key":"SMITH"},{"floor":13.0,"key":"REST"},{"floor":15.0,"key":"REST"}],"circlet_count":0,"master_deck":["AscendersBane","Strike_B","Strike_B","Strike_B","Strike_B","Defend_B","Defend_B","Defend_B","Defend_B","Zap","Dualcast","Rebound","Rebound","White Noise","Steam","Darkness+1","Go for the Eyes","Beam Cell","Conserve Battery","Rainbow","Echo Form","CurseOfTheBell","Streamline+1","Clumsy","Regret","infinitespire:TheBestDefense","Tempest+1"],"relics":["Cracked Core","infinitespire:Golems Mask","Mummified Hand","infinitespire:PuzzleCube","Calling Bell","Bag of Preparation","Matryoshka","Shovel","MutagenicStrength"],"acts_visited":["Exordium","TheCity"],"potions_floor_usage":[23],"damage_taken":[{"damage":3.0,"enemies":"Jaw Worm","floor":1.0,"turns":4.0},{"damage":0.0,"enemies":"Cultist","floor":3.0,"turns":2.0},{"damage":8.0,"enemies":"2 Louse","floor":4.0,"turns":2.0},{"damage":6.0,"enemies":"Exordium Wildlife","floor":5.0,"turns":3.0},{"damage":25.0,"enemies":"3 Sentries","floor":7.0,"turns":7.0},{"damage":6.0,"enemies":"Large Slime","floor":10.0,"turns":4.0},{"damage":23.0,"enemies":"Lots of Slimes","floor":11.0,"turns":4.0},{"damage":11.0,"enemies":"2 Fungi Beasts","floor":12.0,"turns":3.0},{"damage":9.0,"enemies":"Lagavulin","floor":14.0,"turns":7.0},{"damage":18.0,"enemies":"Slime Boss","floor":16.0,"turns":5.0},{"damage":15.0,"enemies":"Chosen","floor":18.0,"turns":5.0},{"damage":17.0,"enemies":"Shell Parasite","floor":19.0,"turns":5.0},{"damage":6.0,"enemies":"Snecko","floor":22.0,"turns":4.0},{"damage":36,"enemies":"Book of Stabbing","floor":23,"turns":4}],"seed_played":"4355577501219788516","potions_obtained":[{"floor":1.0,"key":"SpeedPotion"},{"floor":5.0,"key":"Strength Potion"},{"floor":7.0,"key":"PotionOfCapacity"},{"floor":10.0,"key":"DistilledChaos"},{"floor":18.0,"key":"AttackPotion"},{"floor":22.0,"key":"champ:CounterPotion"}],"is_trial":false,"path_per_floor":["M","?","M","M","M","R","E","R","T","M","M","M","R","E","R","B",null,"M","M","?","?","M","E"],"character_chosen":"DEFECT","items_purchased":[],"campfire_rested":3,"item_purchase_floors":[],"current_hp_per_floor":[72,72,72,64,58,82,57,57,57,51,28,17,41,32,56,38,71,56,39,39,39,33,0,0],"gold":500,"neow_bonus":"TEN_PERCENT_HP_BONUS","is_daily":false,"chose_seed":false,"campfire_upgraded":1,"win_rate":0.0,"timestamp":1609184942,"path_taken":["M","?","M","M","?","R","E","R","T","M","M","M","R","E","R","BOSS","M","M","?","?","M","E"],"items_purchased_type":[],"build_version":"2020-12-22","purchased_purges":0,"victory":false,"max_hp_per_floor":[82,82,82,82,82,82,82,82,82,82,82,82,82,82,82,82,82,82,82,82,82,82,82,82],"card_choices":[{"not_picked":["Blizzard","Undo"],"picked":"Rebound","floor":1.0},{"not_picked":["Turbo","Go for the Eyes"],"picked":"Rebound","floor":3.0},{"not_picked":["Streamline","Barrage"],"picked":"White Noise","floor":4.0},{"not_picked":["Barrage","Go for the Eyes"],"picked":"Steam","floor":5.0},{"not_picked":["Undo","Steam"],"picked":"Darkness","floor":7.0},{"not_picked":["Streamline","Coolheaded"],"picked":"Go for the Eyes","floor":10.0},{"not_picked":["Ball Lightning","Cold Snap"],"picked":"Beam Cell","floor":11.0},{"not_picked":["Redo","Force Field"],"picked":"Conserve Battery","floor":12.0},{"not_picked":["Consume","Cold Snap"],"picked":"Rainbow","floor":14.0},{"not_picked":["Biased Cognition","Hyperbeam"],"picked":"Echo Form","floor":16.0},{"not_picked":["Compile Driver","Sunder"],"picked":"Streamline+1","floor":18.0},{"not_picked":["Hello World","Storm","Beam Cell"],"picked":"SKIP","floor":19.0},{"not_picked":["infinitespire:UltimateForm","infinitespire:SealOfDarkness+"],"picked":"infinitespire:TheBestDefense","floor":20.0},{"not_picked":["Streamline","Turbo+1"],"picked":"Tempest+1","floor":22.0}],"player_experience":1073808,"relics_obtained":[{"floor":7.0,"key":"infinitespire:Golems Mask"},{"floor":9.0,"key":"Mummified Hand"},{"floor":14.0,"key":"infinitespire:PuzzleCube"},{"floor":17.0,"key":"Bag of Preparation"},{"floor":17.0,"key":"Matryoshka"},{"floor":17.0,"key":"Shovel"}],"event_choices":[{"damage_healed":0.0,"max_hp_gain":0.0,"max_hp_loss":0.0,"gold_gain":0.0,"event_name":"The Woman in Blue","player_choice":"Bought 0 Potions","floor":2.0,"gold_loss":0.0,"damage_taken":0.0},{"damage_healed":0.0,"max_hp_gain":0.0,"max_hp_loss":0.0,"gold_gain":0.0,"event_name":"Drug Dealer","player_choice":"Inject Mutagens","floor":21.0,"gold_loss":0.0,"damage_taken":0.0,"relics_obtained":["MutagenicStrength"]}],"is_beta":false,"boss_relics":[{"not_picked":["Sozu","Runic Dome"],"picked":"Calling Bell"}],"items_purged_floors":[],"is_endless":false,"potions_floor_spawned":[1,5,7,10,18,22],"killed_by":"Book of Stabbing","ascension_level":12}}