{"host":"nia1zwr35jsu5y7h","time":1609145334,"event":{"mods":["2.2 Compatiblity","Abigail Mod","Bard","BaseMod","Colored Map","Conspire","Downfall","Friendly Minions","Hermit","Highlight Path","Hubris","Infinite Spire","Kiyohime????","Koishi","Marisa????????","Minty Spire (QoL Compilation)","Quick Restart","Replay The Spire","Shade Mod","Shop Mod","StSLib","The Administrix","The Animator","The Construct","The Cursed","The Disciple","The Mystic","The Necromancer","The Servant 0.9.4"],"gold_per_floor":[109,109,135,135,85,121,121,47,71,94,94,107,7,31,31,155,155,169,204,223,223,246,277,277,316,387,18,31,31,31,46,46,166,166,180,513,528,543,47,47,98,126,152,152,231,245,262,297,297,297],"floor_reached":51,"playtime":2077,"items_purged":["Looming Evil","Shade:Strike_Shade","Shade:Strike_Shade"],"score":918,"play_id":"8f3c1c57-521b-4916-b374-a640d282ba71","local_time":"20201228004854","is_ascension_mode":false,"campfire_choices":[{"data":"Shade:OpenGraves","floor":15,"key":"SMITH"},{"data":"Shade:FreshBones","floor":30,"key":"SMITH"},{"data":"Shade:SkeletonArmy","floor":32,"key":"SMITH"},{"data":"Shade:AblativeArmor","floor":40,"key":"SMITH"},{"data":"Shade:FleshToFlesh","floor":44,"key":"SMITH"},{"data":"Shade:LichForm","floor":49,"key":"SMITH"}],"circlet_count":0,"master_deck":["Shade:Strike_Shade+1","Shade:Defend_Shade","Shade:Defend_Shade","Shade:AnimateDead","Shade:CarefulCut","Shade:AblativeArmor+1","Shade:FreshBones+1","Shade:Asphyxiate+1","Shade:StitchTogether+1","Shade:FuneraryJewels","Shade:OpenGraves+1","Shade:FleshToFlesh+1","Shade:GraveStillness","Shade:Coordination+1","Shade:SkeletonArmy+1","Shade:OpenGraves+1","Shade:FreshBones+1","Shade:CloudOfShrapnel+1","Shade:Putrefaction+1","Shade:RitualOffering+1","Shade:GraveStillness+1","Shade:Excise+1","Shade:LichForm+1"],"relics":["Shade:YorickPolishedSkull","NeowsBlessing","Juzu Bracelet","Blue Doll","ReplayTheSpireMod:CursedCoin","Blood Vial","Runic Dome","Red Mask","infinitespire:Eraser","Orichalcum","Replay:Rubber Ducky","InkBottle","hubris:MysteriousPyramids","Guide Book","hubris:Potato","CatCart","Counterbalance","Bronze Scales","Iron Hammer","hubris:FunFungus"],"acts_visited":["Exordium","TheCity","TheBeyond"],"potions_floor_usage":[16,16,16,16],"damage_taken":[{"damage":0,"enemies":"2 Louse","floor":1,"turns":1},{"damage":0,"enemies":"Replay:BlueRogue","floor":6,"turns":1},{"damage":0,"enemies":"Jaw Worm","floor":10,"turns":1},{"damage":0,"enemies":"Small Slimes","floor":12,"turns":5},{"damage":0,"enemies":"2 Fungi Beasts","floor":14,"turns":4},{"damage":8,"enemies":"Hexaghost","floor":16,"turns":10},{"damage":2,"enemies":"2 Thieves","floor":18,"turns":4},{"damage":9,"enemies":"Masked Bandits","floor":19,"turns":5},{"damage":0,"enemies":"conspire:FuzzyDice","floor":20,"turns":5},{"damage":11,"enemies":"Centurion and Healer","floor":22,"turns":6},{"damage":5,"enemies":"Replay:Snechameleon","floor":23,"turns":7},{"damage":0,"enemies":"conspire:Head Lice","floor":25,"turns":6},{"damage":4,"enemies":"Snake Plant","floor":28,"turns":4},{"damage":0,"enemies":"3 Cultists","floor":31,"turns":4},{"damage":4,"enemies":"Automaton","floor":33,"turns":8},{"damage":0,"enemies":"Orb Walker","floor":35,"turns":4},{"damage":6,"enemies":"3 Darklings","floor":37,"turns":3},{"damage":0,"enemies":"Maw","floor":38,"turns":5},{"damage":0,"enemies":"Orin","floor":41,"turns":6},{"damage":0,"enemies":"R_Hoarder","floor":42,"turns":7},{"damage":0,"enemies":"Writhing Mass","floor":46,"turns":3},{"damage":4,"enemies":"Jaw Worm Horde","floor":47,"turns":3},{"damage":0,"enemies":"Nemesis","floor":48,"turns":7},{"damage":0,"enemies":"infinitespire:MassOfShapes","floor":50,"turns":8}],"seed_played":"-1840744038576373575","potions_obtained":[{"floor":6,"key":"Fire Potion"},{"floor":10,"key":"EntropicBrew"},{"floor":14,"key":"conspire:TimeTravelPotion"},{"floor":16,"key":"Block Potion"},{"floor":18,"key":"Regen Potion"},{"floor":35,"key":"champ:CounterPotion"},{"floor":38,"key":"EntropicBrew"}],"is_trial":false,"path_per_floor":["M","?","T","?","?","E","?","$","T","M","?","M","$","M","R","B",null,"M","?","M","T","M","E","?","E","T","$","M","?","R","M","R","B",null,"M","?","M","M","$","R","?","E","T","R","T","M","M","E","R","B",null],"character_chosen":"SHADE","items_purchased":["ReplayTheSpireMod:CursedCoin","Shade:StitchTogether","Shade:FuneraryJewels","hubris:MysteriousPyramids","Shade:RitualOffering+1","Guide Book","hubris:Potato"],"campfire_rested":0,"item_purchase_floors":[8,8,8,27,39,39,39],"current_hp_per_floor":[65,49,49,49,49,49,49,49,49,51,38,40,40,52,52,56,65,65,65,65,65,64,65,65,65,65,65,61,61,61,63,63,63,65,65,65,59,61,61,61,63,65,65,65,65,65,61,65,65,65],"gold":297,"neow_bonus":"THREE_ENEMY_KILL","is_daily":false,"chose_seed":false,"campfire_upgraded":6,"win_rate":0.0,"timestamp":1609145334,"path_taken":["M","?","?","?","?","E","?","$","T","M","?","M","$","M","R","BOSS","M","?","M","?","M","E","?","E","T","$","M","?","R","M","R","BOSS","M","?","M","M","$","R","?","E","T","R","?","M","M","E","R","BOSS"],"items_purchased_type":["Relic","Card","Card","Relic","Card","Relic","Relic"],"build_version":"2020-12-22","purchased_purges":3,"victory":true,"max_hp_per_floor":[65,65,65,65,65,65,65,65,65,65,65,65,65,65,65,65,65,65,65,65,65,65,65,65,65,65,65,65,65,65,65,65,65,65,65,65,65,65,65,65,65,65,65,65,65,65,65,65,65,65],"card_choices":[{"not_picked":["Shade:StitchTogether","Shade:FuneraryArmor"],"picked":"Shade:AblativeArmor","floor":1},{"not_picked":["Shade:CommandSoldier","Shade:CoffinDance"],"picked":"Shade:Asphyxiate","floor":6},{"not_picked":["Shade:CoffinDance","Shade:ClawBack"],"picked":"Shade:OpenGraves","floor":10},{"not_picked":["Shade:AblativeArmor","Shade:SoulToxin"],"picked":"Shade:FleshToFlesh","floor":12},{"not_picked":["Shade:Doomsay","Shade:GreyBargain"],"picked":"Shade:GraveStillness","floor":14},{"not_picked":["Shade:SelfBurial","Shade:OfferingToTheBeyond"],"picked":"Shade:Coordination","floor":16},{"not_picked":["Shade:RavenousHorde","Shade:Trample"],"picked":"Shade:SkeletonArmy","floor":18},{"not_picked":["Shade:CoffinDance","Shade:ScuttlingHand"],"picked":"Shade:OpenGraves+1","floor":19},{"not_picked":["Shade:AncientSpear","Shade:Premonition+1","Shade:WallOfFlesh"],"picked":"SKIP","floor":20},{"not_picked":["Shade:CommandSoldier","Shade:BoneShards","Shade:Trample"],"picked":"SKIP","floor":22},{"not_picked":["Shade:FeralStrike","Shade:FuneraryArmor","Shade:Premonition"],"picked":"SKIP","floor":23},{"not_picked":["Shade:CoffinDance","Shade:AncientSpear"],"picked":"Shade:FreshBones+1","floor":25},{"not_picked":["Shade:FeralStrike","Shade:Bonestorm+1"],"picked":"Shade:CloudOfShrapnel+1","floor":28},{"not_picked":["Shade:Patience","Shade:FingerOfDeath","Shade:SkeletonHug"],"picked":"SKIP","floor":31},{"not_picked":["Shade:OminousRitual","Shade:LastGasp"],"picked":"Shade:Putrefaction","floor":33},{"not_picked":["Shade:WallOfFlesh","Shade:PotionOfRestlessness+1","Shade:SkeletonHug+1"],"picked":"SKIP","floor":35},{"not_picked":["Shade:RavenousHorde","Shade:FingerOfDeath","Shade:FeralStrike"],"picked":"SKIP","floor":37},{"not_picked":["Shade:Brains","Shade:SoulToxin+1","Shade:Frenzy"],"picked":"SKIP","floor":38},{"not_picked":["Shade:FingerOfDeath+1","Shade:Coordination"],"picked":"Shade:GraveStillness+1","floor":42},{"not_picked":["Shade:CallWraith","Shade:Brains+1"],"picked":"Shade:Excise+1","floor":46},{"not_picked":["Shade:BoneShards","Shade:CoffinDance+1","Shade:FleshToFlesh"],"picked":"SKIP","floor":47},{"not_picked":["Shade:WallOfFlesh","Shade:Awaken"],"picked":"Shade:LichForm","floor":48}],"player_experience":2236277,"relics_obtained":[{"floor":3,"key":"Juzu Bracelet"},{"floor":6,"key":"Blue Doll"},{"floor":9,"key":"Blood Vial"},{"floor":19,"key":"Red Mask"},{"floor":21,"key":"infinitespire:Eraser"},{"floor":23,"key":"Orichalcum"},{"floor":25,"key":"Replay:Rubber Ducky"},{"floor":26,"key":"InkBottle"},{"floor":41,"key":"CatCart"},{"floor":42,"key":"Counterbalance"},{"floor":43,"key":"Bronze Scales"},{"floor":45,"key":"Iron Hammer"},{"floor":48,"key":"hubris:FunFungus"}],"event_choices":[{"damage_healed":0,"gold_gain":0,"player_choice":"Take Damage","damage_taken":16,"relics_obtained":["Golden Idol"],"max_hp_gain":0,"max_hp_loss":0,"event_name":"Golden Idol","floor":2,"gold_loss":0},{"damage_healed":0,"gold_gain":0,"cards_transformed":["Shade:Strike_Shade"],"player_choice":"Change","damage_taken":0,"max_hp_gain":0,"max_hp_loss":0,"event_name":"Living Wall","floor":4,"gold_loss":0,"cards_obtained":["Shade:FreshBones"]},{"cards_removed":["Shade:Defend_Shade"],"damage_healed":0,"gold_gain":0,"player_choice":"Card Removal","damage_taken":0,"max_hp_gain":0,"max_hp_loss":0,"event_name":"The Cleric","floor":5,"gold_loss":50},{"damage_healed":0,"gold_gain":0,"player_choice":"Entered Light","damage_taken":13,"max_hp_gain":0,"max_hp_loss":0,"event_name":"Shining Light","floor":11,"gold_loss":0,"cards_upgraded":["Shade:StitchTogether","Shade:Strike_Shade"]},{"damage_healed":0,"gold_gain":0,"player_choice":"Fought Bandits","damage_taken":0,"max_hp_gain":0,"max_hp_loss":0,"event_name":"Masked Bandits","floor":19,"gold_loss":0},{"damage_healed":0,"gold_gain":0,"player_choice":"Ignored","damage_taken":0,"max_hp_gain":0,"max_hp_loss":0,"event_name":"Ghosts","floor":24,"gold_loss":0},{"cards_removed":["Shade:Defend_Shade"],"damage_healed":0,"gold_gain":0,"player_choice":"Elegance","damage_taken":0,"max_hp_gain":0,"max_hp_loss":0,"event_name":"Back to Basics","floor":29,"gold_loss":0},{"damage_healed":0,"gold_gain":333,"player_choice":"Gave Idol","damage_taken":0,"max_hp_gain":0,"max_hp_loss":0,"event_name":"The Moai Head","floor":36,"relics_lost":["Golden Idol"],"gold_loss":0},{"damage_healed":0,"gold_gain":0,"player_choice":"Fight","damage_taken":0,"max_hp_gain":0,"max_hp_loss":0,"event_name":"OrinTheCat","floor":41,"gold_loss":0}],"is_beta":false,"boss_relics":[{"not_picked":["hubris:BlackHole","hubris:ScarierMask"],"picked":"Runic Dome"},{"not_picked":["hubris:RunicObelisk","conspire:SlowCooker"],"picked":"Shade:YorickPolishedSkull"}],"items_purged_floors":[8,13,27],"is_endless":false,"potions_floor_spawned":[6,10,14,16,18,19,22,28,35,38,42,47,48],"ascension_level":0}}