{"host":"q98mp5s7e93e1jw5","time":1609166438,"event":{"mods":["Arknights The Spire","BaseMod","Koishi","Minty Spire (QoL Compilation)","StSLib","The Cursed","??????REMEMod"],"gold_per_floor":[111,111,111,123,27,27,53,53,106,129,141,169,181,206,218,332,344,356,193,210,285,334,334,433,465,489,489,140,151,177,34,34,137,137,150,150,1149,686,713,743,762,780,803,821,821,821],"floor_reached":45,"playtime":3667,"items_purged":[],"score":534,"play_id":"c215371a-54d8-4c0c-9f2e-cabb9adc4381","local_time":"20201228064038","is_ascension_mode":false,"campfire_choices":[{"data":"TheCursedMod:CircleOfCorruption","floor":6,"key":"SMITH"},{"data":"TheCursedMod:Defend_TheCursed","floor":11,"key":"SMITH"},{"floor":13,"key":"REST"},{"data":"TheCursedMod:Torture","floor":15,"key":"SMITH"},{"floor":23,"key":"REST"},{"data":"TheCursedMod:FleshFromBone","floor":27,"key":"SMITH"},{"floor":32,"key":"REST"}],"circlet_count":0,"master_deck":["TheCursedMod:Strike_TheCursed","TheCursedMod:Strike_TheCursed","TheCursedMod:Strike_TheCursed","TheCursedMod:Defend_TheCursed","TheCursedMod:Defend_TheCursed","TheCursedMod:Defend_TheCursed","TheCursedMod:Defend_TheCursed+1","TheCursedMod:CursedWand","TheCursedMod:CleanUpWorkshop","TheCursedMod:Dregs","Panache","TheCursedMod:VitalStrike","TheCursedMod:CircleOfCorruption+1","REME_TheoryOfElimination","TheCursedMod:Torture+1","TheCursedMod:CursedBoomerang","TheCursedMod:LuckyCharm","TheCursedMod:FleshFromBone+1","TheCursedMod:ManaCirculation","REME_PuzzleBox","TheCursedMod:CursedAmulet","TheCursedMod:WearCloak","TheCursedMod:SoulReap","TheCursedMod:HellfireBreathing+1","TheCursedMod:DemonicPact","TheCursedMod:SpitefulStrike","Normality","Normality","TheCursedMod:HellfireBreathing","TheCursedMod:CursedArmor+1"],"relics":["TheCursedMod:BlackMagic101","REME_ComplimentaryCards","NeowsBlessing","Pantograph","ats:Originium","Tiny Chest","MawBank","REME_ChargedStone","Ancient Tea Set","ats:Originium","Peace Pipe","Vajra","REME_CardOfGreed","TheCursedMod:Tack","Bronze Scales","Sozu","TheCursedMod:CrystalBall","REME_PuzzleBoxRelic","Bag of Marbles","ats:Originium","Lantern","Potion Belt"],"acts_visited":["Exordium","TheCity","TheBeyond"],"potions_floor_usage":[16,16,18,25,25,29,33,35],"damage_taken":[{"damage":0,"enemies":"2 Louse","floor":1,"turns":1},{"damage":0,"enemies":"Cultist","floor":4,"turns":1},{"damage":0,"enemies":"3 Sentries","floor":7,"turns":1},{"damage":0,"enemies":"Small Slimes","floor":10,"turns":3},{"damage":38,"enemies":"Gremlin Gang","floor":12,"turns":4},{"damage":7,"enemies":"3 Louse","floor":14,"turns":4},{"damage":45,"enemies":"Slime Boss","floor":16,"turns":14},{"damage":0,"enemies":"2 Thieves","floor":18,"turns":1},{"damage":32,"enemies":"Spheric Guardian","floor":20,"turns":8},{"damage":13,"enemies":"REME_1_Revenger","floor":25,"turns":5},{"damage":16,"enemies":"Shelled Parasite and Fungi","floor":29,"turns":8},{"damage":15,"enemies":"Collector","floor":33,"turns":9},{"damage":8,"enemies":"Orb Walker","floor":35,"turns":4},{"damage":59,"enemies":"Giant Head","floor":40,"turns":8},{"damage":6,"enemies":"3 Darklings","floor":41,"turns":1},{"damage":7,"enemies":"Maw","floor":42,"turns":5},{"damage":10,"enemies":"Sphere and 2 Shapes","floor":44,"turns":3},{"damage":3,"enemies":"4 Shapes","floor":45,"turns":1}],"seed_played":"-6847878805058382502","potions_obtained":[{"floor":10,"key":"Swift Potion"},{"floor":12,"key":"SmokeBomb"},{"floor":14,"key":"TheCursedMod:DregsPotion"},{"floor":16,"key":"SkillPotion"},{"floor":20,"key":"Explosive Potion"},{"floor":29,"key":"Fruit Juice"}],"is_trial":false,"path_per_floor":["M","?","?","M","$","R","E","?","T","M","R","M","R","M","R","B",null,"M","$","M","?","T","R","?","E","T","R","$","M","T","$","R","B",null,"M","?","?","$","T","E","M","M","T","M","M"],"character_chosen":"THE_CURSED","items_purchased":["REME_TheoryOfElimination","REME_PuzzleBox","TheCursedMod:SoulReap","REME_CardOfGreed","DistilledChaos","Block Potion","Bronze Scales","TheCursedMod:CrystalBall","REME_PuzzleBoxRelic"],"campfire_rested":3,"item_purchase_floors":[5,19,28,28,28,28,31,38,38],"current_hp_per_floor":[75,50,50,50,50,50,50,50,50,50,50,12,34,27,27,7,75,75,75,43,36,36,58,58,46,46,46,46,36,36,36,58,64,75,72,72,72,72,72,20,14,11,11,1,0,0],"gold":821,"neow_bonus":"THREE_ENEMY_KILL","is_daily":false,"chose_seed":false,"campfire_upgraded":4,"win_rate":0.0,"timestamp":1609166438,"path_taken":["M","?","?","?","$","R","E","?","T","?","R","M","R","M","R","BOSS","M","$","M","?","?","R","?","E","T","R","?","?","?","?","R","BOSS","M","?","?","$","?","E","M","M","T","M","M"],"items_purchased_type":["Card","Card","Card","Relic","Potion","Potion","Relic","Relic","Relic"],"build_version":"2020-12-22","purchased_purges":0,"victory":false,"max_hp_per_floor":[75,75,75,75,75,75,75,75,75,75,75,75,75,75,75,75,75,75,75,75,75,75,75,75,75,75,75,75,75,75,75,75,75,75,80,80,80,80,80,80,80,80,80,80,80,80],"card_choices":[{"not_picked":["TheCursedMod:SpitefulPlan","TheCursedMod:BloodBarrier"],"picked":"TheCursedMod:VitalStrike","floor":1},{"not_picked":["TheCursedMod:AshesToAshes","TheCursedMod:RapidMovement"],"picked":"TheCursedMod:CircleOfCorruption","floor":4},{"not_picked":["TheCursedMod:ReleasedKnowledge","TheCursedMod:SurpriseAttack"],"picked":"TheCursedMod:Torture","floor":7},{"not_picked":["TheCursedMod:Wield","TheCursedMod:CircleOfCorruption"],"picked":"TheCursedMod:CursedBoomerang","floor":10},{"not_picked":["TheCursedMod:Wield","TheCursedMod:Stretching"],"picked":"TheCursedMod:LuckyCharm","floor":12},{"not_picked":["TheCursedMod:NeowsMight","TheCursedMod:CursedBlade"],"picked":"TheCursedMod:FleshFromBone","floor":14},{"not_picked":["TheCursedMod:AntiAging","TheCursedMod:OutForBlood"],"picked":"TheCursedMod:ManaCirculation","floor":16},{"not_picked":["TheCursedMod:Evocation","TheCursedMod:BloodBarrier"],"picked":"TheCursedMod:CursedAmulet","floor":20},{"not_picked":["TheCursedMod:CursedShiv","TheCursedMod:BloodBarrier"],"picked":"TheCursedMod:WearCloak","floor":25},{"not_picked":["TheCursedMod:SoulReap+1","TheCursedMod:Obscuration"],"picked":"TheCursedMod:HellfireBreathing+1","floor":29},{"not_picked":["TheCursedMod:CollectTribute","TheCursedMod:ManaCirculation"],"picked":"TheCursedMod:DemonicPact","floor":33},{"not_picked":["TheCursedMod:Wield+1","TheCursedMod:Obscuration+1"],"picked":"TheCursedMod:SpitefulStrike","floor":35},{"not_picked":["TheCursedMod:StingEye","TheCursedMod:FleshFromBone+1"],"picked":"TheCursedMod:HellfireBreathing","floor":40},{"not_picked":["TheCursedMod:EmpowerCircles","TheCursedMod:SurpriseAttack+1","TheCursedMod:ReleasedStrength"],"picked":"SKIP","floor":41},{"not_picked":["TheCursedMod:EmpowerCircles","TheCursedMod:SurpriseAttack+1","TheCursedMod:ReleasedStrength"],"picked":"SKIP","floor":41},{"not_picked":["TheCursedMod:SmokeScreen","TheCursedMod:CircleOfBlood","TheCursedMod:SpitefulStrike+1"],"picked":"SKIP","floor":42},{"not_picked":["TheCursedMod:Evocation","TheCursedMod:CursedShiv+1"],"picked":"TheCursedMod:CursedArmor+1","floor":44}],"player_experience":369740,"relics_obtained":[{"floor":7,"key":"ats:Originium"},{"floor":7,"key":"Tiny Chest"},{"floor":9,"key":"MawBank"},{"floor":22,"key":"Ancient Tea Set"},{"floor":25,"key":"ats:Originium"},{"floor":25,"key":"Peace Pipe"},{"floor":26,"key":"Vajra"},{"floor":30,"key":"TheCursedMod:Tack"},{"floor":39,"key":"Bag of Marbles"},{"floor":40,"key":"ats:Originium"},{"floor":40,"key":"Lantern"},{"floor":43,"key":"Potion Belt"}],"event_choices":[{"damage_healed":0,"gold_gain":0,"player_choice":"Success","damage_taken":25,"relics_obtained":["Pantograph"],"max_hp_gain":0,"max_hp_loss":0,"event_name":"Scrap Ooze","floor":2,"gold_loss":0},{"damage_healed":0,"gold_gain":0,"player_choice":"Bought 0 Potions","damage_taken":0,"max_hp_gain":0,"max_hp_loss":0,"event_name":"The Woman in Blue","floor":3,"gold_loss":0},{"cards_removed":["TheCursedMod:Strike_TheCursed"],"damage_healed":0,"gold_gain":0,"player_choice":"Purged","damage_taken":0,"max_hp_gain":0,"max_hp_loss":0,"event_name":"Purifier","floor":8,"gold_loss":0},{"damage_healed":0,"gold_gain":75,"player_choice":"Touch","damage_taken":7,"max_hp_gain":0,"max_hp_loss":0,"event_name":"FaceTrader","floor":21,"gold_loss":0},{"damage_healed":0,"gold_gain":99,"player_choice":"Stole From Cult","damage_taken":0,"max_hp_gain":0,"max_hp_loss":0,"event_name":"Nest","floor":24,"gold_loss":0},{"damage_healed":0,"gold_gain":0,"player_choice":"Ignored","damage_taken":0,"max_hp_gain":0,"max_hp_loss":0,"event_name":"Tomb of Lord Red Mask","floor":36,"gold_loss":0},{"damage_healed":0,"gold_gain":999,"player_choice":"Gold","damage_taken":0,"max_hp_gain":0,"max_hp_loss":0,"event_name":"MindBloom","floor":37,"gold_loss":0,"cards_obtained":["Normality","Normality"]}],"is_beta":false,"boss_relics":[{"not_picked":["Runic Pyramid","Black Star"],"picked":"REME_ChargedStone"},{"not_picked":["TheCursedMod:FourLeafCloverCharm","Fusion Hammer"],"picked":"Sozu"}],"items_purged_floors":[],"is_endless":false,"potions_floor_spawned":[10,12,14,16,20,29,42],"killed_by":"4 Shapes","ascension_level":0}}