{"host":"79pwvnyrdes6uj7k","time":1609188856,"event":{"mods":["2.2 Compatiblity","Astrologer","BaseMod","Beaked The Cultist","Colored Powertips","Downfall","Exacting","Friendly Minions","HexUI Lib","Highlight Path","Hubris","Infinite Spire","JesterMod","Mad Scientist","Mimic Mod","Minty Spire (QoL Compilation)","Random Character Button","Replay The Spire","Reworked Bosses","Shop Mod","Somnambulant","StSLib","The Cursed","The Disciple","The Factory","The Judge","The Jungle","The Marked","The Poker Player","The Runesmith","TheHeartMod"],"gold_per_floor":[99,109,121,121,149,168,168,183,208,221,146,158,158,191,222,222,222,222],"floor_reached":16,"playtime":952,"items_purged":[],"score":98,"play_id":"ec1c0e98-7a86-4421-931c-5397b989e5fc","local_time":"20201228145416","is_ascension_mode":false,"campfire_choices":[{"floor":1,"key":"RECALL"},{"floor":11,"key":"REST"},{"floor":13,"key":"REST"}],"circlet_count":0,"master_deck":["champ:Strike","champ:Strike","champ:Strike","champ:Strike","champ:Defend","champ:Defend","champ:Defend","champ:Defend","champ:Execute","champ:Taunt","champ:DefensiveShout","champ:BringItOn","champ:FlashCut","champ:FlashCut","champ:FanOfKnives","champ:StanceDance","champ:Control","champ:TornadoPunch","champ:SwordSigil"],"relics":["champ:ChampionCrown","Ginger","Tiny Chest","downfall:HeartBlessingRed"],"acts_visited":["Exordium"],"potions_floor_usage":[],"damage_taken":[{"damage":4,"enemies":"Jaw Worm","floor":2,"turns":4},{"damage":16,"enemies":"Cultist","floor":3,"turns":4},{"damage":5,"enemies":"2 Louse","floor":5,"turns":2},{"damage":9,"enemies":"Blue Slaver","floor":6,"turns":3},{"damage":12,"enemies":"Exordium Thugs","floor":8,"turns":4},{"damage":15,"enemies":"2 Fungi Beasts","floor":10,"turns":3},{"damage":16,"enemies":"Large Slime","floor":12,"turns":5},{"damage":17,"enemies":"Lots of Slimes","floor":14,"turns":3},{"damage":11,"enemies":"Red Slaver","floor":15,"turns":3},{"damage":53,"enemies":"downfall:Defect","floor":16,"turns":5}],"seed_played":"-59341128686859238","potions_obtained":[{"floor":2,"key":"Strength Potion"},{"floor":10,"key":"champ:CounterPotion"},{"floor":12,"key":"LiquidMemories"}],"is_trial":false,"path_per_floor":["R","M","M","?","M","M","MIM","M","T","M","R","M","R","M","M","B"],"character_chosen":"THE_CHAMP","items_purchased":[],"campfire_rested":2,"item_purchase_floors":[],"current_hp_per_floor":[63,59,53,18,18,14,14,13,13,6,33,33,60,48,40,0,0,0],"gold":222,"neow_bonus":"ONE_RARE_RELIC","is_daily":false,"chose_seed":false,"campfire_upgraded":0,"win_rate":0.0,"timestamp":1609188856,"path_taken":["R","M","M","?","M","?","MIM","?","?","M","R","M","R","M","M","BOSS"],"items_purchased_type":[],"build_version":"2020-12-22","purchased_purges":0,"victory":false,"max_hp_per_floor":[90,90,90,90,90,90,90,90,90,90,90,90,90,90,90,90,90,90],"card_choices":[{"not_picked":["champ:BerserkersShout","champ:GutPunch"],"picked":"champ:DefensiveShout","floor":2},{"not_picked":["champ:BerserkersShout","champ:AdrenalArmor"],"picked":"champ:BringItOn","floor":3},{"not_picked":["champ:ShieldWall","champ:Haymaker"],"picked":"champ:FlashCut","floor":5},{"not_picked":["champ:RecklessLeap","champ:ViciousMockery"],"picked":"champ:FlashCut","floor":6},{"not_picked":["champ:BerserkersShout","champ:LastStand"],"picked":"champ:FanOfKnives","floor":8},{"not_picked":["champ:BladeFlurry","champ:Lariat"],"picked":"champ:StanceDance","floor":10},{"not_picked":["champ:ShieldWall","champ:GutPunch"],"picked":"champ:Control","floor":12},{"not_picked":["champ:CrookedStrike","champ:PreciseThrust"],"picked":"champ:TornadoPunch","floor":14},{"not_picked":["champ:RageSigil","champ:FocusedGladiator"],"picked":"champ:SwordSigil","floor":15}],"player_experience":342832,"relics_obtained":[{"floor":9,"key":"Tiny Chest"}],"event_choices":[],"is_beta":false,"boss_relics":[],"items_purged_floors":[],"is_endless":false,"potions_floor_spawned":[2,10,12,15],"killed_by":"downfall:Defect","ascension_level":0}}