{"host":"a8v0czv88scrgx5i","time":1609118441,"event":{"mods":["2.2 Compatiblity","Act Like it!","Aspiration","Astrologer","Bard","BaseMod","Beaked The Cultist","Better Third Choice","BetterRewards","Colored Map","Colored Powertips","Curses Come First","Dota2Spire","Downfall","Friendly Minions","GifTheSpireLib","GungeonMod","Hermit","Hubris","Infinite Spire","Luminous","Marisa????????","Minty Spire (QoL Compilation)","READ ME - Guardian Mod","Rare Cards Sparkle","Relic Sorter","Replay The Spire","Shade Mod","Shop Mod","StSLib","The Animator","The Blackbeard","The Bug Knight","The Construct","The Cursed","The Disciple","The Elementalist","The Hierophant","The Jungle","The Mystic","The Necromancer","The Runesmith","The Servant 0.9.4","The Spell Scribe","vexMod"],"gold_per_floor":[99,110,121,131,147,166,166,184,169,183,183,168,180,206,219,322,322,97,111,111,126,126,126,152,168,77,110,110,110,110,142,157,256,256,256,256],"floor_reached":34,"playtime":2055,"items_purged":["Injury"],"score":446,"play_id":"67db4534-80be-45d2-9d76-1c301d74cd3e","local_time":"20201227202041","is_ascension_mode":false,"campfire_choices":[{"floor":1,"key":"RECALL"},{"data":"champ:Devastate","floor":18,"key":"SMITH"},{"data":"champ:PreciseThrust","floor":28,"key":"SMITH"},{"data":"champ:Taunt","floor":30,"key":"SMITH"}],"circlet_count":0,"master_deck":["champ:Strike","champ:Strike","champ:Strike","champ:Strike","champ:Defend","champ:Defend","champ:Defend","champ:Defend","champ:Execute","champ:Taunt+1","champ:FocusedGladiator","champ:RisingSlash","champ:Haymaker","champ:Devastate+1","champ:PreciseThrust+1","champ:VampiricStrike","champ:Lariat+1","champ:PreciseThrust+1","champ:GladiatorStyle"],"relics":["Painkiller Herb","Toxic Egg 2","Sozu","downfall:HeartBlessingRed","downfall:HeartBlessingBlue","downfall:HeartBlessingGreen","theJungle:BirthdayCakeSlice","aspiration:FrozenJewel","Nunchaku","MerchantsRug","Garlic","hubris:Towel","Molten Egg 2","hubris:VirtuousBlindfold"],"acts_visited":["Exordium","Exordium","TheBeyond"],"potions_floor_usage":[12,12,14,14,16],"damage_taken":[{"damage":5,"enemies":"Small Slimes","floor":2,"turns":4},{"damage":0,"enemies":"2 Louse","floor":3,"turns":2},{"damage":5,"enemies":"Jaw Worm","floor":4,"turns":4},{"damage":15,"enemies":"Lots of Slimes","floor":5,"turns":4},{"damage":0,"enemies":"2 Fungi Beasts","floor":6,"turns":4},{"damage":0,"enemies":"Blue Slaver","floor":8,"turns":4},{"damage":5,"enemies":"downfall:FleeingMerchant","floor":9,"turns":4},{"damage":0,"enemies":"3 Louse","floor":10,"turns":3},{"damage":15,"enemies":"downfall:FleeingMerchant","floor":12,"turns":4},{"damage":5,"enemies":"Exordium Wildlife","floor":13,"turns":3},{"damage":38,"enemies":"3 Sentries","floor":14,"turns":8},{"damage":3,"enemies":"Large Slime","floor":15,"turns":7},{"damage":73,"enemies":"downfall:Ironclad","floor":16,"turns":10},{"damage":9,"enemies":"theJungle:Flameango_and_Byrd","floor":19,"turns":5},{"damage":20,"enemies":"theJungle:MUSHROOMGANG","floor":21,"turns":6},{"damage":0,"enemies":"theJungle:SlimyTreeVines","floor":25,"turns":4},{"damage":5,"enemies":"downfall:FleeingMerchant","floor":26,"turns":4},{"damage":28,"enemies":"theJungle:MamaSnecko","floor":27,"turns":4},{"damage":37,"enemies":"theJungle:Cassacara","floor":31,"turns":6},{"damage":0,"enemies":"theJungle:Lyon","floor":32,"turns":2},{"damage":32,"enemies":"downfall:Watcher","floor":33,"turns":8}],"seed_played":"-4235389215907717292","potions_obtained":[{"floor":3,"key":"AttackPotion"},{"floor":5,"key":"AttackPotion"},{"floor":8,"key":"BlessingOfTheForge"},{"floor":13,"key":"Dota2Spire:HealingSalve"},{"floor":14,"key":"Weak Potion"},{"floor":15,"key":"Block Potion"}],"is_trial":false,"path_per_floor":["T","?","?","?","?","?","T","?","T","?","?","T","?","E","?","B",null,"T","?","?","?","AVR","?","T","?","T","E","T","?","T","E","?","B",null],"character_chosen":"THE_CHAMP","items_purchased":["MerchantsRug"],"campfire_rested":0,"item_purchase_floors":[26],"current_hp_per_floor":[90,90,90,90,85,85,85,85,85,85,85,85,85,79,76,18,102,112,108,113,117,117,117,117,117,117,100,100,100,100,82,82,82,117,117,117],"gold":256,"neow_bonus":"BOSS_RELIC","is_daily":false,"chose_seed":false,"campfire_upgraded":3,"win_rate":0.0,"timestamp":1609118441,"path_taken":["T","?","?","?","?","?","T","?","T","?","?","T","?","E","?","BOSS","T","?","?","?","AVR","?","T","?","T","E","T","?","T","E","?","BOSS"],"items_purchased_type":["Relic"],"build_version":"2020-12-22","purchased_purges":1,"victory":false,"max_hp_per_floor":[90,90,90,90,90,90,90,90,90,90,90,90,90,102,102,102,102,112,112,117,117,117,117,117,117,117,117,117,117,117,117,117,117,117,117,117],"card_choices":[{"not_picked":["champ:GutPunch","champ:GladiatorsShout"],"picked":"champ:FocusedGladiator","floor":2},{"not_picked":["champ:FanOfKnives","champ:DefensiveShout","champ:FocusedBerserking"],"picked":"SKIP","floor":3},{"not_picked":["champ:FocusedGladiator","champ:ShieldSigil"],"picked":"champ:RisingSlash","floor":4},{"not_picked":["champ:FlashCut","champ:ShieldSigil"],"picked":"champ:Haymaker","floor":5},{"not_picked":["champ:Backstep","champ:Control"],"picked":"champ:Devastate","floor":6},{"not_picked":["champ:GladiatorsShout","champ:BerserkersShout"],"picked":"champ:PreciseThrust","floor":8},{"not_picked":["champ:CalledShot","champ:DefensiveShout","champ:SkillfulDodge"],"picked":"SKIP","floor":9},{"not_picked":["champ:AdrenalArmor","champ:DefensiveShout","champ:CalledShot"],"picked":"SKIP","floor":10},{"not_picked":["champ:Backstep+1","champ:BerserkersShout+1","champ:BerserkerStyle"],"picked":"SKIP","floor":12},{"not_picked":["champ:ShieldSigil+1","champ:BerserkersShout+1","champ:AdrenalArmor+1"],"picked":"SKIP","floor":13},{"not_picked":["champ:CrookedStrike","champ:FaceSlap","champ:BringItOn+1"],"picked":"SKIP","floor":14},{"not_picked":["champ:PerfectedStrike","champ:CrookedStrike","champ:AdrenalArmor+1"],"picked":"SKIP","floor":15},{"not_picked":["champ:StrikeOfGenius","champ:LastStand"],"picked":"champ:VampiricStrike","floor":16},{"not_picked":["champ:Backstep+1","champ:DefensiveShout+1"],"picked":"champ:Lariat+1","floor":19},{"not_picked":["champ:GutPunch","champ:TornadoPunch+1","champ:Control+1"],"picked":"SKIP","floor":21},{"not_picked":["champ:FightOn","champ:Duel","champ:ArenaPreparation+1"],"picked":"SKIP","floor":25},{"not_picked":["champ:EnchantShield+1","champ:FlashCut+1"],"picked":"champ:PreciseThrust+1","floor":26},{"not_picked":["champ:FocusedGladiator+1","champ:GladiatorsShout+1","champ:StanceDance+1"],"picked":"SKIP","floor":27},{"not_picked":["champ:BladeFlurry+1","champ:ShieldWall"],"picked":"champ:GladiatorStyle","floor":31},{"not_picked":["champ:DeathBlow+1","champ:CrookedStrike+1","champ:Circumvent+1"],"picked":"SKIP","floor":32}],"player_experience":946117,"relics_obtained":[{"floor":14,"key":"DemoMod:Orange"},{"floor":24,"key":"Nunchaku"},{"floor":27,"key":"Garlic"},{"floor":31,"key":"Molten Egg 2"}],"event_choices":[],"is_beta":false,"boss_relics":[{"not_picked":["SlaversCollar","construct:WeddingRing"],"picked":"Sozu"},{"not_picked":["hubris:TerracottaHorce","Pandora\u0027s Box"],"picked":"hubris:VirtuousBlindfold"}],"items_purged_floors":[22],"is_endless":false,"potions_floor_spawned":[3,5,8,13,14,15,21,31],"ascension_level":0}}