{"host":"xkmvu47k9fdstweo","time":1609177460,"event":{"mods":["BaseMod","Colored Map","Conspire","Hubris","Minty Spire (QoL Compilation)","Quick Restart","Railgun Mod","Shop Mod","StSLib","The Alterego","The Servant 0.9.4","The Wild Card","TheBandit","WarShipGirlsR/??è≠èóR mod","vexMod"],"gold_per_floor":[116,66,15,0,14,49,67,67,92,111,91,91,121,132,132,132,132,132],"floor_reached":16,"playtime":637,"items_purged":[],"score":110,"play_id":"f1efd9a3-b329-4aa3-afb8-7810d6724f22","local_time":"20201228124420","is_ascension_mode":false,"campfire_choices":[{"data":"wariomod:GreaterGuard","floor":8.0,"key":"SMITH"},{"data":"wariomod:EndlessBlast","floor":12.0,"key":"SMITH"},{"floor":15.0,"key":"REST"}],"circlet_count":0,"master_deck":["wariomod:Strike","wariomod:Strike","wariomod:Strike","wariomod:Defend+1","wariomod:Defend","wariomod:Defend+1","wariomod:Defend","wariomod:Step","wariomod:Leap","wariomod:BlastDash","wariomod:ChargeForth","wariomod:BoomBoom","wariomod:GreaterGuard+1","wariomod:HappyHit","wariomod:Boomsmack","wariomod:HappyHit","wariomod:Leapslam","wariomod:EndlessBlast+1","wariomod:Boomsmack","wariomod:RacingSpeed"],"relics":["wariomod:TheHat","War Paint","Orichalcum","Omamori","wariomod:SmileyHat"],"acts_visited":["Exordium"],"potions_floor_usage":[],"damage_taken":[{"damage":0.0,"enemies":"Small Slimes","floor":1.0,"turns":4.0},{"damage":0.0,"enemies":"2 Louse","floor":5.0,"turns":3.0},{"damage":28.0,"enemies":"Lagavulin","floor":6.0,"turns":6.0},{"damage":0.0,"enemies":"Cultist","floor":7.0,"turns":3.0},{"damage":0.0,"enemies":"Large Slime","floor":10.0,"turns":3.0},{"damage":10.0,"enemies":"Gremlin Nob","floor":13.0,"turns":4.0},{"damage":3.0,"enemies":"Blue Slaver","floor":14.0,"turns":3.0},{"damage":0,"enemies":"The Guardian","floor":16,"turns":1}],"seed_played":"518683705921061372","potions_obtained":[{"floor":5.0,"key":"Dexterity Potion"},{"floor":6.0,"key":"DuplicationPotion"},{"floor":11.0,"key":"SkillPotion"}],"is_trial":false,"path_per_floor":["M","?","$","?","M","E","M","R","T","M","?","R","E","M","R","B"],"character_chosen":"THE_BANDIT","items_purchased":["wariomod:ChargeForth"],"campfire_rested":1,"item_purchase_floors":[3],"current_hp_per_floor":[80,80,80,80,80,52,52,52,52,52,52,52,42,39,63,63,63,63],"gold":132,"neow_bonus":"RANDOM_COMMON_RELIC","is_daily":false,"chose_seed":false,"campfire_upgraded":2,"win_rate":0.0,"timestamp":1609177460,"path_taken":["M","?","$","?","M","E","M","R","T","M","?","R","E","?","R","BOSS"],"items_purchased_type":["Card"],"build_version":"2020-12-22","purchased_purges":0,"victory":false,"max_hp_per_floor":[80,80,80,80,80,80,80,80,80,80,80,80,80,80,80,80,80,80],"card_choices":[{"not_picked":["wariomod:Smackflip","wariomod:SpikeSlash"],"picked":"wariomod:BlastDash","floor":1.0},{"not_picked":[],"picked":"wariomod:BoomBoom","floor":4.0},{"not_picked":[],"picked":"wariomod:GreaterGuard","floor":4.0},{"not_picked":[],"picked":"wariomod:HappyHit","floor":4.0},{"not_picked":["wariomod:DanceDash","wariomod:Immortalize"],"picked":"wariomod:Boomsmack","floor":5.0},{"not_picked":["wariomod:WhirlwindBurst","wariomod:PayItForwards"],"picked":"wariomod:HappyHit","floor":6.0},{"not_picked":["wariomod:DeepDig","wariomod:DoubleDash"],"picked":"wariomod:Leapslam","floor":7.0},{"not_picked":["wariomod:Hopshield","wariomod:DanceDash"],"picked":"wariomod:EndlessBlast","floor":10.0},{"not_picked":["wariomod:Leapslam","wariomod:BodyBlock"],"picked":"wariomod:Boomsmack","floor":13.0},{"not_picked":["wariomod:BlastDash","wariomod:Bomblaster"],"picked":"wariomod:RacingSpeed","floor":14.0}],"player_experience":344065,"relics_obtained":[{"floor":6.0,"key":"Orichalcum"},{"floor":9.0,"key":"Omamori"},{"floor":13.0,"key":"wariomod:SmileyHat"}],"event_choices":[{"cards_removed":["wariomod:Strike"],"damage_healed":0.0,"max_hp_gain":0.0,"max_hp_loss":0.0,"gold_gain":0.0,"event_name":"The Cleric","player_choice":"Card Removal","floor":2.0,"gold_loss":50.0,"damage_taken":0.0},{"damage_healed":0.0,"max_hp_gain":0.0,"max_hp_loss":0.0,"gold_gain":0.0,"event_name":"The Woman in Blue","player_choice":"Bought 1 Potion","floor":11.0,"gold_loss":0.0,"damage_taken":0.0}],"is_beta":false,"boss_relics":[],"items_purged_floors":[],"is_endless":false,"potions_floor_spawned":[5,6,14],"killed_by":"The Guardian","ascension_level":0}}