{"host":"bzg9y3flbaqjj1j7","time":1609184561,"event":{"mods":["AchievementEnabler","Aspiration","BaseMod","Better Third Choice","Challenge The Spire","Hubris","Hyrulean Relics","Infinite Spire","Lobotomy","LobotomyExtend","Marisa????????","Marked Mod","Minty Spire (QoL Compilation)","Permanent Neow","Rare Cards Sparkle","Reimu??????","Remilia??????","Replay The Spire","Shade Mod","Shop Mod","StSLib","The Administrix","The Alterego","The Blue Laboratory","The Fake Hero","Waifu the Spire"],"gold_per_floor":[514,531,531,560,7,7,32,32,57,71,71,63,63,73,73,102,102,102,103,28,28,21,21,0,0],"floor_reached":24,"playtime":1725,"items_purged":["hubris:Wrath"],"score":202,"play_id":"e19d2d20-c2b3-4a2a-b663-fbfcf12a524b","local_time":"20201228161241","is_ascension_mode":false,"campfire_choices":[{"data":"luka_mod:Meditation","floor":13.0,"key":"SMITH"},{"floor":15.0,"key":"REST"},{"floor":23.0,"key":"REST"}],"circlet_count":0,"master_deck":["luka_mod:StrikeLukaOne","luka_mod:StrikeLukaTwo","luka_mod:StrikeLukaFour","luka_mod:StrikeLukaFive","luka_mod:StrikeLukaSix","luka_mod:Salt","luka_mod:Guard","luka_mod:Edging","luka_mod:FlailWildly","luka_mod:Meditation+1","luka_mod:Optimistic","luka_mod:CriticalHit","HappyTeddy","luka_mod:StressRelief+1","luka_mod:FireSlash","Freischutz","luka_mod:SealingStrike","BeautyBeast","FairyFestival","luka_mod:Request","QueenOfHatred","luka_mod:SuperAttack","Wellcheers","luka_mod:BladeOfStillWater+1","Scarecrow","luka_mod:Sara","infinitespire:Collect","luka_mod:StrikeLuka","GalaxyChild"],"relics":["luka_mod:KeepsakeRing","CogitoBucket","LetterFromLob","MerchantsRug","White Beast Statue","aspiration:Nostalgia","FlyPower:ReiMu","YidongShenshe:ReiMu","Lantern","hubris:TenFootPole","Replay:WaspNest","TreeSap","Astrolabe","hubris:HerbalPaste","Replay:Bronze Core"],"acts_visited":["Exordium","TheCity"],"potions_floor_usage":[24,24],"damage_taken":[{"damage":6.0,"enemies":"Cultist","floor":1.0,"turns":4.0},{"damage":7.0,"enemies":"2 Louse","floor":2.0,"turns":2.0},{"damage":37.0,"enemies":"Lagavulin","floor":7.0,"turns":8.0},{"damage":16.0,"enemies":"Gremlin Nob","floor":10.0,"turns":4.0},{"damage":0.0,"enemies":"Jaw Worm","floor":12.0,"turns":2.0},{"damage":0.0,"enemies":"Blue Slaver","floor":14.0,"turns":1.0},{"damage":25.0,"enemies":"Hexaghost","floor":16.0,"turns":6.0},{"damage":5.0,"enemies":"3 Byrds","floor":19.0,"turns":3.0},{"damage":49.0,"enemies":"Shell Parasite","floor":22.0,"turns":4.0},{"damage":29,"enemies":"Gremlin Leader","floor":24,"turns":6}],"seed_played":"2408276656581076819","potions_obtained":[{"floor":4.0,"key":"Regen Potion"},{"floor":4.0,"key":"blueLaboratory:PhilterOfMotion"},{"floor":4.0,"key":"EssenceOfSteel"},{"floor":10.0,"key":"SteroidPotion"},{"floor":12.0,"key":"infinitespire:BlackPotion"},{"floor":14.0,"key":"Block Potion"},{"floor":16.0,"key":"blueLaboratory:ForbiddenFruitJuice"},{"floor":19.0,"key":"blueLaboratory:LouseDecoction"},{"floor":22.0,"key":"blueLaboratory:BubblePotion"}],"is_trial":false,"path_per_floor":["M","M","?","?","$","?","E","T","T","E","?","M","R","M","R","B",null,"M","M","?","AVR","M","R","E"],"character_chosen":"LUKA_CLASS","items_purchased":["MerchantsRug","White Beast Statue","aspiration:Nostalgia"],"campfire_rested":2,"item_purchase_floors":[5,5,5],"current_hp_per_floor":[34,27,27,17,17,17,20,20,20,5,5,5,5,5,17,20,40,40,35,35,35,10,22,28,28],"gold":0,"neow_bonus":"","is_daily":false,"chose_seed":false,"campfire_upgraded":1,"win_rate":0.0,"timestamp":1609184561,"path_taken":["M","M","?","?","$","?","E","?","T","E","?","M","R","M","R","BOSS","M","M","?","AVR","M","R","E"],"items_purchased_type":["Relic","Relic","Relic"],"build_version":"2020-12-22","purchased_purges":1,"victory":false,"max_hp_per_floor":[40,40,40,40,40,40,40,40,40,40,40,40,40,40,40,40,40,40,40,40,40,40,40,40,40],"card_choices":[{"not_picked":["luka_mod:TouchFluffyTail","luka_mod:Struggle"],"picked":"luka_mod:Optimistic","floor":1.0},{"not_picked":["luka_mod:BladeOfHowlingWind","luka_mod:DemonDecapitation"],"picked":"luka_mod:CriticalHit","floor":2.0},{"not_picked":["SnowQueen","BigBird","SpiderBud"],"picked":"Singing Bowl","floor":2.0},{"not_picked":["Wellcheers","Bloodbath"],"picked":"HappyTeddy","floor":2.0},{"not_picked":["luka_mod:DemonSkullBeheading","luka_mod:NeverSurrender"],"picked":"luka_mod:FireSlash","floor":4.0},{"not_picked":["PunishingBird","BeautyBeast"],"picked":"Freischutz","floor":7.0},{"not_picked":["luka_mod:IliasesJudgement","luka_mod:HeroicStrike"],"picked":"luka_mod:SealingStrike","floor":7.0},{"not_picked":["Porccubus","OSAHOGD","Variant"],"picked":"Singing Bowl","floor":10.0},{"not_picked":["Variant","FairyFestival"],"picked":"BeautyBeast","floor":10.0},{"not_picked":["luka_mod:EarthRumblingDecapitation","luka_mod:BladeOfStillWater","luka_mod:SereneDemonSword"],"picked":"SKIP","floor":10.0},{"not_picked":["CherryBlossoms","LongBird","Mercenary"],"picked":"Singing Bowl","floor":12.0},{"not_picked":["Yin","OldLady"],"picked":"FairyFestival","floor":12.0},{"not_picked":["luka_mod:StrikeLuka","luka_mod:HeavenlyDemonRevival","luka_mod:ThunderThrust"],"picked":"SKIP","floor":12.0},{"not_picked":["luka_mod:Feel","luka_mod:SpoilerForm"],"picked":"luka_mod:Request","floor":14.0},{"not_picked":["ShyLook","Mercenary","VoidDream"],"picked":"Singing Bowl","floor":14.0},{"not_picked":["SingingMachine","OldLady"],"picked":"QueenOfHatred","floor":14.0},{"not_picked":["luka_mod:Alice","luka_mod:Tamamo"],"picked":"luka_mod:SuperAttack","floor":16.0},{"not_picked":["Alriune","RedShoes"],"picked":"Wellcheers","floor":16.0},{"not_picked":["VoidDream","SpiderBud","Murderer"],"picked":"Singing Bowl","floor":19.0},{"not_picked":["RedShoes","Funeral"],"picked":"Scarecrow","floor":19.0},{"not_picked":["luka_mod:EndlessGuard+1","luka_mod:StressRelief"],"picked":"luka_mod:Sara","floor":19.0},{"not_picked":["luka_mod:AlicesFist","luka_mod:IliasesJudgement"],"picked":"luka_mod:StrikeLuka","floor":22.0},{"not_picked":["Alriune","LittlePrince","Murderer"],"picked":"Singing Bowl","floor":22.0},{"not_picked":["WallGazer","Alriune"],"picked":"GalaxyChild","floor":22.0}],"player_experience":129314,"relics_obtained":[{"floor":1.0,"key":"LetterFromLob"},{"floor":7.0,"key":"Lantern"},{"floor":8.0,"key":"hubris:TenFootPole"},{"floor":10.0,"key":"Replay:WaspNest"}],"event_choices":[{"damage_healed":0.0,"max_hp_gain":0.0,"max_hp_loss":0.0,"gold_gain":0.0,"event_name":"yidonshenshe","player_choice":"Take Tiny Shrine away","floor":6.0,"gold_loss":0.0,"damage_taken":0.0,"relics_obtained":["YidongShenshe:ReiMu"],"cards_obtained":["Poor:ReiMu"]},{"damage_healed":0.0,"max_hp_gain":0.0,"max_hp_loss":0.0,"gold_gain":1.0,"event_name":"betterThird:BetterScrap","player_choice":"LEAVE","floor":11.0,"gold_loss":0.0,"damage_taken":0.0,"cards_obtained":["ReplayTheSpireMod:System Scan"]},{"cards_removed":["ReplayTheSpireMod:Restless Dread"],"damage_healed":0.0,"max_hp_gain":0.0,"max_hp_loss":0.0,"gold_gain":0.0,"event_name":"Beggar","player_choice":"Gave Gold","floor":20.0,"gold_loss":75.0,"damage_taken":0.0}],"is_beta":false,"boss_relics":[{"not_picked":["hubris:Stopwatch","hubris:VirtuousBlindfold"],"picked":"Astrolabe"}],"items_purged_floors":[21],"is_endless":false,"potions_floor_spawned":[10,12,14,16,19,22],"killed_by":"Gremlin Leader","ascension_level":0}}