{"host":"wbjiqg83duq292na","time":1609122170,"event":{"mods":["BaseMod","Minty Spire (QoL Compilation)"],"gold_per_floor":[109,109,128,145,145,145,171,183,206,241,206,206,88,113,113,211,211,230,241,331,331,331],"floor_reached":21,"playtime":1099,"items_purged":[],"score":207,"play_id":"3ca3498a-e193-4a9e-9eaf-e4d6af9b198a","local_time":"20201228002250","is_ascension_mode":true,"campfire_choices":[{"floor":6,"key":"RECALL"},{"floor":12,"key":"REST"},{"floor":15,"key":"REST"}],"circlet_count":0,"master_deck":["Strike_G","Strike_G","Strike_G","Strike_G","Strike_G","Defend_G","Defend_G","Defend_G","Defend_G","Defend_G","Survivor","Neutralize","Predator","Predator","Infinite Blades","Corpse Explosion","Footwork","Flying Knee","Envenom","Tactician+1","Dagger Throw","Madness"],"relics":["Ring of the Snake","The Courier","Nunchaku","Vajra","Frozen Eye","Oddly Smooth Stone","WristBlade"],"acts_visited":["Exordium","TheCity"],"potions_floor_usage":[7,8,21,21,21],"damage_taken":[{"damage":0,"enemies":"Small Slimes","floor":1,"turns":4},{"damage":0,"enemies":"Cultist","floor":3,"turns":4},{"damage":0,"enemies":"2 Louse","floor":4,"turns":2},{"damage":18,"enemies":"3 Sentries","floor":7,"turns":8},{"damage":13,"enemies":"Gremlin Gang","floor":8,"turns":4},{"damage":31,"enemies":"Gremlin Nob","floor":10,"turns":5},{"damage":28,"enemies":"Lagavulin","floor":14,"turns":7},{"damage":12,"enemies":"Slime Boss","floor":16,"turns":11},{"damage":20,"enemies":"Spheric Guardian","floor":18,"turns":6},{"damage":30,"enemies":"2 Thieves","floor":19,"turns":4},{"damage":10,"enemies":"Sentry and Sphere","floor":21,"turns":3}],"seed_played":"-400703118061175240","potions_obtained":[{"floor":4,"key":"Fire Potion"},{"floor":7,"key":"Poison Potion"},{"floor":10,"key":"Ancient Potion"},{"floor":19,"key":"SkillPotion"}],"is_trial":false,"path_per_floor":["M","?","M","M","T","R","E","M","T","E","?","R","$","E","R","B",null,"M","M","?","M"],"character_chosen":"THE_SILENT","items_purchased":["Frozen Eye"],"campfire_rested":2,"item_purchase_floors":[13],"current_hp_per_floor":[77,77,77,77,77,77,59,46,46,15,34,57,57,29,52,40,77,57,27,3,0,0],"gold":331,"neow_bonus":"TEN_PERCENT_HP_BONUS","is_daily":false,"chose_seed":false,"campfire_upgraded":0,"win_rate":0.0,"timestamp":1609122170,"path_taken":["M","?","?","M","?","R","E","M","T","E","?","R","$","E","R","BOSS","M","M","?","?"],"items_purchased_type":["Relic"],"build_version":"2020-12-22","purchased_purges":0,"victory":false,"max_hp_per_floor":[77,77,77,77,77,77,77,77,77,77,77,77,77,77,77,77,77,77,77,77,77,77],"card_choices":[{"not_picked":["Cloak And Dagger","Acrobatics"],"picked":"Predator","floor":1},{"not_picked":["Dagger Throw","All Out Attack"],"picked":"Predator","floor":3},{"not_picked":["Bane","Cloak And Dagger","Deflect"],"picked":"SKIP","floor":4},{"not_picked":["Caltrops","Well Laid Plans"],"picked":"Infinite Blades","floor":7},{"not_picked":["Flechettes","Crippling Poison"],"picked":"Corpse Explosion","floor":8},{"not_picked":["Blade Dance","Dagger Spray"],"picked":"Footwork","floor":10},{"not_picked":["Deflect","Well Laid Plans"],"picked":"Flying Knee","floor":14},{"not_picked":["Phantasmal Killer","A Thousand Cuts"],"picked":"Envenom","floor":16},{"not_picked":["Outmaneuver","Riddle With Holes"],"picked":"Tactician+1","floor":18},{"not_picked":["Deflect","Outmaneuver+1"],"picked":"Dagger Throw","floor":19}],"player_experience":236154,"relics_obtained":[{"floor":7,"key":"The Courier"},{"floor":9,"key":"Nunchaku"},{"floor":10,"key":"Vajra"},{"floor":14,"key":"Oddly Smooth Stone"}],"event_choices":[{"damage_healed":0,"gold_gain":0,"player_choice":"Ignored","damage_taken":0,"max_hp_gain":0,"max_hp_loss":0,"event_name":"Purifier","floor":2,"gold_loss":0},{"damage_healed":19,"gold_gain":0,"player_choice":"Healed","damage_taken":0,"max_hp_gain":0,"max_hp_loss":0,"event_name":"The Cleric","floor":11,"gold_loss":35},{"damage_healed":0,"gold_gain":90,"player_choice":"CARD GOLD POTION ","damage_taken":24,"max_hp_gain":0,"max_hp_loss":0,"event_name":"Knowing Skull","floor":20,"potions_obtained":["PowerPotion"],"gold_loss":0,"cards_obtained":["Madness"]}],"is_beta":false,"boss_relics":[{"not_picked":["Tiny House","Cursed Key"],"picked":"WristBlade"}],"items_purged_floors":[],"is_endless":false,"potions_floor_spawned":[4,7,10,19],"killed_by":"Sentry and Sphere","ascension_level":1}}