{"host":"9pqy5lt7vda52ebm","time":1609199892,"event":{"mods":["BaseMod","Minty Spire (QoL Compilation)","Optimize The Spire","Quick Restart","StSLib","The Marked"],"gold_per_floor":[118,118,134,209,223,20,20,58,58,89,41,55,55,130,130,130,130],"floor_reached":16,"playtime":1202,"items_purged":["theMarked:Strike"],"score":146,"play_id":"de7b7045-ad3f-4452-b115-10b3b55b054b","local_time":"20201228185812","is_ascension_mode":true,"campfire_choices":[{"data":"theMarked:SoldierOfQuellstein","floor":7,"key":"SMITH"},{"data":"theMarked:BanishingStrike","floor":13,"key":"SMITH"},{"data":"theMarked:EmpowerWeapon","floor":15,"key":"SMITH"}],"circlet_count":0,"master_deck":["theMarked:Strike","theMarked:Strike","theMarked:Strike","theMarked:Strike","theMarked:Defend","theMarked:Defend","theMarked:Defend","theMarked:Defend","theMarked:SoldierOfQuellstein+1","theMarked:BanishingStrike+1","theMarked:HeightenedSenses","theMarked:Generate","theMarked:DeterminationOfTheMarked","theMarked:MaelstromOfLightning","theMarked:Panic","theMarked:EmpowerWeapon+1","theMarked:EnhanceMovement"],"relics":["theMarked:ArtifactOfAir","Golden Idol","Lizard Tail"],"acts_visited":["Exordium"],"potions_floor_usage":[8,10,16],"damage_taken":[{"damage":5,"enemies":"2 Louse","floor":1,"turns":3},{"damage":2,"enemies":"Jaw Worm","floor":3,"turns":4},{"damage":5,"enemies":"Cultist","floor":5,"turns":4},{"damage":20,"enemies":"Gremlin Nob","floor":8,"turns":4},{"damage":31,"enemies":"Lagavulin","floor":10,"turns":8},{"damage":5,"enemies":"Exordium Thugs","floor":12,"turns":4},{"damage":17,"enemies":"Hexaghost","floor":16,"turns":9}],"seed_played":"1286703576573790588","potions_obtained":[{"floor":3,"key":"DistilledChaos"},{"floor":10,"key":"GamblersBrew"}],"is_trial":false,"path_per_floor":["M","?","M","?","M","$","R","E","T","E","$","M","R","?","R","B"],"character_chosen":"THE_DEFAULT","items_purchased":["theMarked:DeterminationOfTheMarked","BlessingOfTheForge","theMarked:EmpowerWeapon"],"campfire_rested":0,"item_purchase_floors":[6,6,11],"current_hp_per_floor":[58,58,56,50,45,45,45,25,25,32,32,27,27,16,16,0,0],"gold":130,"neow_bonus":"THREE_CARDS","is_daily":false,"chose_seed":false,"campfire_upgraded":3,"win_rate":0.0,"timestamp":1609199892,"path_taken":["M","?","M","?","?","$","R","E","T","E","?","M","R","?","R","BOSS"],"items_purchased_type":["Card","Potion","Card"],"build_version":"2020-12-22","purchased_purges":1,"victory":false,"max_hp_per_floor":[70,65,65,65,65,65,65,65,65,65,65,65,65,65,65,65,65],"card_choices":[{"not_picked":["theMarked:RepellingDischarge","theMarked:Polarize"],"picked":"theMarked:BanishingStrike","floor":0},{"not_picked":["theMarked:ResourceFulStrike","theMarked:ElectricStrings"],"picked":"theMarked:HeightenedSenses","floor":1},{"not_picked":["theMarked:BanishingStrike","theMarked:ChainLightning"],"picked":"theMarked:Generate","floor":3},{"not_picked":["theMarked:RepellingDischarge","theMarked:Generate","theMarked:HeightenedSenses"],"picked":"SKIP","floor":5},{"not_picked":["theMarked:ResourceFulStrike","theMarked:Parkour"],"picked":"theMarked:MaelstromOfLightning","floor":8},{"not_picked":["theMarked:ComboAttacks","theMarked:Snap"],"picked":"theMarked:Panic","floor":10},{"not_picked":["theMarked:WastefulAttack","theMarked:ElectricStrings"],"picked":"theMarked:EnhanceMovement","floor":12}],"player_experience":392032,"relics_obtained":[{"floor":8,"key":"Lizard Tail"}],"event_choices":[{"damage_healed":0,"gold_gain":0,"player_choice":"Lose Max HP","damage_taken":0,"relics_obtained":["Golden Idol"],"max_hp_gain":0,"max_hp_loss":5,"event_name":"Golden Idol","floor":2,"gold_loss":0},{"damage_healed":0,"gold_gain":75,"player_choice":"Touch","damage_taken":6,"max_hp_gain":0,"max_hp_loss":0,"event_name":"FaceTrader","floor":4,"gold_loss":0},{"damage_healed":0,"gold_gain":75,"player_choice":"Gather Gold","damage_taken":11,"max_hp_gain":0,"max_hp_loss":0,"event_name":"World of Goop","floor":14,"gold_loss":0}],"is_beta":false,"boss_relics":[],"items_purged_floors":[6],"is_endless":false,"potions_floor_spawned":[3,10],"killed_by":"Hexaghost","ascension_level":7}}