{"host":"wgmbtq7u7cgqo6r7","time":1609139299,"event":{"mods":["BaseMod","Minty Spire (QoL Compilation)","Rare Cards Sparkle","StSLib","The Blackbeard","everything is the same but u backflip on backflip"],"gold_per_floor":[115,125,140,153,4,35,53,121,144,144,158,169,169,185,185,289,289,306,323,323,371,411,411,445,445,493,551,551,580,580,580,580,580],"floor_reached":31,"playtime":2009,"items_purged":["blackbeard:BlackbeardStrike"],"score":263,"play_id":"e9e1d27a-27fa-4767-8b8c-37ae8981c9cb","local_time":"20201228020819","is_ascension_mode":false,"campfire_choices":[{"floor":10.0,"key":"REST"},{"floor":15.0,"key":"REST"},{"floor":23.0,"key":"REST"},{"floor":25.0,"key":"REST"},{"floor":28.0,"key":"REST"}],"circlet_count":0,"master_deck":["blackbeard:BlackbeardStrike","blackbeard:BlackbeardStrike","blackbeard:IntimidatingStrike","blackbeard:BlackbeardDefend","blackbeard:BlackbeardDefend","blackbeard:BlackbeardDefend","blackbeard:BlackbeardDefend","blackbeard:Cutlass","blackbeard:SwordDance","blackbeard:Shrapnel","blackbeard:Parrot","blackbeard:RearmingStrike","blackbeard:SwordDance","blackbeard:Dagger","blackbeard:RearmingStrike","blackbeard:Sword","blackbeard:Spear","blackbeard:RearmingStrike","blackbeard:WiseDefense","blackbeard:Salvager","blackbeard:GoldenGuillotine","CurseOfTheBell","blackbeard:FieryDefense+1","blackbeard:GoldenDefense","blackbeard:Bandana+1","blackbeard:Sharpening","blackbeard:GoldenRain","blackbeard:Fencing+1","blackbeard:PirateEarring+1","blackbeard:GoldenCannonball+1","blackbeard:GoldenDefense","blackbeard:CatONineTails+1","blackbeard:BoostMorale"],"relics":["blackbeard:SoberMinded","Prayer Wheel","Shuriken","blackbeard:HipFlask","Calling Bell","Smiling Mask","Ornamental Fan","Du-Vu Doll","Calipers","Dream Catcher"],"acts_visited":[],"potions_floor_usage":[],"damage_taken":[{"damage":2.0,"enemies":"Cultist","floor":1.0,"turns":4.0},{"damage":0.0,"enemies":"2 Louse","floor":2.0,"turns":2.0},{"damage":8.0,"enemies":"Small Slimes","floor":3.0,"turns":3.0},{"damage":13.0,"enemies":"3 Louse","floor":4.0,"turns":2.0},{"damage":36.0,"enemies":"3 Sentries","floor":6.0,"turns":8.0},{"damage":5.0,"enemies":"Lots of Slimes","floor":7.0,"turns":2.0},{"damage":2.0,"enemies":"Blue Slaver","floor":11.0,"turns":3.0},{"damage":7.0,"enemies":"3 Louse","floor":12.0,"turns":2.0},{"damage":3.0,"enemies":"Looter","floor":14.0,"turns":3.0},{"damage":4.0,"enemies":"The Guardian","floor":16.0,"turns":7.0},{"damage":6.0,"enemies":"Spheric Guardian","floor":18.0,"turns":3.0},{"damage":8.0,"enemies":"Shell Parasite","floor":19.0,"turns":5.0},{"damage":2.0,"enemies":"Chosen and Byrds","floor":21.0,"turns":6.0},{"damage":15.0,"enemies":"Snecko","floor":22.0,"turns":5.0},{"damage":18.0,"enemies":"Shelled Parasite and Fungi","floor":24.0,"turns":4.0},{"damage":50.0,"enemies":"Book of Stabbing","floor":27.0,"turns":7.0},{"damage":25.0,"enemies":"Sentry and Sphere","floor":29.0,"turns":5.0},{"damage":0,"enemies":"Snecko","floor":31,"turns":1}],"seed_played":"1549039316084890774","potions_obtained":[{"floor":2.0,"key":"SpeedPotion"},{"floor":6.0,"key":"Explosive Potion"},{"floor":7.0,"key":"PowerPotion"},{"floor":12.0,"key":"Strength Potion"},{"floor":14.0,"key":"AttackPotion"},{"floor":19.0,"key":"Energy Potion"},{"floor":24.0,"key":"blackbeard:UpgradePotion"},{"floor":27.0,"key":"LiquidBronze"}],"is_trial":false,"path_per_floor":["M","M","M","M","$","E","M","T","T","R","M","M","?","M","R","B",null,"M","M","?","M","M","R","M","R","T","E","R","M","?","M"],"character_chosen":"BLACKBEARD_CLASS","items_purchased":["blackbeard:RearmingStrike","blackbeard:SwordDance"],"campfire_rested":5,"item_purchase_floors":[5,5],"current_hp_per_floor":[73,73,65,52,52,16,11,11,11,33,31,24,24,21,43,39,75,69,61,61,59,44,66,48,70,70,20,42,17,17,17,17,17],"gold":580,"neow_bonus":"BOSS_RELIC","is_daily":false,"chose_seed":false,"campfire_upgraded":0,"win_rate":0.0,"timestamp":1609139299,"path_taken":["M","M","?","M","$","E","M","?","T","R","M","M","?","M","R","BOSS","M","?","?","?","M","R","M","R","T","E","R","M","?","M"],"items_purchased_type":["Card","Card"],"build_version":"2020-12-22","purchased_purges":1,"victory":false,"max_hp_per_floor":[75,75,75,75,75,75,75,75,75,75,75,75,75,75,75,75,75,75,75,75,75,75,75,75,75,75,75,75,75,75,75,75,75],"card_choices":[{"not_picked":["blackbeard:DeadlyArsenal","blackbeard:WoodenLeg","blackbeard:TacticalRetreat"],"picked":"SKIP","floor":1.0},{"not_picked":["blackbeard:CatONineTails","blackbeard:VengefulSpirit"],"picked":"blackbeard:SwordDance","floor":2.0},{"not_picked":["blackbeard:DeadlyArsenal","blackbeard:Eyepatch"],"picked":"blackbeard:Shrapnel","floor":3.0},{"not_picked":["blackbeard:WoodenLeg","blackbeard:Bandana"],"picked":"blackbeard:Parrot","floor":4.0},{"not_picked":["blackbeard:GoldenDefense","blackbeard:JollyRoger"],"picked":"blackbeard:Dagger","floor":6.0},{"not_picked":["blackbeard:FieryDefense","blackbeard:Sharpening"],"picked":"blackbeard:RearmingStrike","floor":7.0},{"not_picked":["blackbeard:SwordDance","blackbeard:TacticalRetreat"],"picked":"blackbeard:Sword","floor":7.0},{"not_picked":["blackbeard:GoldenStrike","blackbeard:TacticalRetreat"],"picked":"blackbeard:Spear","floor":11.0},{"not_picked":["blackbeard:SwordDance","blackbeard:InfiniteBarrage"],"picked":"blackbeard:RearmingStrike","floor":11.0},{"not_picked":["blackbeard:GoldenStrike","blackbeard:Boarding"],"picked":"blackbeard:WiseDefense","floor":12.0},{"not_picked":["blackbeard:FinalBarrage","blackbeard:Sword","blackbeard:SwordDance"],"picked":"SKIP","floor":12.0},{"not_picked":["blackbeard:DoubleBottom","blackbeard:RearmingStrike"],"picked":"blackbeard:Salvager","floor":14.0},{"not_picked":["blackbeard:GoldenCannonball","blackbeard:GoldenStrike","blackbeard:RearmingStrike"],"picked":"SKIP","floor":14.0},{"not_picked":["blackbeard:Halberd","blackbeard:PowerHungry"],"picked":"blackbeard:GoldenGuillotine","floor":16.0},{"not_picked":["blackbeard:ChaoticDefense+1","blackbeard:DeadlyArsenal"],"picked":"blackbeard:FieryDefense+1","floor":18.0},{"not_picked":["blackbeard:RearmingStrike","blackbeard:JollyRoger+1"],"picked":"blackbeard:GoldenDefense","floor":18.0},{"not_picked":["blackbeard:TacticalRetreat","blackbeard:Toast"],"picked":"blackbeard:Bandana+1","floor":19.0},{"not_picked":["blackbeard:CannonBarrage","blackbeard:DangerousBlow","blackbeard:RearmingStrike"],"picked":"SKIP","floor":19.0},{"not_picked":["blackbeard:CannonBarrage","blackbeard:DangerousBlow","blackbeard:RearmingStrike"],"picked":"SKIP","floor":19.0},{"not_picked":["blackbeard:FieryDefense+1","blackbeard:WeaponProficiency"],"picked":"blackbeard:Sharpening","floor":21.0},{"not_picked":["blackbeard:Recklessness","blackbeard:DeadlyArsenal","blackbeard:BeatUp"],"picked":"SKIP","floor":21.0},{"not_picked":["blackbeard:GoldenCannonball","blackbeard:RemoveScurvy"],"picked":"blackbeard:GoldenRain","floor":22.0},{"not_picked":["blackbeard:SwordDance+1","blackbeard:WiseDefense"],"picked":"blackbeard:Fencing+1","floor":22.0},{"not_picked":["blackbeard:DangerousBlow+1","blackbeard:Upgrade"],"picked":"blackbeard:PirateEarring+1","floor":24.0},{"not_picked":["blackbeard:CloakAndCannonball","blackbeard:Toast","blackbeard:ChaoticDefense"],"picked":"SKIP","floor":24.0},{"not_picked":["blackbeard:SwordDance","blackbeard:Rum"],"picked":"blackbeard:GoldenCannonball+1","floor":27.0},{"not_picked":["blackbeard:Sharpening","blackbeard:TacticalRetreat"],"picked":"blackbeard:GoldenDefense","floor":29.0},{"not_picked":["blackbeard:FishingNets","blackbeard:UndeadForm"],"picked":"blackbeard:CatONineTails+1","floor":29.0}],"player_experience":116920,"relics_obtained":[{"floor":6.0,"key":"Prayer Wheel"},{"floor":8.0,"key":"Shuriken"},{"floor":9.0,"key":"blackbeard:HipFlask"},{"floor":17.0,"key":"Smiling Mask"},{"floor":17.0,"key":"Ornamental Fan"},{"floor":17.0,"key":"Du-Vu Doll"},{"floor":20.0,"key":"Calipers"},{"floor":27.0,"key":"Dream Catcher"}],"event_choices":[{"cards_removed":["blackbeard:BlackbeardStrike"],"damage_healed":0.0,"max_hp_gain":0.0,"max_hp_loss":0.0,"gold_gain":0.0,"event_name":"Purifier","player_choice":"Purged","floor":13.0,"gold_loss":0.0,"damage_taken":0.0},{"damage_healed":0.0,"max_hp_gain":0.0,"max_hp_loss":0.0,"gold_gain":0.0,"event_name":"Wheel of Change","player_choice":"Relic","floor":20.0,"gold_loss":0.0,"damage_taken":0.0},{"damage_healed":0.0,"max_hp_gain":0.0,"max_hp_loss":0.0,"gold_gain":0.0,"event_name":"Match and Keep!","player_choice":"1 cards matched","floor":30.0,"gold_loss":0.0,"damage_taken":0.0,"cards_obtained":["blackbeard:BoostMorale"]}],"is_beta":false,"boss_relics":[{"not_picked":["Coffee Dripper","Busted Crown"],"picked":"Calling Bell"}],"items_purged_floors":[5],"is_endless":false,"potions_floor_spawned":[2,6,7,12,14,19,24,27],"killed_by":"Snecko","ascension_level":0}}