{"host":"6hzrz31j95f2y1pa","time":1609143328,"event":{"mods":["BaseMod","Colored Map","Downfall","Minty Spire (QoL Compilation)","StSLib"],"gold_per_floor":[99,111,125,139,159,193,193,208,218,229,60,92,17,17,29,130,130,55,70,85,85,99,99,149,167,167,177,197,197,225,39,53,154,154,79,92,101,101,101,1,1,1,19,46,46,62,62,79,97,97,97,97,97,97],"floor_reached":52,"playtime":2698,"items_purged":["hexamod:Sear","Pain"],"score":755,"play_id":"a941f4b2-3ae2-4309-9822-7d8ceee2bcd8","local_time":"20201228031528","is_ascension_mode":true,"campfire_choices":[{"floor":1,"key":"RECALL"},{"floor":13,"key":"REST"},{"data":"hexamod:SuperheatedStrike","floor":18,"key":"SMITH"},{"data":"hexamod:HeatShield","floor":23,"key":"SMITH"},{"data":"hexamod:TimeOfNeed","floor":26,"key":"SMITH"},{"data":"Ghostly","floor":29,"key":"SMITH"},{"data":"hexamod:ApocalypseNow","floor":35,"key":"SMITH"},{"data":"expansioncontent:DashGenerateEvil","floor":42,"key":"SMITH"},{"data":"hexamod:WildfireWeapon","floor":45,"key":"SMITH"},{"data":"hexamod:SearingWound","floor":47,"key":"SMITH"}],"circlet_count":0,"master_deck":["hexamod:Float+1","hexamod:NightmareGuise","hexamod:PhantomFireball","hexamod:Hexaguard+1","hexamod:NightmareStrike","hexamod:SuperheatedStrike+1","hexamod:HeatShield+1","hexamod:Hexaguard","hexamod:WildfireWeapon+1","hexamod:NightmareStrike","hexamod:GhostLash","hexamod:TimeOfNeed+1","hexamod:GhostShield+1","hexamod:SpectersWail","hexamod:CouncilsJustice","hexamod:CouncilsJustice","hexamod:CouncilsJustice","Ghostly","Ghostly","Ghostly+1","hexamod:Haunt","hexamod:GhostLash","Dark Shackles","hexamod:ApocalypseNow+1","expansioncontent:DashGenerateEvil+1","hexamod:SearingWound+1","expansioncontent:BronzeBeam","expansioncontent:CaCaw","hexamod:NecessarySacrifice+1","hexamod:GhostShield"],"relics":["hexamod:SpiritBrand","hexamod:MatchstickCase","hexamod:JarOfFuel","hexamod:CandleOfCauterizing","downfall:HeartBlessingRed","Philosopher\u0027s Stone","downfall:HeartBlessingBlue","MealTicket","Lantern","hexamod:IceCube","downfall:HeartBlessingGreen","WarpedTongs","InkBottle","War Paint"],"acts_visited":["Exordium","TheCity","TheBeyond","TheEnding"],"potions_floor_usage":[50],"damage_taken":[{"damage":0,"enemies":"Cultist","floor":2,"turns":3},{"damage":0,"enemies":"2 Louse","floor":3,"turns":3},{"damage":0,"enemies":"Jaw Worm","floor":4,"turns":3},{"damage":5,"enemies":"3 Louse","floor":5,"turns":3},{"damage":13,"enemies":"Gremlin Nob","floor":6,"turns":4},{"damage":0,"enemies":"2 Fungi Beasts","floor":8,"turns":2},{"damage":0,"enemies":"Lots of Slimes","floor":9,"turns":4},{"damage":0,"enemies":"3 Louse","floor":10,"turns":4},{"damage":0,"enemies":"downfall:FleeingMerchant","floor":11,"turns":4},{"damage":5,"enemies":"3 Sentries","floor":12,"turns":7},{"damage":0,"enemies":"Exordium Wildlife","floor":15,"turns":3},{"damage":7,"enemies":"downfall:Watcher","floor":16,"turns":7},{"damage":0,"enemies":"Spheric Guardian","floor":19,"turns":3},{"damage":3,"enemies":"Shell Parasite","floor":20,"turns":3},{"damage":5,"enemies":"Centurion and Healer","floor":22,"turns":4},{"damage":0,"enemies":"Shelled Parasite and Fungi","floor":25,"turns":4},{"damage":1,"enemies":"Snecko","floor":27,"turns":3},{"damage":0,"enemies":"Centurion and Healer","floor":28,"turns":4},{"damage":0,"enemies":"Gremlin Leader","floor":30,"turns":6},{"damage":5,"enemies":"downfall:FleeingMerchant","floor":31,"turns":4},{"damage":0,"enemies":"Chosen and Byrds","floor":32,"turns":4},{"damage":10,"enemies":"downfall:Ironclad","floor":33,"turns":7},{"damage":0,"enemies":"Orb Walker","floor":36,"turns":3},{"damage":0,"enemies":"downfall:FleeingMerchant","floor":37,"turns":4},{"damage":2,"enemies":"3 Shapes","floor":43,"turns":4},{"damage":17,"enemies":"Nemesis","floor":44,"turns":5},{"damage":0,"enemies":"Sphere and 2 Shapes","floor":46,"turns":4},{"damage":0,"enemies":"4 Shapes","floor":48,"turns":2},{"damage":0,"enemies":"Maw","floor":49,"turns":6},{"damage":12,"enemies":"downfall:Silent","floor":50,"turns":9},{"damage":42,"enemies":"downfall:CharBossMerchant","floor":52,"turns":7}],"seed_played":"-4626878567675440226","potions_obtained":[{"floor":3,"key":"sneckomod:MuddlingPotion"},{"floor":5,"key":"champ:CounterPotion"},{"floor":6,"key":"AttackPotion"},{"floor":9,"key":"Dexterity Potion"},{"floor":28,"key":"Energy Potion"},{"floor":48,"key":"Swift Potion"}],"is_trial":false,"path_per_floor":["R","M","M","M","M","E","T","M","M","M","$","E","R","?","M","B",null,"R","M","M","?","M","R","T","M","R","M","M","R","E","$","M","B",null,"R","M","$","?","?","$","T","R","M","E","R","M","R","M","M","B",null,"E"],"character_chosen":"THE_SPIRIT","items_purchased":["hexamod:JarOfFuel","Dark Shackles","expansioncontent:DashGenerateEvil","hexamod:SearingWound"],"campfire_rested":1,"item_purchase_floors":[11,31,37,37],"current_hp_per_floor":[49,49,49,49,44,31,31,31,31,31,31,26,47,70,70,63,70,80,80,77,40,35,35,35,35,35,34,34,34,34,35,35,25,40,40,40,40,35,35,40,40,40,38,21,21,21,21,21,21,9,40,0,0,0],"gold":97,"neow_bonus":"TRANSFORM_TWO_CARDS","is_daily":false,"chose_seed":false,"campfire_upgraded":8,"win_rate":0.0,"timestamp":1609143328,"path_taken":["R","M","M","M","M","E","T","?","M","M","$","E","R","?","M","BOSS","R","M","M","?","M","R","T","M","R","M","M","R","E","$","M","BOSS","R","M","$","?","?","$","T","R","M","E","R","M","R","M","M","BOSS","E"],"items_purchased_type":["Relic","Card","Card","Card"],"build_version":"2020-12-22","purchased_purges":2,"victory":false,"max_hp_per_floor":[70,70,70,70,70,70,70,70,70,70,70,70,70,70,70,70,70,80,80,80,40,40,40,40,40,40,40,40,40,40,40,40,40,40,40,40,40,40,40,40,40,40,40,40,40,40,40,40,40,40,40,40,40,40],"card_choices":[{"not_picked":["hexamod:Firestarter","hexamod:ThermalTransfer"],"picked":"hexamod:Hexaguard","floor":2},{"not_picked":["hexamod:ShieldOfDarkness","hexamod:ThermalTransfer"],"picked":"hexamod:NightmareStrike","floor":3},{"not_picked":["hexamod:HeatShield","hexamod:HauntingEcho"],"picked":"hexamod:SuperheatedStrike","floor":4},{"not_picked":["hexamod:ShieldOfDarkness","hexamod:StepThrough"],"picked":"hexamod:HeatShield","floor":5},{"not_picked":["hexamod:EmpoweredFlame","hexamod:GhostOfSpireFuture","hexamod:GhostflameBarrier"],"picked":"SKIP","floor":6},{"not_picked":["hexamod:BacktrackSmack","hexamod:InspiringFlames","hexamod:SwordOfDarkness"],"picked":"SKIP","floor":8},{"not_picked":["hexamod:BurningTouch","hexamod:InspiringFlames"],"picked":"hexamod:Hexaguard","floor":9},{"not_picked":["hexamod:SwordOfDarkness","hexamod:RainOfEmbers","hexamod:Firestarter"],"picked":"SKIP","floor":10},{"not_picked":["hexamod:Hexaguard","hexamod:ExtraCrispy"],"picked":"hexamod:WildfireWeapon","floor":11},{"not_picked":["hexamod:Hexaguard","hexamod:Again"],"picked":"hexamod:NightmareStrike","floor":12},{"not_picked":["hexamod:SecondSeal","hexamod:ShieldOfDarkness"],"picked":"hexamod:GhostLash","floor":15},{"not_picked":["hexamod:UnleashSpirits","hexamod:ApocalypticArmor"],"picked":"hexamod:TimeOfNeed","floor":16},{"not_picked":["hexamod:BurningTouch","hexamod:Hexaguard"],"picked":"hexamod:GhostShield+1","floor":19},{"not_picked":["hexamod:ShieldOfDarkness","hexamod:RadiantFlame"],"picked":"hexamod:SpectersWail","floor":20},{"not_picked":["hexamod:RainOfEmbers+1","hexamod:GhostLash+1"],"picked":"hexamod:Haunt","floor":22},{"not_picked":["hexamod:SpectralSpark","hexamod:HeatMetal","hexamod:EtherealExpedition"],"picked":"SKIP","floor":25},{"not_picked":["hexamod:EmpoweredFlame","hexamod:SkipABeat","hexamod:HeatCrush"],"picked":"SKIP","floor":27},{"not_picked":["hexamod:RetreatToShadows+1","hexamod:Again"],"picked":"hexamod:GhostLash","floor":28},{"not_picked":["hexamod:BacktrackSmack","hexamod:HeatMetal+1","hexamod:GhostShield"],"picked":"SKIP","floor":30},{"not_picked":["hexamod:HauntingEcho+1","hexamod:SwordOfDarkness","hexamod:NecessarySacrifice+1"],"picked":"SKIP","floor":31},{"not_picked":["hexamod:TimeWarp","hexamod:FirstSeal","hexamod:NecessarySacrifice"],"picked":"SKIP","floor":32},{"not_picked":["hexamod:VolcanoVisage","hexamod:HexaLevel"],"picked":"hexamod:ApocalypseNow","floor":33},{"not_picked":["hexamod:FlamesFromBeyond+1","hexamod:GhostflameBarrier","hexamod:SpectersWail"],"picked":"SKIP","floor":36},{"not_picked":["hexamod:SoulSteal+1","hexamod:RetreatToShadows+1","hexamod:ThermalTransfer"],"picked":"SKIP","floor":37},{"not_picked":["expansioncontent:CaCaw","expansioncontent:TimeRipple"],"picked":"expansioncontent:BronzeBeam","floor":38},{"not_picked":["expansioncontent:HyperBeam","expansioncontent:PrepareCrush"],"picked":"expansioncontent:CaCaw","floor":38},{"not_picked":["hexamod:PhantomCloak","hexamod:RainOfEmbers+1","hexamod:SpectralSpark"],"picked":"SKIP","floor":43},{"not_picked":["hexamod:HauntingEcho","hexamod:GhostOfSpirePresent+1"],"picked":"hexamod:NecessarySacrifice+1","floor":44},{"not_picked":["hexamod:NightmareGuise","hexamod:NecessarySacrifice","hexamod:SwordOfDarkness+1"],"picked":"SKIP","floor":46},{"not_picked":["hexamod:NightmareGuise","hexamod:AdvancingGuard"],"picked":"hexamod:GhostShield","floor":48},{"not_picked":["hexamod:HauntingEcho","hexamod:CatchUp+1","hexamod:SwordOfDarkness+1"],"picked":"SKIP","floor":49}],"player_experience":1258195,"relics_obtained":[{"floor":6,"key":"hexamod:MatchstickCase"},{"floor":12,"key":"hexamod:CandleOfCauterizing"},{"floor":24,"key":"MealTicket"},{"floor":30,"key":"Lantern"},{"floor":41,"key":"InkBottle"},{"floor":44,"key":"War Paint"}],"event_choices":[{"damage_healed":23,"gold_gain":0,"player_choice":"Banana","damage_taken":0,"max_hp_gain":0,"max_hp_loss":0,"event_name":"Big Fish","floor":14,"gold_loss":0},{"damage_healed":0,"gold_gain":0,"player_choice":"Rummage","damage_taken":0,"relics_obtained":["WarpedTongs"],"max_hp_gain":0,"max_hp_loss":0,"event_name":"Accursed Blacksmith","floor":39,"gold_loss":0,"cards_obtained":["Pain"]}],"is_beta":false,"boss_relics":[{"not_picked":["Empty Cage","SlaversCollar"],"picked":"Philosopher\u0027s Stone"},{"not_picked":["Snecko Eye","Sozu"],"picked":"hexamod:IceCube"}],"items_purged_floors":[31,40],"is_endless":false,"potions_floor_spawned":[3,5,6,9,16,25,28,32,33,44,46,48,49],"killed_by":"downfall:CharBossMerchant","ascension_level":1}}