{"host":"m77rrhbqzv44va4v","time":1609153933,"event":{"mods":["AchievementEnabler","BaseMod","Colored Map","DeckTracker","Keyboard Shortcuts","Minty Spire (QoL Compilation)","StSLib","SuperFastMode","everything is the same but u backflip on backflip"],"gold_per_floor":[115,115,190,206,59,59,90,90,116,131,80,100,115,125,125,224,224,242,4,4,19,32,32,48,48,48,48,80,80,96,96,96,192,192,203,219,80,80,80,80,107,107,107],"floor_reached":42,"playtime":1258,"items_purged":["Strike_P","Strike_P"],"score":767,"play_id":"22085f7d-6b4f-4bbe-81eb-4233b93e1627","local_time":"20201228201213","is_ascension_mode":true,"campfire_choices":[{"data":"TalkToTheHand","floor":6.0,"key":"SMITH"},{"data":"Eruption","floor":8.0,"key":"SMITH"},{"floor":15.0,"key":"REST"},{"data":"Scrawl","floor":23.0,"key":"SMITH"},{"data":"Meditate","floor":25.0,"key":"SMITH"},{"data":"Adaptation","floor":32.0,"key":"SMITH"},{"data":"DevaForm","floor":40.0,"key":"SMITH"}],"circlet_count":0,"master_deck":["Strike_P","Defend_P+1","Defend_P+1","Eruption+1","Vigilance+1","Halt+1","InnerPeace","TalkToTheHand+1","LessonLearned","WheelKick+1","EmptyFist+1","FollowUp","Meditate+1","Scrawl+1","FearNoEvil+1","FlurryOfBlows+1","Adaptation+1","DevaForm+1","Evaluate","MentalFortress","BattleHymn"],"relics":["PureWater","NeowsBlessing","Shuriken","Dream Catcher","Snecko Eye","White Beast Statue","Pear","CloakClasp","Empty Cage","Bottled Tornado"],"acts_visited":["Exordium","TheCity","TheBeyond"],"potions_floor_usage":[],"damage_taken":[{"damage":0.0,"enemies":"Jaw Worm","floor":1.0,"turns":1.0},{"damage":0.0,"enemies":"Cultist","floor":4.0,"turns":1.0},{"damage":0.0,"enemies":"Gremlin Nob","floor":7.0,"turns":1.0},{"damage":0.0,"enemies":"2 Louse","floor":10.0,"turns":2.0},{"damage":16.0,"enemies":"Large Slime","floor":12.0,"turns":7.0},{"damage":6.0,"enemies":"Red Slaver","floor":13.0,"turns":2.0},{"damage":7.0,"enemies":"Blue Slaver","floor":14.0,"turns":5.0},{"damage":24.0,"enemies":"Hexaghost","floor":16.0,"turns":8.0},{"damage":0.0,"enemies":"Chosen","floor":18.0,"turns":4.0},{"damage":0.0,"enemies":"Spheric Guardian","floor":21.0,"turns":3.0},{"damage":12.0,"enemies":"Cultist and Chosen","floor":22.0,"turns":7.0},{"damage":0.0,"enemies":"Centurion and Healer","floor":24.0,"turns":3.0},{"damage":0.0,"enemies":"Book of Stabbing","floor":28.0,"turns":3.0},{"damage":0.0,"enemies":"Chosen and Byrds","floor":30.0,"turns":4.0},{"damage":0.0,"enemies":"Automaton","floor":33.0,"turns":5.0},{"damage":11.0,"enemies":"3 Darklings","floor":35.0,"turns":4.0},{"damage":0.0,"enemies":"3 Shapes","floor":36.0,"turns":3.0},{"damage":0.0,"enemies":"3 Darklings","floor":39.0,"turns":2.0},{"damage":50.0,"enemies":"Reptomancer","floor":41.0,"turns":10.0},{"damage":19,"enemies":"Sphere and 2 Shapes","floor":42,"turns":3}],"seed_played":"7298556654191900193","potions_obtained":[{"floor":7.0,"key":"SkillPotion"},{"floor":14.0,"key":"Explosive Potion"},{"floor":21.0,"key":"FearPotion"},{"floor":22.0,"key":"Explosive Potion"},{"floor":24.0,"key":"Block Potion"},{"floor":28.0,"key":"Weak Potion"},{"floor":30.0,"key":"LiquidMemories"},{"floor":35.0,"key":"SmokeBomb"},{"floor":36.0,"key":"BottledMiracle"},{"floor":41,"key":"SkillPotion"}],"is_trial":false,"path_per_floor":["M","?","?","M","$","R","E","R","T","M","$","M","M","M","R","B",null,"M","$","?","M","M","R","M","R","T","?","E","$","M","?","R","B",null,"M","M","$","?","M","R","E","M"],"character_chosen":"WATCHER","items_purchased":["TalkToTheHand","EmptyFist","White Beast Statue","MentalFortress"],"campfire_rested":1,"item_purchase_floors":[5,11,19,37],"current_hp_per_floor":[65,58,51,51,51,51,51,51,51,51,51,35,29,22,43,19,59,59,59,59,59,47,47,47,47,57,57,57,57,57,51,51,51,74,63,63,63,63,63,63,13,0,0],"gold":107,"neow_bonus":"THREE_ENEMY_KILL","is_daily":false,"chose_seed":false,"campfire_upgraded":6,"win_rate":0.0,"timestamp":1609153933,"path_taken":["M","?","?","M","$","R","E","R","T","?","$","M","M","M","R","BOSS","M","?","?","M","M","R","M","R","T","?","E","$","M","?","R","BOSS","M","M","$","?","M","R","E","M"],"items_purchased_type":["Card","Card","Relic","Card"],"build_version":"2020-12-22","purchased_purges":2,"victory":false,"max_hp_per_floor":[72,72,72,72,72,72,72,72,72,72,72,72,72,72,72,72,72,72,72,72,72,72,72,72,72,82,82,82,82,82,82,82,82,82,82,82,82,78,78,78,78,78,78],"card_choices":[{"not_picked":["EmptyBody","BowlingBash"],"picked":"Halt","floor":1.0},{"not_picked":["CarveReality","Nirvana"],"picked":"InnerPeace","floor":4.0},{"not_picked":["ThirdEye","EmptyBody"],"picked":"LessonLearned","floor":7.0},{"not_picked":["Evaluate","Prostrate"],"picked":"WheelKick","floor":10.0},{"not_picked":["CarveReality","LikeWater"],"picked":"FollowUp","floor":12.0},{"not_picked":["Vengeance","CrushJoints","EmptyFist"],"picked":"SKIP","floor":13.0},{"not_picked":["Omniscience","ClearTheMind","PathToVictory"],"picked":"SKIP","floor":14.0},{"not_picked":["Pray","FollowUp"],"picked":"Meditate","floor":15.0},{"not_picked":["MasterReality","ConjureBlade"],"picked":"Scrawl","floor":16.0},{"not_picked":["Worship","Protect+1","ThirdEye+1"],"picked":"SKIP","floor":18.0},{"not_picked":["DeceiveReality","WreathOfFlame"],"picked":"FearNoEvil+1","floor":21.0},{"not_picked":["FollowUp","WreathOfFlame"],"picked":"FlurryOfBlows+1","floor":22.0},{"not_picked":["ClearTheMind","PathToVictory","CarveReality"],"picked":"SKIP","floor":24.0},{"not_picked":["Alpha","JustLucky","Establishment"],"picked":"SKIP","floor":28.0},{"not_picked":["EmptyBody","Weave+1"],"picked":"Adaptation","floor":30.0},{"not_picked":["Omniscience","Devotion"],"picked":"DevaForm","floor":33.0},{"not_picked":["Worship+1","Crescendo","CrushJoints+1"],"picked":"SKIP","floor":35.0},{"not_picked":["FollowUp","JustLucky+1"],"picked":"Evaluate","floor":36.0},{"not_picked":["Halt","Consecrate"],"picked":"BattleHymn","floor":41}],"player_experience":828103,"relics_obtained":[{"floor":7.0,"key":"Shuriken"},{"floor":9.0,"key":"Dream Catcher"},{"floor":26.0,"key":"Pear"},{"floor":28.0,"key":"CloakClasp"},{"floor":41,"key":"Bottled Tornado"}],"event_choices":[{"cards_removed":["Defend_P"],"damage_healed":0.0,"max_hp_gain":0.0,"max_hp_loss":0.0,"gold_gain":0.0,"event_name":"Golden Wing","player_choice":"Card Removal","floor":2.0,"gold_loss":0.0,"damage_taken":7.0},{"damage_healed":0.0,"max_hp_gain":0.0,"max_hp_loss":0.0,"gold_gain":75.0,"event_name":"FaceTrader","player_choice":"Touch","floor":3.0,"gold_loss":0.0,"damage_taken":7.0},{"damage_healed":0.0,"max_hp_gain":0.0,"max_hp_loss":0.0,"gold_gain":0.0,"event_name":"Ghosts","player_choice":"Ignored","floor":20.0,"gold_loss":0.0,"damage_taken":0.0},{"damage_healed":0.0,"max_hp_gain":0.0,"max_hp_loss":0.0,"gold_gain":0.0,"event_name":"Vampires","player_choice":"Ignored","floor":27.0,"gold_loss":0.0,"damage_taken":0.0},{"damage_healed":0.0,"max_hp_gain":0.0,"max_hp_loss":0.0,"gold_gain":0.0,"event_name":"Knowing Skull","player_choice":"","floor":31.0,"potions_obtained":[],"gold_loss":0.0,"damage_taken":6.0,"cards_obtained":[]},{"damage_healed":0.0,"max_hp_gain":0.0,"max_hp_loss":4.0,"gold_gain":0.0,"event_name":"Winding Halls","player_choice":"Max HP","floor":38.0,"gold_loss":0.0,"damage_taken":0.0}],"is_beta":false,"boss_relics":[{"not_picked":["Busted Crown","Runic Dome"],"picked":"Snecko Eye"},{"not_picked":["Coffee Dripper","Astrolabe"],"picked":"Empty Cage"}],"items_purged_floors":[5,37],"is_endless":false,"potions_floor_spawned":[7,14,21,22,24,28,30,33,35,36,39,41],"killed_by":"Sphere and 2 Shapes","ascension_level":8}}