{"host":"g53g9qlo34vrqi92","time":1609195353,"event":{"mods":["Aspiration","Bard","BaseMod","Beaked The Cultist","BetterRewards","Colored Map","Conspire","Energized Spire","Fiend Mod","GifTheSpireLib","Googly Eyes","Gremlin Skip","Halation","Hermit","Hubris","Infinite Spire","Jedi Mod","Minty Spire (QoL Compilation)","Permanent Neow","Quick Restart","Relic Filter","Replay The Spire","Spikes Relics","StSLib","Stuff the Spire","Synergy Search","The Bladedancer","The Bug Knight","The Construct","The Cursed","The Factory","The Forsaken","The Jungle","The Necromancer","The Spell Scribe","The Trickster","Trackpad","slay the spire mod where everything is the same but ironclad has a cowboy hat","vexMod"],"gold_per_floor":[109,384,402,415,435,435,445,473,473,25,25,52,77,96,96,205,205,215,215,235,184,204,209,209],"floor_reached":23,"playtime":2038,"items_purged":[],"score":555,"play_id":"af9af6aa-3a59-41b3-95b4-6f90f2a4fa44","local_time":"20201228144233","is_ascension_mode":false,"campfire_choices":[{"floor":6.0,"key":"REST"},{"floor":15,"key":"RECALL"}],"circlet_count":0,"master_deck":["hermit:Strike_Hermit","hermit:Strike_Hermit","hermit:Strike_Hermit","hermit:Defend_Hermit","hermit:Defend_Hermit","hermit:Defend_Hermit","hermit:Defend_Hermit","hermit:Snapshot","hermit:Covet","hermit:FlashPowder","hermit:Headshot+1","Delirium","hermit:Spite","hermit:Snipe","jedi:forcepull","hermit:CalledShot","hermit:GhostlyPresence","Regret","hermit:Manifest","hermit:Determination","hermit:FinalCanter","hermit:Deadeye","hermit:LowProfile","ReplayTheSpireMod:Necrogeddon","hermit:Horror","hermit:Scavenge","hermit:Scavenge","hermit:Determination","hermit:Roughhouse","hermit:Gambit","Pot Of Greed","Pot Of Greed","Pot Of Greed","CommonCold","conspire:NecroticWound","Regret","hermit:WideOpen","hermit:Misfire","hermit:EyeOfTheStorm+1","Pot Of Greed"],"relics":["hermit:Momento","halation:PromiseList","trackpad:AdjectivePendant","ReplayTheSpireMod:CursedCoin","MealTicket","jedi:crownofsimplicity","StuffTheSpire:Barrel","Replay:Ancient Bell","Grinning Jar","Meat on the Bone","Thread and Needle"],"acts_visited":["Exordium","TheCity"],"potions_floor_usage":[23,23],"damage_taken":[{"damage":0.0,"enemies":"conspire:RoseBush","floor":1.0,"turns":3.0},{"damage":0.0,"enemies":"Cultist","floor":3.0,"turns":3.0},{"damage":0.0,"enemies":"infinitespire:Voidling","floor":4.0,"turns":3.0},{"damage":2.0,"enemies":"Looter","floor":5.0,"turns":3.0},{"damage":0.0,"enemies":"Exordium Thugs","floor":7.0,"turns":2.0},{"damage":0.0,"enemies":"HollowMod:MossKnight","floor":8.0,"turns":4.0},{"damage":0.0,"enemies":"Gremlin Nob","floor":12.0,"turns":2.0},{"damage":14.0,"enemies":"Exordium Wildlife","floor":13.0,"turns":4.0},{"damage":0,"enemies":"Lots of Slimes","floor":14,"turns":3},{"damage":6,"enemies":"Fading Forest","floor":16,"turns":11},{"damage":7,"enemies":"conspire:FuzzyDice","floor":18,"turns":3},{"damage":2,"enemies":"Spheric Guardian","floor":20,"turns":3},{"damage":7,"enemies":"Snake Plant","floor":22,"turns":2},{"damage":69,"enemies":"Nightmare","floor":23,"turns":13}],"seed_played":"869213182826757000","potions_obtained":[{"floor":1.0,"key":"BlessingOfTheForge"},{"floor":3.0,"key":"Dexterity Potion"},{"floor":7.0,"key":"DuplicationPotion"}],"is_trial":false,"path_per_floor":["M","?","M","M","M","R","M","E","T","$","?","E","M","M","R_BF","B",null,"M","?","M","$","M","NM"],"character_chosen":"HERMIT","items_purchased":["hermit:FlashPowder","hermit:Headshot+1","halation:PromiseList","trackpad:AdjectivePendant","ReplayTheSpireMod:CursedCoin","hermit:Spite","hermit:Snipe","jedi:forcepull","jedi:crownofsimplicity","ReplayTheSpireMod:Necrogeddon","hermit:Horror","hermit:Scavenge","hermit:EyeOfTheStorm+1"],"campfire_rested":1,"item_purchase_floors":[0,0,0,0,0,0,0,0,10,10,10,10,21],"current_hp_per_floor":[50,50,50,50,48,70,70,70,70,75,75,75,61,61,61,71,75,68,68,66,75,68,0,0],"gold":209,"neow_bonus":"","is_daily":false,"chose_seed":false,"campfire_upgraded":0,"win_rate":0.0,"timestamp":1609195353,"path_taken":["M","?","M","?","M","R","M","E","T","$","?","E","?","M","R_BF","BOSS","M","?","M","$","M","NM"],"items_purchased_type":["Card","Card","Relic","Relic","Relic","Card","Card","Card","Relic","Card","Card","Card","Card"],"build_version":"2020-12-22","purchased_purges":0,"victory":false,"max_hp_per_floor":[75,75,75,75,75,75,75,75,75,75,75,75,75,75,75,75,75,75,75,75,75,75,75,75],"card_choices":[{"not_picked":["hermit:Dive","hermit:Quickdraw"],"picked":"hermit:GhostlyPresence","floor":1.0},{"not_picked":["hermit:Headshot","hermit:Coalescence"],"picked":"hermit:Manifest","floor":3.0},{"not_picked":["hermit:Feint","hermit:HoleUp"],"picked":"hermit:Determination","floor":4.0},{"not_picked":["hermit:WideOpen","hermit:ItchyTrigger"],"picked":"hermit:FinalCanter","floor":5.0},{"not_picked":["hermit:Brawl","hermit:CalledShot"],"picked":"hermit:Deadeye","floor":7.0},{"not_picked":["hermit:LoneWolf","hermit:Feint"],"picked":"hermit:LowProfile","floor":8.0},{"not_picked":["hermit:Vantage","hermit:Midnight"],"picked":"hermit:Determination","floor":12.0},{"not_picked":["hermit:LuckOfTheDraw","hermit:ItchyTrigger","hermit:NoHoldsBarred"],"picked":"SKIP","floor":13.0},{"not_picked":["hermit:GhostlyPresence","hermit:Dive"],"picked":"hermit:Roughhouse","floor":14},{"not_picked":["hermit:BlackWind","hermit:OverwhelmingPower"],"picked":"hermit:Gambit","floor":16},{"not_picked":["conspire:Blindness","CloudedMind"],"picked":"CommonCold","floor":17},{"not_picked":["Delirium","Notoriety"],"picked":"conspire:NecroticWound","floor":17},{"not_picked":["Normality","ReplayTheSpireMod:Splinters"],"picked":"Regret","floor":17},{"not_picked":["hermit:HoleUp","hermit:Coalescence"],"picked":"hermit:WideOpen","floor":18},{"not_picked":["hermit:FullyLoaded","hermit:WideOpen"],"picked":"hermit:Misfire","floor":20},{"not_picked":["hermit:CalledShot","hermit:Coalescence","hermit:EternalForm"],"picked":"SKIP","floor":22}],"player_experience":1090544,"relics_obtained":[{"floor":8.0,"key":"MealTicket"},{"floor":12.0,"key":"StuffTheSpire:Barrel"}],"event_choices":[{"damage_healed":0.0,"max_hp_gain":0.0,"max_hp_loss":0.0,"gold_gain":275.0,"event_name":"Golden Shrine","player_choice":"Desecrate","floor":2.0,"gold_loss":0.0,"damage_taken":0.0,"cards_obtained":["Regret"]},{"cards_removed":["hermit:Strike_Hermit"],"damage_healed":0.0,"max_hp_gain":0.0,"max_hp_loss":0.0,"gold_gain":0.0,"event_name":"Bonfire Elementals","player_choice":"Offered Basic","floor":11.0,"gold_loss":0.0,"damage_taken":0.0},{"damage_healed":0,"gold_gain":0,"player_choice":"Ignored","damage_taken":0,"max_hp_gain":0,"max_hp_loss":0,"event_name":"Fountain of Cleansing","floor":19,"gold_loss":0}],"is_beta":false,"boss_relics":[{"not_picked":["aspiration:SecretTechniqueScroll","Empty Cage"],"picked":"Replay:Ancient Bell"},{"not_picked":["StuffTheSpire:OldFever","Smiling Mask"],"picked":"Grinning Jar"},{"not_picked":["Question Card","StuffTheSpire:SapphireSignet"],"picked":"Meat on the Bone"},{"not_picked":["conspire:InfiniteJournal","halation:Trompette"],"picked":"Thread and Needle"}],"items_purged_floors":[],"is_endless":false,"potions_floor_spawned":[1,3,7,8,12,20],"killed_by":"Nightmare","ascension_level":0}}