{"host":"lvhfn8l5bvc4nolx","time":1609158258,"event":{"mods":["AchievementEnabler","BaseMod","Colored Map","Keyboard Shortcuts","Minty Spire (QoL Compilation)","Permanent Neow","Quick Restart","SuperFastMode"],"gold_per_floor":[117,192,208,226,226,226,246,246,246,246,258,270,270,283,283,388,388,406,418,418,26,26,61,61,89,89,89,107,7,37,48,48,146,146,165,180,34,34,54,81,19,66,66,66,66,66],"floor_reached":45,"playtime":1659,"items_purged":["Strike_G","Defend_G","Strike_G"],"score":730,"play_id":"8e5ef875-a66c-4722-8c15-c4e45361684a","local_time":"20201228212418","is_ascension_mode":true,"campfire_choices":[{"data":"Acrobatics","floor":6.0,"key":"SMITH"},{"data":"Backflip","floor":8.0,"key":"SMITH"},{"data":"1","floor":10.0,"key":"LIFT"},{"data":"Prepared","floor":15.0,"key":"SMITH"},{"data":"Prepared","floor":24,"key":"SMITH"},{"data":"Acrobatics","floor":27,"key":"SMITH"},{"floor":32,"key":"REST"},{"floor":44,"key":"REST"}],"circlet_count":0,"master_deck":["Strike_G","Defend_G","Defend_G","Survivor","Neutralize","Backflip+1","Blade Dance","Acrobatics+1","PiercingWail","Prepared+1","Prepared","Backstab","Finisher","A Thousand Cuts","Well Laid Plans","Acrobatics+1","Backflip","Grand Finale","Prepared+1","Tactician+1","Tactician+1","Acrobatics","Apotheosis","Wraith Form v2","Backflip","Acrobatics","Acrobatics+1","Acrobatics+1","Acrobatics+1","Purity","Acrobatics+1"],"relics":["Ring of the Snake","Tingsha","Girya","Empty Cage","Medical Kit","Turnip","Snake Skull","Prayer Wheel","Dream Catcher","Philosopher\u0027s Stone","Membership Card","Kunai","Potion Belt","Gambling Chip","Shovel","Mummified Hand"],"acts_visited":["Exordium","TheCity","TheBeyond"],"potions_floor_usage":[],"damage_taken":[{"damage":3.0,"enemies":"Jaw Worm","floor":1.0,"turns":3.0},{"damage":1.0,"enemies":"Cultist","floor":3.0,"turns":4.0},{"damage":1.0,"enemies":"2 Louse","floor":4.0,"turns":2.0},{"damage":15.0,"enemies":"Gremlin Gang","floor":7.0,"turns":4.0},{"damage":0.0,"enemies":"Lots of Slimes","floor":11.0,"turns":1.0},{"damage":6.0,"enemies":"3 Louse","floor":12.0,"turns":3.0},{"damage":0.0,"enemies":"Exordium Thugs","floor":14.0,"turns":3.0},{"damage":21.0,"enemies":"Hexaghost","floor":16.0,"turns":10.0},{"damage":6.0,"enemies":"3 Byrds","floor":18.0,"turns":3.0},{"damage":13.0,"enemies":"2 Thieves","floor":19.0,"turns":3.0},{"damage":5,"enemies":"Book of Stabbing","floor":23,"turns":3},{"damage":10,"enemies":"Gremlin Leader","floor":25,"turns":5},{"damage":11,"enemies":"Snake Plant","floor":28,"turns":3},{"damage":0,"enemies":"Book of Stabbing","floor":30,"turns":2},{"damage":4,"enemies":"Sentry and Sphere","floor":31,"turns":4},{"damage":0,"enemies":"Collector","floor":33,"turns":3},{"damage":0,"enemies":"Orb Walker","floor":35,"turns":1},{"damage":0,"enemies":"3 Shapes","floor":36,"turns":1},{"damage":0,"enemies":"Jaw Worm Horde","floor":39,"turns":1},{"damage":18,"enemies":"Nemesis","floor":40,"turns":3},{"damage":29,"enemies":"2 Orb Walkers","floor":42,"turns":2},{"damage":12,"enemies":"Writhing Mass","floor":45,"turns":2}],"seed_played":"2876935585288779868","potions_obtained":[{"floor":1.0,"key":"Strength Potion"},{"floor":11.0,"key":"Block Potion"},{"floor":25,"key":"DistilledChaos"},{"floor":28,"key":"Weak Potion"},{"floor":30,"key":"ColorlessPotion"},{"floor":39,"key":"DuplicationPotion"}],"is_trial":false,"path_per_floor":["M","?","M","M","?","R","M","R","T","R","M","M","?","M","R","B",null,"M","M","?","$","?","E","R","E","T","R","M","$","E","M","R","B",null,"M","M","$","?","M","E","$","?","T","R","M"],"character_chosen":"THE_SILENT","items_purchased":["Grand Finale","Medical Kit","Prepared","Apotheosis","Membership Card","Kunai","Purity"],"campfire_rested":2,"item_purchase_floors":[21,21,21,29,37,37,41],"current_hp_per_floor":[60,54,53,52,52,52,37,37,37,37,37,31,31,31,31,10,63,57,44,44,44,44,39,39,29,29,29,18,18,18,14,32,32,63,63,63,63,63,63,45,45,16,16,34,22,22],"gold":66,"neow_bonus":"ONE_RARE_RELIC","is_daily":false,"chose_seed":false,"campfire_upgraded":5,"win_rate":0.0,"timestamp":1609158258,"path_taken":["M","?","?","M","?","R","M","R","T","R","?","?","?","M","R","BOSS","M","M","?","$","?","E","R","E","T","R","?","$","E","M","R","BOSS","M","M","$","?","M","E","$","?","T","R","M"],"items_purchased_type":["Card","Relic","Card","Card","Relic","Relic","Card"],"build_version":"2020-12-22","purchased_purges":3,"victory":false,"max_hp_per_floor":[63,63,63,63,63,63,63,63,63,63,63,63,63,63,63,63,63,63,63,63,63,63,63,63,63,63,63,63,63,63,63,63,63,63,63,63,63,63,63,63,63,63,63,63,63,63],"card_choices":[{"not_picked":["Heel Hook","PiercingWail"],"picked":"Backflip","floor":1.0},{"not_picked":["Quick Slash","Cloak And Dagger"],"picked":"Blade Dance","floor":3.0},{"not_picked":["Bouncing Flask","Prepared"],"picked":"Acrobatics","floor":4.0},{"not_picked":["Dash","Well Laid Plans"],"picked":"PiercingWail","floor":7.0},{"not_picked":["Dagger Throw","Flying Knee"],"picked":"Prepared","floor":11.0},{"not_picked":["Quick Slash","Infinite Blades"],"picked":"Prepared","floor":12.0},{"not_picked":["Footwork","Blade Dance"],"picked":"Finisher","floor":14.0},{"not_picked":["Wraith Form v2","Die Die Die"],"picked":"A Thousand Cuts","floor":16.0},{"not_picked":["Caltrops+1","PiercingWail"],"picked":"Well Laid Plans","floor":18.0},{"not_picked":["Caltrops","Poisoned Stab"],"picked":"Acrobatics","floor":19.0},{"not_picked":["Setup+1","Flying Knee+1","PiercingWail"],"picked":"SKIP","floor":23},{"not_picked":["Quick Slash+1","Phantasmal Killer"],"picked":"Acrobatics","floor":25},{"not_picked":["Dagger Spray","Underhanded Strike","Riddle With Holes"],"picked":"SKIP","floor":28},{"not_picked":["Sucker Punch","Dagger Throw","Outmaneuver+1"],"picked":"SKIP","floor":28},{"not_picked":["Bane","Slice"],"picked":"Wraith Form v2","floor":30},{"not_picked":["Sucker Punch","Catalyst","Poisoned Stab+1"],"picked":"SKIP","floor":31},{"not_picked":["Dagger Throw+1","Expertise+1","Cloak And Dagger"],"picked":"SKIP","floor":31},{"not_picked":["Blade Dance+1","Sucker Punch"],"picked":"Backflip","floor":32},{"not_picked":["Bouncing Flask","Deadly Poison"],"picked":"Acrobatics","floor":35},{"not_picked":["Dodge and Roll","Noxious Fumes+1"],"picked":"Acrobatics+1","floor":35},{"not_picked":["Dagger Spray+1","Cloak And Dagger"],"picked":"Acrobatics+1","floor":36},{"not_picked":["Caltrops+1","Setup","Outmaneuver"],"picked":"SKIP","floor":36},{"not_picked":["Outmaneuver","Deadly Poison"],"picked":"Acrobatics+1","floor":39},{"not_picked":["Outmaneuver+1","All Out Attack+1","PiercingWail"],"picked":"SKIP","floor":39},{"not_picked":["Dagger Spray+1","Slice+1","Flying Knee+1"],"picked":"SKIP","floor":40},{"not_picked":["Blade Dance","Dash"],"picked":"Acrobatics+1","floor":42}],"player_experience":348297,"relics_obtained":[{"floor":9.0,"key":"Girya"},{"floor":23,"key":"Turnip"},{"floor":25,"key":"Snake Skull"},{"floor":26,"key":"Prayer Wheel"},{"floor":30,"key":"Dream Catcher"},{"floor":40,"key":"Gambling Chip"},{"floor":42,"key":"Shovel"},{"floor":43,"key":"Mummified Hand"}],"event_choices":[{"damage_healed":0.0,"max_hp_gain":0.0,"max_hp_loss":0.0,"gold_gain":75.0,"event_name":"FaceTrader","player_choice":"Touch","floor":2.0,"gold_loss":0.0,"damage_taken":6.0},{"cards_removed":["Strike_G"],"damage_healed":0.0,"max_hp_gain":0.0,"max_hp_loss":0.0,"gold_gain":0.0,"event_name":"Purifier","player_choice":"Purged","floor":5.0,"gold_loss":0.0,"damage_taken":0.0},{"damage_healed":0.0,"max_hp_gain":0.0,"max_hp_loss":0.0,"gold_gain":0.0,"cards_transformed":["Defend_G"],"event_name":"Transmorgrifier","player_choice":"Transformed","floor":13.0,"gold_loss":0.0,"damage_taken":0.0,"cards_obtained":["Backstab"]},{"damage_healed":0.0,"max_hp_gain":0.0,"max_hp_loss":0.0,"gold_gain":0.0,"event_name":"The Library","player_choice":"Read","floor":20.0,"gold_loss":0.0,"damage_taken":0.0,"cards_obtained":["Backflip"]},{"damage_healed":0,"gold_gain":0,"player_choice":"Copied","damage_taken":0,"max_hp_gain":0,"max_hp_loss":0,"event_name":"Duplicator","floor":22,"gold_loss":0,"cards_obtained":["Tactician"]},{"damage_healed":0,"gold_gain":0,"player_choice":"Gave Potion","damage_taken":0,"relics_obtained":["Potion Belt"],"max_hp_gain":0,"max_hp_loss":0,"event_name":"WeMeetAgain","floor":38,"gold_loss":0},{"damage_healed":0,"gold_gain":0,"player_choice":"Fight","damage_taken":0,"max_hp_gain":0,"max_hp_loss":0,"event_name":"Mysterious Sphere","floor":42,"gold_loss":0}],"is_beta":false,"boss_relics":[{"not_picked":["Cursed Key","Coffee Dripper"],"picked":"Empty Cage"},{"not_picked":["Busted Crown","WristBlade"],"picked":"Philosopher\u0027s Stone"}],"items_purged_floors":[21,29,41],"is_endless":false,"potions_floor_spawned":[1,11,25,28,30,31,33,35,39],"killed_by":"Writhing Mass","ascension_level":2}}