{"host":"0cgp910o8339lr91","time":1609121418,"event":{"mods":["BaseMod","Colored Map","Filter the Spire","Minty Spire (QoL Compilation)","Relic Stats","Slay-I","ojb\u0027s Better Paths Mod","ojb\u0027s Info Mod"],"gold_per_floor":[119,132,147,147,159,192,192,225,249,268,293,313,345,43,43,43,43],"floor_reached":16,"playtime":1436,"items_purged":[],"score":237,"play_id":"05e4cd3f-285d-4f75-a348-06babe0fae03","local_time":"20201228031018","is_ascension_mode":true,"campfire_choices":[{"data":"Eruption","floor":7.0,"key":"SMITH"},{"data":"Adaptation","floor":15,"key":"SMITH"}],"circlet_count":0,"master_deck":["Strike_P","Strike_P","Strike_P","Strike_P","Defend_P","Defend_P","Defend_P","Eruption+1","Vigilance","Blasphemy","Adaptation+1","Sanctity","EmptyFist","FlurryOfBlows","Tantrum"],"relics":["Runic Pyramid","Pantograph","Omamori","Strawberry","Anchor","Turnip","Thread and Needle"],"acts_visited":["Exordium"],"potions_floor_usage":[],"damage_taken":[{"damage":0.0,"enemies":"2 Louse","floor":1.0,"turns":2.0},{"damage":0.0,"enemies":"Jaw Worm","floor":2.0,"turns":2.0},{"damage":4.0,"enemies":"Small Slimes","floor":3.0,"turns":2.0},{"damage":13.0,"enemies":"Exordium Thugs","floor":5.0,"turns":3.0},{"damage":0.0,"enemies":"Gremlin Nob","floor":6.0,"turns":2.0},{"damage":19.0,"enemies":"3 Sentries","floor":8.0,"turns":7.0},{"damage":0.0,"enemies":"Red Slaver","floor":10.0,"turns":2.0},{"damage":0,"enemies":"Gremlin Nob","floor":11,"turns":2},{"damage":0,"enemies":"3 Louse","floor":12,"turns":2},{"damage":19,"enemies":"3 Sentries","floor":13,"turns":5},{"damage":0,"enemies":"Hexaghost","floor":16,"turns":8}],"seed_played":"4262895552955261106","potions_obtained":[{"floor":3.0,"key":"Strength Potion"},{"floor":5.0,"key":"FearPotion"},{"floor":6.0,"key":"Ancient Potion"},{"floor":8.0,"key":"Swift Potion"},{"floor":11,"key":"FearPotion"}],"is_trial":false,"path_per_floor":["M","M","M","?","M","E","R","E","T","M","E","M","E","$","R","B"],"character_chosen":"WATCHER","items_purchased":["Thread and Needle"],"campfire_rested":0,"item_purchase_floors":[14],"current_hp_per_floor":[65,65,61,54,41,41,41,22,29,29,29,29,10,10,10,35,35],"gold":43,"neow_bonus":"BOSS_RELIC","is_daily":false,"chose_seed":false,"campfire_upgraded":2,"win_rate":0.0,"timestamp":1609121418,"path_taken":["M","M","M","?","M","E","R","E","T","M","E","M","E","$","R","BOSS"],"items_purchased_type":["Relic"],"build_version":"2020-12-22","purchased_purges":0,"victory":false,"max_hp_per_floor":[72,72,72,72,72,72,72,72,79,79,79,79,79,79,79,79,79],"relic_stats":{"counters":[11,37],"Pantograph":25,"Turnip":[0],"obtain_stats":[{"Anchor":11,"Pantograph":6,"Strawberry":9,"Thread and Needle":14,"Turnip":13,"Omamori":8,"PureWater":0,"Runic Pyramid":0},{"Anchor":8,"Pantograph":5,"Strawberry":6,"Thread and Needle":10,"Turnip":10,"Omamori":6,"PureWater":0,"Runic Pyramid":0},{"Anchor":22,"Pantograph":11,"Strawberry":18,"Thread and Needle":29,"Turnip":29,"Omamori":18,"PureWater":0,"Runic Pyramid":0}]},"card_choices":[{"not_picked":["Crescendo","LikeWater","JustLucky"],"picked":"SKIP","floor":1.0},{"not_picked":["Evaluate","CutThroughFate"],"picked":"Blasphemy","floor":2.0},{"not_picked":["Collect","Study","Meditate"],"picked":"SKIP","floor":3.0},{"not_picked":["Evaluate","Crescendo","Nirvana"],"picked":"SKIP","floor":5.0},{"not_picked":["Ragnarok","Conclude"],"picked":"Adaptation","floor":6.0},{"not_picked":["CrushJoints","CutThroughFate"],"picked":"Sanctity","floor":8.0},{"not_picked":["Prostrate","Perseverance"],"picked":"EmptyFist","floor":10.0},{"not_picked":["Prostrate","Protect"],"picked":"FlurryOfBlows","floor":11},{"not_picked":["ReachHeaven","ThirdEye","SashWhip"],"picked":"SKIP","floor":12},{"not_picked":["Brilliance","Halt"],"picked":"Tantrum","floor":13}],"player_experience":1029840,"relics_obtained":[{"floor":6.0,"key":"Pantograph"},{"floor":8.0,"key":"Omamori"},{"floor":9.0,"key":"Strawberry"},{"floor":11,"key":"Anchor"},{"floor":13,"key":"Turnip"}],"event_choices":[{"cards_removed":["Defend_P"],"damage_healed":0.0,"max_hp_gain":0.0,"max_hp_loss":0.0,"gold_gain":0.0,"event_name":"Golden Wing","player_choice":"Card Removal","floor":4.0,"gold_loss":0.0,"damage_taken":7.0}],"is_beta":false,"boss_relics":[],"items_purged_floors":[],"is_endless":false,"potions_floor_spawned":[3,5,6,8,11],"killed_by":"Hexaghost","ascension_level":6}}