{"host":"foq4mrde4mssg7vt","time":1609176994,"event":{"mods":["AchievementEnabler","BaseMod","Colored Map","Colored Powertips","Highlight Path","Minty Spire (QoL Compilation)","Relic Stats","everything is the same but u backflip on backflip"],"gold_per_floor":[111,131,131,231,241,241,253,280,280,11,27,27,47,82,82,177,177,190,0,18,18,32,32,65,76,76,76,91,91,105,137,137,235,235,251,351,364,378,378,406,406,406,429,464,474,515,524,380,380,380,380,380,93,118,118],"floor_reached":56,"playtime":3103,"items_purged":["Doubt"],"score":1921,"play_id":"d07d520f-24ef-4a87-99a0-82abad0c8fe3","local_time":"20201229013634","is_ascension_mode":true,"campfire_choices":[{"data":"Ball Lightning","floor":6.0,"key":"SMITH"},{"floor":12.0,"key":"REST"},{"floor":15.0,"key":"REST"},{"data":"Defragment","floor":23.0,"key":"SMITH"},{"data":"Rainbow","floor":27.0,"key":"SMITH"},{"floor":29.0,"key":"REST"},{"floor":32.0,"key":"REST"},{"floor":41.0,"key":"REST"},{"floor":49.0,"key":"RECALL"},{"floor":52.0,"key":"DIG"}],"circlet_count":0,"master_deck":["AscendersBane","Strike_B","Strike_B","Defend_B","Defend_B","Defend_B","Defend_B+1","Dualcast+1","Ball Lightning+1","Ball Lightning","Compile Driver","Cold Snap","Hologram","Barrage","Core Surge","White Noise+1","Rainbow+1","Defragment+1","Undo","Cold Snap","Consume","Reinforced Body+1","BootSequence+1","Beam Cell+1","Reboot+1","White Noise+1","Coolheaded+1","Sweeping Beam","Conserve Battery+1","Hologram+1","FTL","Loop","Force Field+1","Stack+1"],"relics":["Sozu","Dead Branch","Shuriken","ClockworkSouvenir","Cables","Black Star","Runic Capacitor","DataDisk","Symbiotic Virus","Toxic Egg 2","Prayer Wheel","Calipers","Astrolabe","Shovel","Kunai","CeramicFish","War Paint","Dream Catcher","TungstenRod","Letter Opener","Art of War","CaptainsWheel","Centennial Puzzle"],"acts_visited":["TheCity","TheBeyond","TheEnding"],"potions_floor_usage":[],"damage_taken":[{"damage":1.0,"enemies":"Cultist","floor":1.0,"turns":4.0},{"damage":4.0,"enemies":"Jaw Worm","floor":2.0,"turns":4.0},{"damage":0.0,"enemies":"2 Louse","floor":5.0,"turns":2.0},{"damage":8.0,"enemies":"Lots of Slimes","floor":7.0,"turns":3.0},{"damage":19.0,"enemies":"3 Sentries","floor":8.0,"turns":6.0},{"damage":0.0,"enemies":"3 Louse","floor":11.0,"turns":3.0},{"damage":6.0,"enemies":"Looter","floor":13.0,"turns":3.0},{"damage":8.0,"enemies":"Gremlin Nob","floor":14.0,"turns":3.0},{"damage":0.0,"enemies":"The Guardian","floor":16.0,"turns":9.0},{"damage":0.0,"enemies":"Chosen","floor":18.0,"turns":4.0},{"damage":9.0,"enemies":"Spheric Guardian","floor":20.0,"turns":4.0},{"damage":10.0,"enemies":"3 Cultists","floor":22.0,"turns":5.0},{"damage":12.0,"enemies":"Gremlin Leader","floor":24.0,"turns":7.0},{"damage":8.0,"enemies":"Snecko","floor":25.0,"turns":5.0},{"damage":7.0,"enemies":"Snake Plant","floor":28.0,"turns":3.0},{"damage":6.0,"enemies":"Sentry and Sphere","floor":30.0,"turns":4.0},{"damage":21.0,"enemies":"Slavers","floor":31.0,"turns":4.0},{"damage":8.0,"enemies":"Champ","floor":33.0,"turns":10.0},{"damage":19.0,"enemies":"3 Darklings","floor":35.0,"turns":5.0},{"damage":11.0,"enemies":"Orb Walker","floor":37.0,"turns":3.0},{"damage":0.0,"enemies":"3 Darklings","floor":38.0,"turns":6.0},{"damage":17.0,"enemies":"Reptomancer","floor":40.0,"turns":7.0},{"damage":0.0,"enemies":"Giant Head","floor":44.0,"turns":9.0},{"damage":0.0,"enemies":"Transient","floor":45.0,"turns":5.0},{"damage":15.0,"enemies":"Nemesis","floor":46.0,"turns":9.0},{"damage":28.0,"enemies":"Awakened One","floor":50.0,"turns":20.0},{"damage":5.0,"enemies":"Shield and Spear","floor":54.0,"turns":10.0},{"damage":25,"enemies":"The Heart","floor":55,"turns":13}],"seed_played":"7873811776070492772","potions_obtained":[],"is_trial":false,"path_per_floor":["M","M","?","?","M","R","M","E","T","$","M","R","M","E","R","B",null,"M","$","M","$","M","R","E","M","T","R","M","R","M","E","R","B",null,"M","?","M","M","?","E","R","?","T","E","M","E","?","$","R","B",null,"R","$","E","B",null],"character_chosen":"DEFECT","items_purchased":["ClockworkSouvenir","Lockon","Hologram","Runic Capacitor","Undo","FTL","Loop","Art of War","Force Field+1","Stack+1"],"campfire_rested":5,"item_purchase_floors":[10,10,10,19,19,48,53,53,53,53],"current_hp_per_floor":[67,63,48,48,48,48,40,21,21,21,21,43,37,29,51,51,69,69,69,60,60,50,50,38,30,30,30,23,45,39,18,40,32,64,45,45,34,34,34,17,39,39,39,39,39,24,75,75,75,47,68,68,68,63,38],"gold":118,"neow_bonus":"BOSS_RELIC","is_daily":false,"chose_seed":false,"campfire_upgraded":3,"win_rate":0.0,"timestamp":1609176994,"path_taken":["M","M","?","?","M","R","M","E","T","$","M","R","M","E","R","BOSS","M","?","?","$","M","R","E","M","T","R","M","R","M","E","R","BOSS","M","?","?","M","?","E","R","?","T","E","M","E","?","?","R","BOSS","R","$","E","BOSS"],"items_purchased_type":["Relic","Card","Card","Relic","Card","Card","Card","Relic","Card","Card"],"build_version":"2020-12-22","purchased_purges":1,"victory":true,"max_hp_per_floor":[75,75,75,75,75,75,75,75,75,75,75,75,75,75,75,75,75,75,75,75,75,75,75,75,75,75,75,75,75,75,75,75,75,75,75,75,75,75,75,75,75,75,75,75,75,75,75,75,75,75,75,75,75,75,75],"relic_stats":{"counters":[28,170],"Dead Branch":[124],"Astrolabe":["Beam Cell","Reboot","White Noise"],"CeramicFish":63,"Letter Opener":[70],"War Paint":["Reinforced Body","White Noise"],"Cables":[141,19,70,52,0],"Sozu":11,"Dream Catcher":0,"Centennial Puzzle":[3],"Shovel":1,"Shuriken":[52],"Prayer Wheel":4,"Black Star":6,"Art of War":[5],"Kunai":[22],"obtain_stats":[{"Calipers":31,"Dead Branch":8,"Astrolabe":34,"CeramicFish":44,"Runic Capacitor":19,"Letter Opener":52,"War Paint":44,"ClockworkSouvenir":10,"Cables":14,"Sozu":0,"DataDisk":24,"Dream Catcher":46,"CaptainsWheel":54,"Centennial Puzzle":54,"Shovel":40,"Shuriken":9,"Prayer Wheel":31,"Black Star":17,"Art of War":53,"Kunai":40,"Toxic Egg 2":26,"Cracked Core":0,"Symbiotic Virus":24,"TungstenRod":46},{"Calipers":17,"Dead Branch":5,"Astrolabe":18,"CeramicFish":23,"Runic Capacitor":10,"Letter Opener":26,"War Paint":23,"ClockworkSouvenir":5,"Cables":8,"Sozu":0,"DataDisk":13,"Dream Catcher":25,"CaptainsWheel":27,"Centennial Puzzle":27,"Shovel":22,"Shuriken":5,"Prayer Wheel":17,"Black Star":9,"Art of War":26,"Kunai":22,"Toxic Egg 2":14,"Cracked Core":0,"Symbiotic Virus":13,"TungstenRod":25},{"Calipers":73,"Dead Branch":19,"Astrolabe":83,"CeramicFish":113,"Runic Capacitor":41,"Letter Opener":147,"War Paint":113,"ClockworkSouvenir":19,"Cables":28,"Sozu":0,"DataDisk":57,"Dream Catcher":127,"CaptainsWheel":157,"Centennial Puzzle":157,"Shovel":104,"Shuriken":19,"Prayer Wheel":73,"Black Star":37,"Art of War":147,"Kunai":104,"Toxic Egg 2":62,"Cracked Core":0,"Symbiotic Virus":57,"TungstenRod":127}],"TungstenRod":18},"card_choices":[{"not_picked":["Redo","Glacier"],"picked":"Ball Lightning","floor":1.0},{"not_picked":["Rebound","Redo","Blizzard"],"picked":"SKIP","floor":2.0},{"not_picked":["Turbo","Fusion"],"picked":"Ball Lightning","floor":5.0},{"not_picked":["Leap","Rebound"],"picked":"Compile Driver","floor":7.0},{"not_picked":["Go for the Eyes","Redo"],"picked":"Cold Snap","floor":8.0},{"not_picked":["White Noise","Aggregate"],"picked":"Barrage","floor":11.0},{"not_picked":["Skim","Cold Snap"],"picked":"Core Surge","floor":13.0},{"not_picked":["Stack","Thunder Strike"],"picked":"White Noise","floor":14.0},{"not_picked":["Multi-Cast","Buffer"],"picked":"Rainbow","floor":16.0},{"not_picked":["Darkness","Beam Cell"],"picked":"Defragment","floor":18.0},{"not_picked":["Rebound","Sweeping Beam"],"picked":"Cold Snap","floor":20.0},{"not_picked":["Steam","Conserve Battery"],"picked":"Consume","floor":22.0},{"not_picked":["Ball Lightning","Beam Cell+1"],"picked":"Reinforced Body","floor":24.0},{"not_picked":["Cold Snap","Stack","Auto Shields+1"],"picked":"SKIP","floor":25.0},{"not_picked":["Beam Cell","Melter","Heatsinks+1"],"picked":"SKIP","floor":28.0},{"not_picked":["Compile Driver+1","Ball Lightning+1"],"picked":"BootSequence+1","floor":30.0},{"not_picked":["Beam Cell","All For One","Steam+1"],"picked":"SKIP","floor":31.0},{"not_picked":["Heatsinks+1","Undo+1"],"picked":"Coolheaded+1","floor":35.0},{"not_picked":["Gash","Streamline","Doom and Gloom"],"picked":"SKIP","floor":35.0},{"not_picked":["Blizzard+1","Go for the Eyes+1","Ball Lightning"],"picked":"SKIP","floor":37.0},{"not_picked":["Turbo+1","Cold Snap","BootSequence+1"],"picked":"SKIP","floor":37.0},{"not_picked":["Aggregate+1","Rebound"],"picked":"Sweeping Beam","floor":38.0},{"not_picked":["Go for the Eyes","Sunder","Auto Shields+1"],"picked":"SKIP","floor":38.0},{"not_picked":["Sunder","Consume+1","Streamline"],"picked":"SKIP","floor":40.0},{"not_picked":["Heatsinks+1","Leap+1"],"picked":"Conserve Battery+1","floor":44.0},{"not_picked":["Steam+1","Tempest+1","Static Discharge"],"picked":"SKIP","floor":45.0},{"not_picked":["Turbo+1","Darkness+1","Electrodynamics"],"picked":"SKIP","floor":45.0},{"not_picked":["Storm+1","Steam+1"],"picked":"Hologram+1","floor":46.0},{"not_picked":["Consume+1","Hologram+1","Tempest+1"],"picked":"SKIP","floor":54.0}],"player_experience":306452,"relics_obtained":[{"floor":8.0,"key":"Dead Branch"},{"floor":9.0,"key":"Shuriken"},{"floor":14.0,"key":"Cables"},{"floor":24.0,"key":"DataDisk"},{"floor":24.0,"key":"Symbiotic Virus"},{"floor":26.0,"key":"Toxic Egg 2"},{"floor":31.0,"key":"Prayer Wheel"},{"floor":31.0,"key":"Calipers"},{"floor":40.0,"key":"Shovel"},{"floor":40.0,"key":"Kunai"},{"floor":44.0,"key":"CeramicFish"},{"floor":44.0,"key":"War Paint"},{"floor":46.0,"key":"Dream Catcher"},{"floor":46.0,"key":"TungstenRod"},{"floor":52.0,"key":"Letter Opener"},{"floor":54.0,"key":"CaptainsWheel"},{"floor":54.0,"key":"Centennial Puzzle"}],"event_choices":[{"damage_healed":0.0,"max_hp_gain":0.0,"max_hp_loss":0.0,"gold_gain":0.0,"event_name":"Shining Light","player_choice":"Entered Light","floor":3.0,"gold_loss":0.0,"damage_taken":15.0,"cards_upgraded":["Dualcast","Defend_B"]},{"damage_healed":0.0,"max_hp_gain":0.0,"max_hp_loss":0.0,"gold_gain":100.0,"event_name":"Golden Shrine","player_choice":"Pray","floor":4.0,"gold_loss":0.0,"damage_taken":0.0},{"damage_healed":0.0,"max_hp_gain":0.0,"max_hp_loss":0.0,"gold_gain":100.0,"event_name":"Golden Shrine","player_choice":"Pray","floor":36.0,"gold_loss":0.0,"damage_taken":0.0},{"cards_removed":["Lockon"],"damage_healed":0.0,"max_hp_gain":0.0,"max_hp_loss":0.0,"gold_gain":0.0,"event_name":"Falling","player_choice":"Removed Attack","floor":39.0,"gold_loss":0.0,"damage_taken":0.0},{"damage_healed":0.0,"max_hp_gain":0.0,"max_hp_loss":0.0,"gold_gain":0.0,"event_name":"Tomb of Lord Red Mask","player_choice":"Ignored","floor":42.0,"gold_loss":0.0,"damage_taken":0.0},{"damage_healed":51.0,"max_hp_gain":0.0,"max_hp_loss":0.0,"gold_gain":0.0,"event_name":"MindBloom","player_choice":"Heal","floor":47.0,"gold_loss":0.0,"damage_taken":0.0,"cards_obtained":["Doubt"]}],"is_beta":false,"boss_relics":[{"not_picked":["Philosopher\u0027s Stone","Ectoplasm"],"picked":"Black Star"},{"not_picked":["Runic Pyramid","Cursed Key"],"picked":"Astrolabe"}],"items_purged_floors":[48],"is_endless":false,"potions_floor_spawned":[7,11,13,18,22,28,31,37,40,45,54],"ascension_level":11}}