{"host":"ec2wu4mdnvke243f","time":1609162518,"event":{"mods":["2.2 Compatiblity","AchievementEnabler","BaseMod","Defuse TimeMaze Blight","Downfall","Hermit","Infinite Spire","Minty Spire (QoL Compilation)","StSLib","The Cursed","The Disciple","The Jungle","The Servant 0.9.4"],"gold_per_floor":[110,285,285,299,66,78,104,120,196,229,7,36,55,86,86,183,183,208,208,227,227,264,269,269],"floor_reached":23,"playtime":1280,"items_purged":[],"score":289,"play_id":"2815e984-4ea4-47e6-b8af-d9717c1db06e","local_time":"20201228143518","daily_mods":["SealedDeck","Flight","DeadlyEvents"],"is_ascension_mode":false,"campfire_choices":[{"data":"hermit:GoldenBullet","floor":15,"key":"SMITH"}],"circlet_count":0,"master_deck":["hermit:Misfire","hermit:Quickdraw","hermit:Malice","hermit:SprayPray","hermit:Grudge","hermit:CalledShot","hermit:Deadeye","hermit:Ricochet","hermit:HighCaliber","Doubt","hermit:LowProfile","hermit:BlackWind","expansioncontent:PrepareCrush","hermit:Manifest","hermit:Glare","hermit:Glare","hermit:Enervate","hermit:GoldenBullet+1","hermit:Coalescence","hermit:Scavenge","hermit:Snipe","hermit:Gambit","hermit:Headshot+1","hermit:FatalDesire","hermit:BodyArmor+1","hermit:Dissolve"],"relics":["hermit:ClaspedLocket","champ:DuelingGlove","infinitespire:ShieldingShard","Bag of Marbles","Potion Belt","Anchor","Bottled Lightning","Pocketwatch","Gambling Chip"],"acts_visited":["Exordium","Exordium"],"potions_floor_usage":[12,22,23,23],"damage_taken":[{"damage":0,"enemies":"Cultist","floor":1,"turns":2},{"damage":7,"enemies":"2 Louse","floor":4,"turns":2},{"damage":1,"enemies":"Jaw Worm","floor":6,"turns":3},{"damage":20,"enemies":"Lagavulin","floor":7,"turns":5},{"damage":0,"enemies":"Looter","floor":8,"turns":2},{"damage":12,"enemies":"3 Sentries","floor":10,"turns":3},{"damage":3,"enemies":"Lagavulin","floor":12,"turns":3},{"damage":0,"enemies":"Red Slaver","floor":13,"turns":1},{"damage":3,"enemies":"Gremlin Nob","floor":14,"turns":3},{"damage":0,"enemies":"Slime Boss","floor":16,"turns":3},{"damage":10,"enemies":"theJungle:5_Spyders","floor":18,"turns":6},{"damage":0,"enemies":"theJungle:GiantWrat","floor":20,"turns":5},{"damage":7,"enemies":"theJungle:Cassacara","floor":22,"turns":5},{"damage":71,"enemies":"theJungle:MamaSnecko","floor":23,"turns":6}],"seed_played":"6689688544010231819","potions_obtained":[{"floor":1,"key":"Block Potion"},{"floor":4,"key":"Fire Potion"},{"floor":13,"key":"LiquidBronze"},{"floor":16,"key":"PowerPotion"},{"floor":18,"key":"Guardian:BlockOnCardUsePotion"}],"is_trial":true,"path_per_floor":["M","?","?","M","$","M","E","M","T","E","$","E","M","E","R","B",null,"M","?","M","T","E","E"],"character_chosen":"HERMIT","items_purchased":["hermit:BlackWind","expansioncontent:PrepareCrush","hermit:GoldenBullet","Potion Belt"],"campfire_rested":0,"item_purchase_floors":[5,5,11,11],"current_hp_per_floor":[75,75,75,68,68,67,47,47,47,35,35,32,32,29,29,29,75,65,65,65,65,58,0,0],"gold":269,"neow_bonus":"","is_daily":false,"chose_seed":false,"campfire_upgraded":1,"win_rate":0.0,"timestamp":1609162518,"path_taken":["M","?","?","?","$","M","E","M","T","?","?","E","?","?","R","BOSS","M","?","?","?","?","E"],"items_purchased_type":["Card","Card","Card","Relic"],"build_version":"2020-12-22","purchased_purges":0,"victory":false,"max_hp_per_floor":[75,75,75,75,75,75,75,75,75,75,75,75,75,75,75,75,75,75,75,75,75,75,75,75],"card_choices":[{"not_picked":["hermit:WideOpen","hermit:LowProfile"],"picked":"hermit:HighCaliber","floor":1},{"not_picked":["hermit:SprayPray","hermit:BodyArmor"],"picked":"hermit:LowProfile","floor":4},{"not_picked":["hermit:BigShot","hermit:TakeCover"],"picked":"hermit:Manifest","floor":6},{"not_picked":["hermit:BodyArmor","hermit:TrackingShot"],"picked":"hermit:Glare","floor":7},{"not_picked":["hermit:Manifest","hermit:HighCaliber"],"picked":"hermit:Glare","floor":8},{"not_picked":["hermit:Scavenge","hermit:Feint"],"picked":"hermit:Enervate","floor":10},{"not_picked":["hermit:ItchyTrigger","hermit:HighCaliber"],"picked":"hermit:Coalescence","floor":12},{"not_picked":["hermit:LowProfile","hermit:Deadeye"],"picked":"hermit:Scavenge","floor":13},{"not_picked":["hermit:EternalForm","hermit:LowProfile"],"picked":"hermit:Snipe","floor":14},{"not_picked":["hermit:OverwhelmingPower","hermit:EternalForm"],"picked":"hermit:Gambit","floor":16},{"not_picked":["hermit:ItchyTrigger","hermit:Malice"],"picked":"hermit:Headshot+1","floor":18},{"not_picked":["hermit:Desperado","hermit:Shortfuse"],"picked":"hermit:BodyArmor+1","floor":20},{"not_picked":["hermit:Maintenance","hermit:Desperado"],"picked":"hermit:Dissolve","floor":22}],"player_experience":532231,"relics_obtained":[{"floor":7,"key":"champ:DuelingGlove"},{"floor":9,"key":"infinitespire:ShieldingShard"},{"floor":10,"key":"Bag of Marbles"},{"floor":12,"key":"Anchor"},{"floor":14,"key":"Bottled Lightning"},{"floor":21,"key":"Pocketwatch"},{"floor":22,"key":"Gambling Chip"}],"event_choices":[{"damage_healed":0,"gold_gain":175,"player_choice":"AGREE","damage_taken":0,"max_hp_gain":0,"max_hp_loss":0,"event_name":"Liars Game","floor":2,"gold_loss":0,"cards_obtained":["Doubt"]},{"cards_removed":["hermit:Misfire"],"damage_healed":5,"gold_gain":0,"player_choice":"Offered Common","damage_taken":0,"max_hp_gain":0,"max_hp_loss":0,"event_name":"Bonfire Elementals","floor":3,"gold_loss":0},{"cards_removed":["hermit:Misfire"],"damage_healed":5,"gold_gain":0,"player_choice":"Offered Special","damage_taken":0,"max_hp_gain":0,"max_hp_loss":0,"event_name":"Bonfire Elementals","floor":3,"gold_loss":0},{"damage_healed":0,"gold_gain":0,"cards_transformed":["hermit:Headshot"],"player_choice":"Transformed","damage_taken":0,"max_hp_gain":0,"max_hp_loss":0,"event_name":"Transmorgrifier","floor":19,"gold_loss":0,"cards_obtained":["hermit:FatalDesire"]}],"is_beta":false,"boss_relics":[{"not_picked":["Philosopher\u0027s Stone","Black Star"],"picked":"hermit:ClaspedLocket"}],"items_purged_floors":[],"is_endless":false,"potions_floor_spawned":[1,4,13,16,18],"killed_by":"theJungle:MamaSnecko","ascension_level":0}}