{"host":"vcrofm1hbk0ziuql","time":1609189862,"event":{"mods":["2.2 Compatiblity","BaseMod","Colored Map","DeckTracker","Googly Eyes","Highlight Path","Minty Spire (QoL Compilation)","StSLib"],"gold_per_floor":[366,316,332,176,193,218,62,88,112,112,131,146,146,162,162,262,262,275,285,17,17,17],"floor_reached":21,"playtime":824,"items_purged":["Strike_B","Strike_B"],"score":191,"play_id":"531ccedc-a759-4376-8015-453f31bd7b35","local_time":"20201228211102","is_ascension_mode":false,"campfire_choices":[{"floor":10,"key":"REST"},{"data":"Zap","floor":13,"key":"SMITH"},{"floor":15,"key":"REST"}],"circlet_count":0,"master_deck":["Strike_B","Defend_B","Defend_B","Defend_B","Defend_B","Zap+1","Dualcast","BootSequence","Hello World","Biased Cognition","Amplify","Creative AI","Storm","Go for the Eyes+1","Self Repair","Good Instincts"],"relics":["Cracked Core","Pen Nib","Strawberry","Oddly Smooth Stone","Philosopher\u0027s Stone"],"acts_visited":["Exordium","TheCity"],"potions_floor_usage":[8,14,14,16,18],"damage_taken":[{"damage":1,"enemies":"Jaw Worm","floor":1,"turns":3},{"damage":2,"enemies":"Small Slimes","floor":3,"turns":3},{"damage":1,"enemies":"Cultist","floor":5,"turns":4},{"damage":13,"enemies":"Lagavulin","floor":6,"turns":7},{"damage":26,"enemies":"Gremlin Nob","floor":8,"turns":4},{"damage":1,"enemies":"3 Louse","floor":11,"turns":3},{"damage":7,"enemies":"Blue Slaver","floor":12,"turns":3},{"damage":4,"enemies":"Gremlin Gang","floor":14,"turns":3},{"damage":40,"enemies":"Hexaghost","floor":16,"turns":16},{"damage":46,"enemies":"Spheric Guardian","floor":18,"turns":9},{"damage":33,"enemies":"2 Thieves","floor":19,"turns":3},{"damage":6,"enemies":"3 Cultists","floor":21,"turns":2}],"seed_played":"3081896508604368579","potions_obtained":[{"floor":1,"key":"Fire Potion"},{"floor":6,"key":"Swift Potion"},{"floor":8,"key":"Fire Potion"},{"floor":14,"key":"DistilledChaos"},{"floor":16,"key":"ColorlessPotion"}],"is_trial":false,"path_per_floor":["M","?","M","$","M","E","$","E","T","R","M","M","R","M","R","B",null,"M","M","$","M"],"character_chosen":"DEFECT","items_purchased":["Hello World","Biased Cognition","Self Repair","Good Instincts"],"campfire_rested":2,"item_purchase_floors":[4,7,20,20],"current_hp_per_floor":[53,53,51,51,50,37,37,18,18,42,41,34,34,30,54,14,82,36,3,3,0,0],"gold":17,"neow_bonus":"TWO_FIFTY_GOLD","is_daily":false,"chose_seed":false,"campfire_upgraded":1,"win_rate":0.0,"timestamp":1609189862,"path_taken":["M","?","M","$","M","E","$","E","T","R","M","M","R","M","R","BOSS","M","M","$","M"],"items_purchased_type":["Card","Card","Card","Card"],"build_version":"2020-12-22","purchased_purges":2,"victory":false,"max_hp_per_floor":[75,75,75,75,75,75,75,82,82,82,82,82,82,82,82,82,82,82,82,82,82,82],"card_choices":[{"not_picked":["Force Field","Rebound"],"picked":"BootSequence","floor":1},{"not_picked":["Glacier","Ball Lightning","Conserve Battery"],"picked":"SKIP","floor":3},{"not_picked":["Coolheaded","Blizzard","Rebound"],"picked":"SKIP","floor":5},{"not_picked":["Double Energy","Barrage","Rip and Tear"],"picked":"SKIP","floor":6},{"not_picked":["Scrape","Ball Lightning","Beam Cell"],"picked":"SKIP","floor":8},{"not_picked":["Redo","Beam Cell","Steam"],"picked":"SKIP","floor":11},{"not_picked":["Barrage","Go for the Eyes"],"picked":"Amplify","floor":12},{"not_picked":["Beam Cell","Rip and Tear","Doom and Gloom"],"picked":"SKIP","floor":14},{"not_picked":["Core Surge","Echo Form"],"picked":"Creative AI","floor":16},{"not_picked":["Tempest","Stack+1"],"picked":"Storm","floor":18},{"not_picked":["Sweeping Beam","Cold Snap+1"],"picked":"Go for the Eyes+1","floor":19}],"player_experience":551987,"relics_obtained":[{"floor":6,"key":"Pen Nib"},{"floor":8,"key":"Strawberry"},{"floor":9,"key":"Oddly Smooth Stone"}],"event_choices":[{"cards_removed":["Strike_B"],"damage_healed":0,"gold_gain":0,"player_choice":"Card Removal","damage_taken":0,"max_hp_gain":0,"max_hp_loss":0,"event_name":"The Cleric","floor":2,"gold_loss":50}],"is_beta":false,"boss_relics":[{"not_picked":["Nuclear Battery","Runic Dome"],"picked":"Philosopher\u0027s Stone"}],"items_purged_floors":[4,20],"is_endless":false,"potions_floor_spawned":[1,6,8,14,16],"killed_by":"3 Cultists","ascension_level":0}}