{"host":"5dk97cf2ubw2v967","time":1609192560,"event":{"mods":["AlwaysNeverKeys","BaseMod","Better Altar","Better Vampires","Block Reminder","Colored Powertips","Downfall","Googly Eyes","Highlight Path","Minty Spire (QoL Compilation)","Permanent Neow","Potion Indicator Mod","Quick Restart","Relic Filter","Relic Stats","Say the Spire","Spicy Shops","StSLib","Waifu the Spire","everything is the same but u backflip on backflip"],"gold_per_floor":[117,117,127,127,48,61,93,93,93,93,18,44,44,62,62,134,134,145,159,159,159],"floor_reached":20,"playtime":673,"items_purged":[],"score":364,"play_id":"ac98dc5c-b698-4205-abcd-5d058037730c","local_time":"20201228215600","is_ascension_mode":true,"campfire_choices":[{"floor":8,"key":"REST"},{"data":"Armaments","floor":10,"key":"SMITH"},{"floor":13,"key":"REST"},{"data":"Shockwave","floor":15,"key":"SMITH"}],"circlet_count":0,"master_deck":["AscendersBane","Strike_R+1","Strike_R+1","Strike_R+1","Strike_R","Defend_R","Defend_R","Defend_R","Defend_R","Bash","Offering+1","Wild Strike+1","Armaments+1","Bloodletting","Reckless Charge","Cleave","Shockwave+1","Double Tap","Dropkick"],"relics":["Burning Blood","Vajra","Question Card","Whetstone","Paper Frog","Mark of Pain"],"acts_visited":["Exordium","TheCity"],"potions_floor_usage":[7,14,16,19,19],"damage_taken":[{"damage":6,"enemies":"Small Slimes","floor":1,"turns":2},{"damage":6,"enemies":"Cultist","floor":3,"turns":2},{"damage":13,"enemies":"Jaw Worm","floor":6,"turns":2},{"damage":26,"enemies":"Lagavulin","floor":7,"turns":5},{"damage":14,"enemies":"Gremlin Nob","floor":12,"turns":3},{"damage":9,"enemies":"Exordium Thugs","floor":14,"turns":3},{"damage":27,"enemies":"Hexaghost","floor":16,"turns":6},{"damage":27,"enemies":"Shell Parasite","floor":18,"turns":3},{"damage":26,"enemies":"Spheric Guardian","floor":19,"turns":4},{"damage":8,"enemies":"Snecko","floor":20,"turns":4}],"seed_played":"-1976953592190756091","potions_obtained":[{"floor":6,"key":"ColorlessPotion"},{"floor":7,"key":"GamblersBrew"},{"floor":12,"key":"hexamod:EctoCoolerPotion"},{"floor":16,"key":"Fire Potion"},{"floor":18,"key":"Dexterity Potion"}],"is_trial":false,"path_per_floor":["M","?","M","?","$","M","E","R","T","R","?","E","R","M","R","B",null,"M","M","M"],"character_chosen":"IRONCLAD","items_purchased":["Vajra"],"campfire_rested":2,"item_purchase_floors":[5],"current_hp_per_floor":[68,68,68,48,48,41,21,41,41,41,41,33,53,50,50,29,58,37,17,9,9],"gold":159,"neow_bonus":"THREE_RARE_CARDS","is_daily":false,"chose_seed":false,"campfire_upgraded":2,"win_rate":0.0,"timestamp":1609192560,"path_taken":["M","?","?","?","?","?","E","R","T","R","?","E","R","M","R","BOSS","M","M","M"],"items_purchased_type":["Relic"],"build_version":"2020-12-22","purchased_purges":0,"victory":false,"max_hp_per_floor":[68,68,68,68,68,68,68,68,68,68,68,68,68,68,68,68,68,68,68,68,68],"relic_stats":{"counters":[10,34],"Whetstone":["Strike_R","Strike_R"],"Question Card":5,"obtain_stats":[{"Vajra":5,"Mark of Pain":17,"Whetstone":9,"Question Card":7,"Burning Blood":0,"Paper Frog":12},{"Vajra":2,"Mark of Pain":7,"Whetstone":4,"Question Card":4,"Burning Blood":0,"Paper Frog":5},{"Vajra":4,"Mark of Pain":23,"Whetstone":11,"Question Card":11,"Burning Blood":0,"Paper Frog":14}],"Burning Blood":54},"card_choices":[{"not_picked":["Berserk","Reaper"],"picked":"Offering","floor":0},{"not_picked":["Combust","Feel No Pain"],"picked":"Wild Strike","floor":1},{"not_picked":["Warcry","Anger"],"picked":"Armaments","floor":3},{"not_picked":["Clothesline","Headbutt"],"picked":"Bloodletting","floor":6},{"not_picked":["Havoc","Hemokinesis"],"picked":"Reckless Charge","floor":7},{"not_picked":["Anger","Bludgeon","Searing Blow"],"picked":"Cleave","floor":12},{"not_picked":["True Grit","Twin Strike","Body Slam"],"picked":"Shockwave","floor":14},{"not_picked":["Berserk","Impervious","Corruption"],"picked":"Double Tap","floor":16},{"not_picked":["Heavy Blade","Sword Boomerang","Pommel Strike","Warcry"],"picked":"SKIP","floor":18},{"not_picked":["Heavy Blade","Intimidate","Combust"],"picked":"Dropkick","floor":19}],"player_experience":1265510,"relics_obtained":[{"floor":7,"key":"Question Card"},{"floor":9,"key":"Whetstone"},{"floor":12,"key":"Paper Frog"}],"event_choices":[{"damage_healed":0,"gold_gain":0,"player_choice":"Upgraded","damage_taken":0,"max_hp_gain":0,"max_hp_loss":0,"event_name":"Upgrade Shrine","floor":2,"gold_loss":0,"cards_upgraded":["Offering"]},{"damage_healed":0,"gold_gain":0,"player_choice":"Entered Light","damage_taken":20,"max_hp_gain":0,"max_hp_loss":0,"event_name":"Shining Light","floor":4,"gold_loss":0,"cards_upgraded":["Strike_R","Wild Strike"]},{"cards_removed":["Strike_R"],"damage_healed":0,"gold_gain":0,"player_choice":"Card Removal","damage_taken":0,"max_hp_gain":0,"max_hp_loss":0,"event_name":"The Cleric","floor":11,"gold_loss":75}],"is_beta":false,"boss_relics":[{"not_picked":["SacredBark","Ectoplasm"],"picked":"Mark of Pain"}],"items_purged_floors":[],"is_endless":false,"potions_floor_spawned":[6,7,12,16,18],"killed_by":"Snecko","ascension_level":20}}