{"host":"adv1uqz3812gqgbw","time":1609121984,"event":{"mods":["BaseMod","Better Note","Colored Powertips","Custom Start","Dio Mod","GifTheSpireLib","Hermit","Minty Spire (QoL Compilation)","StSLib","The Runesmith","Uncapped"],"gold_per_floor":[141,199,241,241,241,346,346,346,346],"floor_reached":8,"playtime":623,"items_purged":[],"score":308,"play_id":"41be4d66-88cb-4887-bf12-61fdf2e79ba4","local_time":"20201228001944","daily_mods":["Diverse","Colorless Cards","Time Dilation","Flight","DeadlyEvents","Binary","Elite Swarm","Lethality","Midas","Night Terrors","Uncertain Future"],"is_ascension_mode":true,"campfire_choices":[{"data":"1","floor":7,"key":"LIFT"}],"circlet_count":0,"master_deck":["dioMod:TheWalk+1","dioMod:TheWalk+1","dioMod:TheWalk+1","Dramatic Entrance+1","Adaptation+1","Crescendo+1","Adrenaline+1","Adrenaline+1","Inflame+1","Limit Break+1","Limit Break+1","Flex+1","Double Energy+1"],"relics":["Burning Blood","Lee\u0027s Waffle","Mango","Pear","Strawberry","Runesmith:AutoHammer","Bag of Marbles","Brimstone","Bottled Flame","Bottled Lightning","Bottled Tornado","Busted Crown","Fusion Hammer","hermit:DentedPlate","Coffee Dripper","Runesmith:Nanobots","Singing Bowl","Vajra","Sozu","Frozen Eye","Philosopher\u0027s Stone","Girya","Ginger","Turnip","Paper Frog","Ice Cream","Runic Pyramid","CaptainsWheel"],"acts_visited":["Exordium"],"potions_floor_usage":[],"damage_taken":[{"damage":0,"enemies":"Jaw Worm","floor":1,"turns":1},{"damage":0,"enemies":"Small Slimes","floor":3,"turns":1},{"damage":0,"enemies":"Gremlin Nob","floor":6,"turns":1},{"damage":0,"enemies":"3 Sentries","floor":8,"turns":1}],"seed_played":"7669519843912789358","potions_obtained":[],"is_trial":true,"path_per_floor":["M","?","M","$","?","E","R","E"],"character_chosen":"IRONCLAD","items_purchased":[],"campfire_rested":0,"item_purchase_floors":[],"current_hp_per_floor":[71,71,71,71,71,71,71,71,71],"gold":346,"neow_bonus":"","is_daily":false,"chose_seed":false,"campfire_upgraded":0,"win_rate":0.0,"timestamp":1609121984,"path_taken":["M","?","M","$","?","E","R","E"],"items_purchased_type":[],"build_version":"2020-12-22","purchased_purges":0,"victory":false,"max_hp_per_floor":[71,71,71,71,71,71,71,71,71],"card_choices":[],"player_experience":339267,"relics_obtained":[{"floor":6,"key":"CaptainsWheel"}],"event_choices":[{"damage_healed":0,"gold_gain":58,"player_choice":"Gained Gold","damage_taken":0,"max_hp_gain":0,"max_hp_loss":0,"event_name":"Golden Wing","floor":2,"gold_loss":0},{"damage_healed":0,"gold_gain":0,"player_choice":"Fled","damage_taken":0,"max_hp_gain":0,"max_hp_loss":0,"event_name":"Scrap Ooze","floor":5,"gold_loss":0}],"is_beta":false,"boss_relics":[],"items_purged_floors":[],"is_endless":false,"potions_floor_spawned":[1,3,6],"killed_by":"3 Sentries","ascension_level":20}}