{"host":"bc298c4gavna5tx2","time":1609169060,"event":{"mods":["ATMod(°¢èªMod)","Act Like it!","BaseMod","Challenge The Spire","Minty Spire (QoL Compilation)","MostiFishMod","Quick Restart","Spicy Shops","StSLib","¡¾¹¦ÄÜMod¡¿»ìãçÖ®»·ÐÞ¸´²¹¶¡","¡¾ÒÅÎï¿¨ÅÆ¡¿REMEMod"],"gold_per_floor":[111,111,36,49,49,49,62,62,62,82,114,129,154,171,171,274,274,289,51,51,71,86,112,112,130,130,195,217,132,132,161,161,271,271,294,315,315,67,67,122,122,122,122,122,122,142,171,196,196,202,202,202,49,90,144,144],"floor_reached":55,"playtime":1331,"items_purged":["Strike_B"],"score":1509,"play_id":"8324643a-46c9-4c85-8c14-02d49ebc6d6c","local_time":"20201228232420","is_ascension_mode":true,"campfire_choices":[{"data":"AT_ThunderBolt","floor":6.0,"key":"SMITH"},{"data":"AT_OneInchPunch","floor":15.0,"key":"SMITH"},{"data":"AT_WaterDrop","floor":24.0,"key":"SMITH"},{"data":"Gash","floor":32.0,"key":"SMITH"},{"data":"MostiFishMod:IceShield","floor":41.0,"key":"SMITH"},{"floor":45.0,"key":"RECALL"},{"data":"REME_PuzzleBox","floor":49.0,"key":"SMITH"},{"data":"Meteor Strike","floor":52.0,"key":"SMITH"}],"circlet_count":0,"master_deck":["Strike_B+1","Strike_B+1","Strike_B+1","Defend_B+1","Defend_B+1","Defend_B+1","Zap+1","Dualcast","AT_ThunderBolt+1","AT_OneInchPunch+1","Gash+1","AT_WaterDrop+1","CurseOfTheBell","White Noise+1","Capacitor+1","MostiFishMod:IceShield+1","Capacitor+1","Storm","REME_PuzzleBox+1","Gash+1","Meteor Strike+1","Gash+1","AT_RobotInSpace"],"relics":["Cracked Core","REME_ComplimentaryCards","AT_ATBox","DaveBox","ExusiaiGun","NeowsBlessing","SynthV:TestCard","AT_EbonyIvory","Pen Nib","Calling Bell","Lantern","Darkstone Periapt","REME_IWantAll","Shuriken","Enchiridion","Singing Bowl","REME_ArchaeologicalTools","Ice Cream","Oddly Smooth Stone","AT_TrinityForce","Nunchaku","White Beast Statue","Dead Branch","SynthV:C4","Whetstone"],"acts_visited":["Exordium","TheCity","TheBeyond","TheEnding"],"potions_floor_usage":[55,55,55,55,55],"damage_taken":[{"damage":0.0,"enemies":"Jaw Worm","floor":1.0,"turns":1.0},{"damage":0.0,"enemies":"Cultist","floor":4.0,"turns":1.0},{"damage":0.0,"enemies":"2 Louse","floor":7.0,"turns":1.0},{"damage":0.0,"enemies":"Large Slime","floor":10.0,"turns":2.0},{"damage":0.0,"enemies":"Gremlin Nob","floor":11.0,"turns":2.0},{"damage":0.0,"enemies":"Blue Slaver","floor":12.0,"turns":1.0},{"damage":0.0,"enemies":"3 Louse","floor":14.0,"turns":1.0},{"damage":0.0,"enemies":"Slime Boss","floor":16.0,"turns":1.0},{"damage":0.0,"enemies":"2 Thieves","floor":18.0,"turns":1.0},{"damage":0.0,"enemies":"Spheric Guardian","floor":21.0,"turns":2.0},{"damage":0.0,"enemies":"Cultist and Chosen","floor":22.0,"turns":2.0},{"damage":11.0,"enemies":"Book of Stabbing","floor":23.0,"turns":2.0},{"damage":0.0,"enemies":"Centurion and Healer","floor":25.0,"turns":1.0},{"damage":0.0,"enemies":"REME_1_Revenger","floor":27.0,"turns":2.0},{"damage":7.0,"enemies":"Chosen and Byrds","floor":28.0,"turns":2.0},{"damage":0.0,"enemies":"Cultist and Chosen","floor":31.0,"turns":3.0},{"damage":0.0,"enemies":"Automaton","floor":33.0,"turns":2.0},{"damage":0.0,"enemies":"3 Darklings","floor":35.0,"turns":3.0},{"damage":0.0,"enemies":"3 Shapes","floor":36.0,"turns":2.0},{"damage":1.0,"enemies":"Giant Head","floor":40.0,"turns":4.0},{"damage":16.0,"enemies":"3 Darklings","floor":46.0,"turns":4.0},{"damage":0.0,"enemies":"Nemesis","floor":47.0,"turns":1.0},{"damage":0.0,"enemies":"Writhing Mass","floor":48.0,"turns":2.0},{"damage":0.0,"enemies":"Awakened One","floor":50.0,"turns":2.0},{"damage":0,"enemies":"Shield and Spear","floor":54,"turns":2},{"damage":94,"enemies":"The Heart","floor":55,"turns":3}],"seed_played":"8788832605551522746","potions_obtained":[{"floor":11.0,"key":"SteroidPotion"},{"floor":12.0,"key":"SpeedPotion"},{"floor":14.0,"key":"Fire Potion"},{"floor":16.0,"key":"PowerPotion"},{"floor":28.0,"key":"Strength Potion"},{"floor":31.0,"key":"DuplicationPotion"},{"floor":33.0,"key":"EntropicBrew"},{"floor":48.0,"key":"EntropicBrew"}],"is_trial":false,"path_per_floor":["M","?","$","M","?","R","M","?","T","M","E","M","T","M","R","B",null,"M","$","?","M","M","E","R","M","T","E","M","?","?","M","R","B",null,"M","M","?","$","?","E","R","?","T","$","R","M","E","M","R","B",null,"R","$","E","B"],"character_chosen":"DEFECT","items_purchased":["Shuriken","Storm","REME_PuzzleBox","SynthV:C4"],"campfire_rested":0,"item_purchase_floors":[19,38,38,53],"current_hp_per_floor":[68,68,68,68,68,68,68,68,68,68,68,68,68,68,68,68,73,73,73,57,57,57,48,48,50,50,52,45,45,45,47,47,47,74,76,76,76,76,76,75,75,77,77,77,77,63,63,63,63,63,80,80,80,80,0,0],"gold":144,"neow_bonus":"THREE_ENEMY_KILL","is_daily":false,"chose_seed":false,"campfire_upgraded":7,"win_rate":0.0,"timestamp":1609169060,"path_taken":["M","?","?","M","?","R","?","?","T","M","E","M","?","M","R","BOSS","M","$","?","M","M","E","R","M","T","E","M","?","?","M","R","BOSS","M","M","?","$","?","E","R","?","T","?","R","M","E","M","R","BOSS","R","$","E","BOSS"],"items_purchased_type":["Relic","Card","Card","Relic"],"build_version":"2020-12-22","purchased_purges":1,"victory":false,"max_hp_per_floor":[75,75,75,75,75,75,75,75,75,75,75,75,75,75,75,75,75,75,75,75,75,75,77,77,79,79,81,81,81,81,83,83,83,83,85,85,85,85,81,81,81,83,83,83,83,85,85,85,85,85,85,85,85,85,85,85],"card_choices":[{"not_picked":["Steam","Ball Lightning","Melter"],"picked":"SKIP","floor":1.0},{"not_picked":["Steam","Streamline","Compile Driver","Hologram","Reinforced Body"],"picked":"SKIP","floor":4.0},{"not_picked":["MostiFishMod:PushDownKick","Leap","AT_HeatAcrobatics","Ball Lightning","Beam Cell"],"picked":"SKIP","floor":7.0},{"not_picked":["Skim","Steam","MostiFishMod:LinkProtocol","MostiFishMod:PushDownKick"],"picked":"Gash","floor":10.0},{"not_picked":["AT_StudyProgram","Streamline","Meteor Strike","Recycle","Reinforced Body"],"picked":"SKIP","floor":11.0},{"not_picked":["Turbo","Rebound","REME_SelfUpgrade","Aggregate","Reinforced Body"],"picked":"SKIP","floor":12.0},{"not_picked":["Compile Driver","Coolheaded","Turbo","Cold Snap","Beam Cell"],"picked":"SKIP","floor":14.0},{"not_picked":["REME_ForAll","MostiFishMod:SeaWaves","MostiFishMod:ActiveDefenseSystem","MostiFishMod:Exploitation"],"picked":"AT_WaterDrop","floor":16.0},{"not_picked":["Sweeping Beam","Leap","Go for the Eyes","AT_HeatAcrobatics+1","Steam+1"],"picked":"SKIP","floor":18.0},{"not_picked":["Conserve Battery","Turbo","REME_ForAll","Ball Lightning+1","Sweeping Beam"],"picked":"SKIP","floor":21.0},{"not_picked":["Redo","MostiFishMod:Impulse","Sweeping Beam","Beam Cell"],"picked":"White Noise+1","floor":22.0},{"not_picked":["REME_DataAnalysis+1","Steam","Streamline+1","Cold Snap","Rip and Tear"],"picked":"Singing Bowl","floor":23.0},{"not_picked":["Consume","Rebound+1","Steam","Compile Driver","Sweeping Beam"],"picked":"Singing Bowl","floor":25.0},{"not_picked":["Sweeping Beam","Chaos","Hologram","Reboot","Compile Driver"],"picked":"Singing Bowl","floor":27.0},{"not_picked":["AT_HeatAcrobatics","Ball Lightning","Redo","Rebound"],"picked":"Capacitor+1","floor":28.0},{"not_picked":["Ball Lightning","MostiFishMod:LinkProtocol","Conserve Battery","Coolheaded","AT_EMC2+1"],"picked":"Singing Bowl","floor":31.0},{"not_picked":["Fission","MostiFishMod:Culaccino","AT_RightCognition","Reboot"],"picked":"MostiFishMod:IceShield","floor":33.0},{"not_picked":["Compile Driver","Redo+1","Stack","Leap","Hologram+1"],"picked":"Singing Bowl","floor":35.0},{"not_picked":["Sweeping Beam+1","Cold Snap","Rebound","Go for the Eyes+1"],"picked":"Capacitor+1","floor":36.0},{"not_picked":["Sweeping Beam","Consume","Defragment","Rebound+1"],"picked":"Gash+1","floor":40.0},{"not_picked":["REME_TwoStrings","Blind","AT_Homeward","Dramatic Entrance","AT_LightSaberMaster"],"picked":"Singing Bowl","floor":42.0},{"not_picked":["Steam+1","Fusion","Aggregate","Beam Cell","Ball Lightning"],"picked":"Singing Bowl","floor":46.0},{"not_picked":["Lockon+1","Auto Shields","REME_SelfUpgrade","Streamline"],"picked":"Meteor Strike","floor":47.0},{"not_picked":["Tempest","Barrage+1","REME_SelfUpgrade","Ball Lightning+1"],"picked":"Gash+1","floor":48.0},{"not_picked":["MostiFishMod:Prepare","Conserve Battery","Hologram","AT_ThreeBodyProblem+1"],"picked":"AT_RobotInSpace","floor":54}],"player_experience":71669,"relics_obtained":[{"floor":1.0,"key":"SynthV:TestCard"},{"floor":11.0,"key":"AT_EbonyIvory"},{"floor":13.0,"key":"Pen Nib"},{"floor":17.0,"key":"Lantern"},{"floor":17.0,"key":"Darkstone Periapt"},{"floor":17.0,"key":"REME_IWantAll"},{"floor":20.0,"key":"Enchiridion"},{"floor":23.0,"key":"Singing Bowl"},{"floor":26.0,"key":"REME_ArchaeologicalTools"},{"floor":27.0,"key":"Ice Cream"},{"floor":40.0,"key":"Nunchaku"},{"floor":43.0,"key":"White Beast Statue"},{"floor":47.0,"key":"Dead Branch"},{"floor":54,"key":"Whetstone"}],"event_choices":[{"cards_removed":["Defend_B"],"damage_healed":0.0,"max_hp_gain":0.0,"max_hp_loss":0.0,"gold_gain":0.0,"event_name":"Purifier","player_choice":"Purged","floor":2.0,"gold_loss":0.0,"damage_taken":0.0},{"damage_healed":0.0,"max_hp_gain":0.0,"max_hp_loss":0.0,"gold_gain":0.0,"event_name":"Match and Keep!","player_choice":"0 cards matched","floor":5.0,"gold_loss":0.0,"damage_taken":0.0,"cards_obtained":[]},{"damage_healed":0.0,"max_hp_gain":0.0,"max_hp_loss":0.0,"gold_gain":0.0,"event_name":"Living Wall","player_choice":"Grow","floor":8.0,"gold_loss":0.0,"damage_taken":0.0,"cards_upgraded":["Zap"]},{"damage_healed":0.0,"max_hp_gain":0.0,"max_hp_loss":0.0,"gold_gain":0.0,"event_name":"Cursed Tome","player_choice":"Obtained Book","floor":20.0,"gold_loss":0.0,"damage_taken":16.0},{"damage_healed":0.0,"max_hp_gain":0.0,"max_hp_loss":0.0,"gold_gain":0.0,"event_name":"Addict","player_choice":"Obtained Relic","floor":29.0,"gold_loss":85.0,"damage_taken":0.0,"relics_obtained":["Oddly Smooth Stone"]},{"damage_healed":0.0,"max_hp_gain":0.0,"max_hp_loss":0.0,"gold_gain":0.0,"event_name":"Back to Basics","player_choice":"Simplicity","floor":30.0,"gold_loss":0.0,"damage_taken":0.0,"cards_upgraded":["Strike_B","Strike_B","Strike_B","Defend_B","Defend_B","Defend_B"]},{"damage_healed":0.0,"max_hp_gain":0.0,"max_hp_loss":0.0,"gold_gain":0.0,"event_name":"Tomb of Lord Red Mask","player_choice":"Ignored","floor":37.0,"gold_loss":0.0,"damage_taken":0.0},{"damage_healed":0.0,"max_hp_gain":0.0,"max_hp_loss":4.0,"gold_gain":0.0,"event_name":"Winding Halls","player_choice":"Max HP","floor":39.0,"gold_loss":0.0,"damage_taken":0.0},{"damage_healed":0.0,"max_hp_gain":0.0,"max_hp_loss":0.0,"gold_gain":0.0,"event_name":"SensoryStone","player_choice":"Memory 1","floor":42.0,"gold_loss":0.0,"damage_taken":0.0}],"is_beta":false,"boss_relics":[{"not_picked":["Snecko Eye","REME_DemonsWealth"],"picked":"Calling Bell"},{"not_picked":["FrostBlade","Coffee Dripper"],"picked":"AT_TrinityForce"}],"items_purged_floors":[3],"is_endless":false,"potions_floor_spawned":[11,12,14,16,18,28,31,33,36,46,47,48,54],"killed_by":"The Heart","ascension_level":8}}