{"host":"hkfd27larxvbrzdx","time":1609167633,"event":{"mods":["AchievementEnabler","BaseMod","Minty Spire (QoL Compilation)"],"gold_per_floor":[119,69,69,45,56,56,91,91,118,148,161,161,196,207,207,303,303,322,322,322,322,322,347,347,382,409,64,64,110,122,134,146,262,274,311,334,361,373,404,416,428,440,452,499,531,568,0,32,44,56,68,80,92,137,149,149],"floor_reached":55,"playtime":10383,"items_purged":["Defend_G"],"score":836,"play_id":"522b40b9-45da-4d69-b9c8-701871ce86e4","local_time":"20201228230033","is_ascension_mode":true,"campfire_choices":[{"data":"Terror","floor":6,"key":"SMITH"},{"data":"Caltrops","floor":8,"key":"SMITH"},{"floor":12,"key":"REST"},{"floor":15,"key":"REST"},{"data":"Dagger Spray","floor":24,"key":"SMITH"},{"data":"Footwork","floor":28,"key":"SMITH"},{"data":"Tactician","floor":32,"key":"SMITH"},{"data":"Phantasmal Killer","floor":41,"key":"SMITH"},{"floor":49,"key":"RECALL"},{"data":"Neutralize","floor":52,"key":"SMITH"}],"circlet_count":0,"master_deck":["Strike_G","Strike_G","Defend_G","Defend_G","Defend_G","Defend_G","Survivor","Neutralize+1","Terror+1","Backflip","Caltrops+1","Sucker Punch","Dagger Throw","Tools of the Trade","Dagger Spray+1","Dagger Throw","Expertise","Well Laid Plans+1","Tactician+1","Footwork+1","Phantasmal Killer+1","Dodge and Roll","Predator+1","Dodge and Roll+1","Noxious Fumes+1","Backflip+1"],"relics":["Ring of the Snake","Ornamental Fan","MealTicket","Anchor","Sozu","FossilizedHelix","CeramicFish","Vajra","Lantern","MawBank","Bird Faced Urn","SlaversCollar","Eternal Feather","Happy Flower","Red Mask","Akabeko"],"acts_visited":["Exordium","TheCity","TheBeyond","TheEnding"],"potions_floor_usage":[7,7,10,10,39],"damage_taken":[{"damage":0,"enemies":"2 Louse","floor":1,"turns":5},{"damage":0,"enemies":"Jaw Worm","floor":5,"turns":5},{"damage":30,"enemies":"Lagavulin","floor":7,"turns":12},{"damage":17,"enemies":"3 Sentries","floor":10,"turns":10},{"damage":1,"enemies":"Cultist","floor":11,"turns":3},{"damage":11,"enemies":"Gremlin Nob","floor":13,"turns":4},{"damage":2,"enemies":"Looter","floor":14,"turns":3},{"damage":36,"enemies":"The Guardian","floor":16,"turns":14},{"damage":5,"enemies":"3 Byrds","floor":18,"turns":3},{"damage":10,"enemies":"Book of Stabbing","floor":23,"turns":6},{"damage":0,"enemies":"Gremlin Leader","floor":25,"turns":6},{"damage":15,"enemies":"Collector","floor":33,"turns":10},{"damage":16,"enemies":"3 Darklings","floor":35,"turns":6},{"damage":0,"enemies":"Orb Walker","floor":36,"turns":4},{"damage":11,"enemies":"4 Shapes","floor":37,"turns":6},{"damage":0,"enemies":"Transient","floor":39,"turns":5},{"damage":0,"enemies":"Nemesis","floor":44,"turns":5},{"damage":3,"enemies":"Jaw Worm Horde","floor":45,"turns":6},{"damage":14,"enemies":"Writhing Mass","floor":46,"turns":4},{"damage":0,"enemies":"Maw","floor":48,"turns":5},{"damage":23,"enemies":"Awakened One","floor":50,"turns":16},{"damage":42,"enemies":"Shield and Spear","floor":54,"turns":9},{"damage":67,"enemies":"The Heart","floor":55,"turns":8}],"seed_played":"-6823441625656230438","potions_obtained":[{"floor":0,"key":"EntropicBrew"},{"floor":0,"key":"AttackPotion"},{"floor":0,"key":"Weak Potion"},{"floor":1,"key":"SteroidPotion"},{"floor":11,"key":"GhostInAJar"}],"is_trial":false,"path_per_floor":["M","?","?","$","M","R","E","R","T","E","M","R","E","M","R","B",null,"M","?","?","?","?","E","R","E","T","$","R","T","$","T","R","B",null,"M","M","M","?","M","?","R","?","T","E","M","M","?","M","R","B",null,"R","$","E","B"],"character_chosen":"THE_SILENT","items_purchased":["Backflip","Tactician","Footwork","Lantern"],"campfire_rested":2,"item_purchase_floors":[4,27,27,27],"current_hp_per_floor":[70,70,70,70,70,70,40,40,40,23,22,43,32,30,51,15,70,65,65,49,49,70,60,60,60,60,70,70,70,70,70,70,55,70,54,62,59,59,66,66,66,66,66,66,65,56,56,66,66,51,66,66,66,26,0,0],"gold":149,"neow_bonus":"THREE_SMALL_POTIONS","is_daily":false,"chose_seed":false,"campfire_upgraded":7,"win_rate":0.0,"timestamp":1609167633,"path_taken":["M","?","?","?","?","R","E","R","T","E","M","R","E","M","R","BOSS","M","?","?","?","?","E","R","E","T","$","R","?","?","?","R","BOSS","M","M","M","?","M","?","R","?","T","E","M","M","?","M","R","BOSS","R","$","E","BOSS"],"items_purchased_type":["Card","Card","Card","Relic"],"build_version":"2020-12-22","purchased_purges":1,"victory":false,"max_hp_per_floor":[70,70,70,70,70,70,70,70,70,70,70,70,70,70,70,70,70,70,70,70,70,70,70,70,70,70,70,70,70,70,70,70,70,70,70,70,70,66,66,66,66,66,66,66,66,66,66,66,66,66,66,66,66,66,66,66],"card_choices":[{"not_picked":["Finisher","Escape Plan"],"picked":"Terror","floor":1},{"not_picked":["Prepared","Outmaneuver","Masterful Stab"],"picked":"SKIP","floor":5},{"not_picked":["Sucker Punch","Envenom"],"picked":"Caltrops","floor":7},{"not_picked":["Glass Knife","Backflip"],"picked":"Sucker Punch","floor":10},{"not_picked":["Prepared","Blade Dance"],"picked":"Dagger Throw","floor":11},{"not_picked":["Dagger Throw","Blade Dance","Masterful Stab"],"picked":"SKIP","floor":13},{"not_picked":["Acrobatics","Heel Hook","Reflex"],"picked":"SKIP","floor":14},{"not_picked":["Adrenaline","Die Die Die"],"picked":"Tools of the Trade","floor":16},{"not_picked":["Well Laid Plans","Outmaneuver"],"picked":"Dagger Spray","floor":18},{"not_picked":["Masterful Stab","Poisoned Stab","Heel Hook+1"],"picked":"SKIP","floor":23},{"not_picked":["Acrobatics","Dodge and Roll"],"picked":"Well Laid Plans+1","floor":25},{"not_picked":["Envenom","Malaise"],"picked":"Phantasmal Killer","floor":33},{"not_picked":["Well Laid Plans+1","Bane+1"],"picked":"Dodge and Roll","floor":35},{"not_picked":["Poisoned Stab","Bouncing Flask","Dagger Spray"],"picked":"SKIP","floor":36},{"not_picked":["Deadly Poison+1","Crippling Poison","Quick Slash+1"],"picked":"SKIP","floor":37},{"not_picked":["Sucker Punch","Finisher+1"],"picked":"Predator+1","floor":39},{"not_picked":["Terror+1","Poisoned Stab+1"],"picked":"Dodge and Roll+1","floor":44},{"not_picked":["Flechettes","Bane"],"picked":"Noxious Fumes+1","floor":45},{"not_picked":["Underhanded Strike","Sucker Punch+1"],"picked":"Backflip+1","floor":46},{"not_picked":["Dodge and Roll","PiercingWail+1","Sucker Punch+1"],"picked":"SKIP","floor":48},{"not_picked":["Sucker Punch","Dodge and Roll","Acrobatics"],"picked":"SKIP","floor":54}],"player_experience":128334,"relics_obtained":[{"floor":7,"key":"Ornamental Fan"},{"floor":10,"key":"MealTicket"},{"floor":13,"key":"Anchor"},{"floor":23,"key":"FossilizedHelix"},{"floor":25,"key":"CeramicFish"},{"floor":26,"key":"Vajra"},{"floor":29,"key":"MawBank"},{"floor":31,"key":"Bird Faced Urn"},{"floor":43,"key":"Eternal Feather"},{"floor":44,"key":"Happy Flower"},{"floor":54,"key":"Akabeko"}],"event_choices":[{"cards_removed":["Strike_G"],"damage_healed":0,"gold_gain":0,"player_choice":"Card Removal","damage_taken":0,"max_hp_gain":0,"max_hp_loss":0,"event_name":"The Cleric","floor":2,"gold_loss":50},{"damage_healed":0,"gold_gain":0,"player_choice":"Ignored","damage_taken":0,"max_hp_gain":0,"max_hp_loss":0,"event_name":"Liars Game","floor":3,"gold_loss":0},{"damage_healed":0,"gold_gain":0,"cards_transformed":["Strike_G","Strike_G"],"player_choice":"Became Test Subject","damage_taken":0,"max_hp_gain":0,"max_hp_loss":0,"event_name":"Drug Dealer","floor":19,"gold_loss":0,"cards_obtained":["Dagger Throw","Expertise"]},{"damage_healed":0,"gold_gain":0,"player_choice":"Obtained Book","damage_taken":16,"max_hp_gain":0,"max_hp_loss":0,"event_name":"Cursed Tome","floor":20,"gold_loss":0},{"damage_healed":0,"gold_gain":0,"player_choice":"Ignored","damage_taken":0,"max_hp_gain":0,"max_hp_loss":0,"event_name":"Vampires","floor":21,"gold_loss":0},{"damage_healed":23,"gold_gain":0,"player_choice":"Heal","damage_taken":0,"max_hp_gain":0,"max_hp_loss":0,"event_name":"The Library","floor":22,"gold_loss":0},{"damage_healed":0,"gold_gain":0,"player_choice":"Max HP","damage_taken":0,"max_hp_gain":0,"max_hp_loss":4,"event_name":"Winding Halls","floor":38,"gold_loss":0},{"damage_healed":0,"gold_gain":0,"player_choice":"Ignored","damage_taken":0,"max_hp_gain":0,"max_hp_loss":0,"event_name":"Mysterious Sphere","floor":40,"gold_loss":0},{"damage_healed":0,"gold_gain":0,"player_choice":"Memory 1","damage_taken":0,"max_hp_gain":0,"max_hp_loss":0,"event_name":"SensoryStone","floor":42,"gold_loss":0},{"damage_healed":0,"gold_gain":0,"player_choice":"Paid","damage_taken":0,"relics_obtained":["Red Mask"],"max_hp_gain":0,"max_hp_loss":0,"event_name":"Tomb of Lord Red Mask","floor":47,"gold_loss":580}],"is_beta":false,"boss_relics":[{"not_picked":["Snecko Eye","Coffee Dripper"],"picked":"Sozu"},{"not_picked":["Cursed Key","SacredBark"],"picked":"SlaversCollar"}],"items_purged_floors":[27],"is_endless":false,"potions_floor_spawned":[1,11,16,33,36,45,48,54],"killed_by":"The Heart","ascension_level":1}}