{"host":"l9fn0pydaze8nubc","time":1609126207,"event":{"mods":["AchievementEnabler","AlwaysNeverKeys","BaseMod","Better Note","Block Reminder","Colored Powertips","DeckTracker","Defuse TimeMaze Blight","Highlight Path","Minty Spire (QoL Compilation)","Permanent Neow","Quick Restart","Relic Sorter","Relic Stats","Slay-I","StSLib","everything is the same but u backflip on backflip"],"gold_per_floor":[134,134,309,104,119,119,119,174,174,199,18,18,98,113,113,213,213,253,253,293,293,293,293,333,388,388,403,428,51,51,1,1,101,101,116,131,131,146,171,171,171,171,171,171,211,261,301,331,331,356,356],"floor_reached":50,"playtime":1558,"items_purged":["Doubt"],"score":669,"play_id":"88eb02ad-aadd-42c1-b285-140f7afb22ca","local_time":"20201228163007","daily_mods":["Allstar","Colorless Cards","Night Terrors"],"is_ascension_mode":false,"campfire_choices":[{"data":"HandOfGreed","floor":6,"key":"SMITH"},{"floor":15,"key":"REST"},{"floor":23,"key":"REST"},{"data":"Establishment","floor":32,"key":"SMITH"},{"data":"HandOfGreed","floor":40,"key":"SMITH"},{"data":"Mayhem","floor":42,"key":"SMITH"},{"floor":49,"key":"REST"}],"circlet_count":0,"master_deck":["Strike_P+1","Strike_P+1","Strike_P+1","Strike_P+1","Defend_P+1","Defend_P+1","Defend_P+1","Defend_P+1","Eruption+1","Vigilance","Chrysalis","Dark Shackles","HandOfGreed+1","Apotheosis+1","Impatience","Consecrate","FlurryOfBlows","CarveReality","Conclude+1","BattleHymn","LikeWater","Mayhem+1","Prostrate","DeusExMachina","Sadistic Nature","ThirdEye+1","MentalFortress","Establishment+1","WheelKick+1","Meditate+1","Mind Blast","BattleHymn","WindmillStrike","BattleHymn","HandOfGreed+1","Perseverance+1","Prostrate+1","Writhe","Pain","Clumsy","EmptyFist+1","Normality","FollowUp+1","LikeWater+1","EmptyBody"],"relics":["PureWater","Pear","The Courier","Dream Catcher","Tiny Chest","Potion Belt","Snecko Eye","MutagenicStrength","Gremlin Horn","Bottled Lightning","Mercury Hourglass","Bag of Marbles","Darkstone Periapt","Cursed Key","Anchor","Bottled Tornado","Eternal Feather","Smiling Mask","Whetstone"],"acts_visited":["Exordium","TheCity","TheBeyond"],"potions_floor_usage":[24,24,27,33,48,50,50],"damage_taken":[{"damage":0,"enemies":"Small Slimes","floor":1,"turns":5},{"damage":0,"enemies":"2 Louse","floor":5,"turns":1},{"damage":15,"enemies":"Gremlin Nob","floor":8,"turns":3},{"damage":26,"enemies":"3 Sentries","floor":13,"turns":5},{"damage":0,"enemies":"Jaw Worm","floor":14,"turns":3},{"damage":0,"enemies":"Slime Boss","floor":16,"turns":6},{"damage":32,"enemies":"2 Thieves","floor":18,"turns":3},{"damage":25,"enemies":"Shell Parasite","floor":20,"turns":6},{"damage":26,"enemies":"Shelled Parasite and Fungi","floor":24,"turns":3},{"damage":17,"enemies":"Book of Stabbing","floor":25,"turns":4},{"damage":8,"enemies":"3 Cultists","floor":27,"turns":5},{"damage":52,"enemies":"Collector","floor":33,"turns":6},{"damage":3,"enemies":"3 Shapes","floor":35,"turns":1},{"damage":16,"enemies":"3 Darklings","floor":36,"turns":4},{"damage":4,"enemies":"Maw","floor":38,"turns":5},{"damage":6,"enemies":"Spire Growth","floor":45,"turns":4},{"damage":12,"enemies":"3 Darklings","floor":47,"turns":4},{"damage":51,"enemies":"Giant Head","floor":48,"turns":8},{"damage":96,"enemies":"Awakened One","floor":50,"turns":5}],"seed_played":"3313543068594885719","potions_obtained":[{"floor":5,"key":"SkillPotion"},{"floor":8,"key":"DuplicationPotion"},{"floor":14,"key":"Regen Potion"},{"floor":16,"key":"EssenceOfSteel"},{"floor":20,"key":"Swift Potion"},{"floor":25,"key":"Swift Potion"},{"floor":35,"key":"AttackPotion"},{"floor":36,"key":"StancePotion"},{"floor":47,"key":"ColorlessPotion"},{"floor":48,"key":"Dexterity Potion"}],"is_trial":false,"path_per_floor":["M","?","?","$","M","R","?","E","T","T","$","$","E","M","R","B",null,"M","?","M","?","T","R","M","E","T","M","T","$","?","?","R","B",null,"M","M","$","M","T","R","?","R","T","T","M","T","M","E","R","B"],"character_chosen":"WATCHER","items_purchased":["FlurryOfBlows","CarveReality","Tiny Chest","LikeWater","Darkstone Periapt","BattleHymn","WindmillStrike","BattleHymn"],"campfire_rested":3,"item_purchase_floors":[4,4,11,11,29,29,29,29],"current_hp_per_floor":[72,72,72,72,72,72,58,53,53,53,53,53,27,27,77,77,77,45,45,20,20,20,72,46,29,29,35,35,35,59,59,59,7,72,69,53,53,49,55,55,55,55,61,67,61,67,55,4,91,0,0],"gold":356,"neow_bonus":"","is_daily":true,"chose_seed":false,"campfire_upgraded":4,"win_rate":0.0,"timestamp":1609126207,"path_taken":["M","?","?","$","?","R","?","E","T","?","?","$","E","M","R","BOSS","M","?","M","?","?","R","M","E","T","M","?","$","?","?","R","BOSS","M","M","$","?","?","R","?","R","T","?","M","?","M","E","R","BOSS"],"items_purchased_type":["Card","Card","Relic","Card","Relic","Card","Card","Card"],"build_version":"2020-12-22","purchased_purges":1,"victory":false,"max_hp_per_floor":[72,72,72,72,72,72,72,82,82,82,82,82,82,82,77,77,77,77,77,77,77,77,72,72,72,72,72,72,72,72,72,72,72,72,72,72,72,72,78,78,78,78,84,90,90,96,96,96,91,91,91],"relic_stats":{"Darkstone Periapt":24,"Dream Catcher":3,"Gremlin Horn":[13,14],"counters":[19,81],"Snecko Eye":[99,103,112,76],"Tiny Chest":2,"Eternal Feather":24,"Whetstone":["WheelKick","Conclude"],"Cursed Key":4,"Smiling Mask":0,"obtain_stats":[{"Potion Belt":13,"Darkstone Periapt":29,"Pear":8,"Gremlin Horn":22,"Eternal Feather":44,"The Courier":9,"Whetstone":48,"Bottled Tornado":43,"Cursed Key":34,"Smiling Mask":46,"Mercury Hourglass":26,"Dream Catcher":10,"Anchor":39,"MutagenicStrength":21,"Snecko Eye":17,"Tiny Chest":11,"Bag of Marbles":28,"Bottled Lightning":25,"PureWater":0},{"Potion Belt":4,"Darkstone Periapt":11,"Pear":3,"Gremlin Horn":8,"Eternal Feather":15,"The Courier":3,"Whetstone":18,"Bottled Tornado":15,"Cursed Key":12,"Smiling Mask":16,"Mercury Hourglass":10,"Dream Catcher":3,"Anchor":15,"MutagenicStrength":8,"Snecko Eye":6,"Tiny Chest":3,"Bag of Marbles":11,"Bottled Lightning":10,"PureWater":0},{"Potion Belt":14,"Darkstone Periapt":44,"Pear":9,"Gremlin Horn":32,"Eternal Feather":60,"The Courier":9,"Whetstone":76,"Bottled Tornado":60,"Cursed Key":50,"Smiling Mask":64,"Mercury Hourglass":39,"Dream Catcher":9,"Anchor":60,"MutagenicStrength":32,"Snecko Eye":23,"Tiny Chest":9,"Bag of Marbles":44,"Bottled Lightning":39,"PureWater":0}],"Mercury Hourglass":[201]},"card_choices":[{"not_picked":["Dark Shackles","EmptyBody"],"picked":"Consecrate","floor":1},{"not_picked":["Protect","CrushJoints"],"picked":"Conclude","floor":5},{"not_picked":["FlyingSleeves","Deep Breath"],"picked":"BattleHymn","floor":8},{"not_picked":["JustLucky","Sanctity"],"picked":"Mayhem","floor":13},{"not_picked":["CutThroughFate","EmptyMind"],"picked":"Prostrate","floor":14},{"not_picked":["CutThroughFate","Crescendo"],"picked":"DeusExMachina","floor":15},{"not_picked":["DeusExMachina","Magnetism"],"picked":"Sadistic Nature","floor":16},{"not_picked":["Impatience","EmptyBody"],"picked":"ThirdEye+1","floor":18},{"not_picked":["FollowUp","JustLucky"],"picked":"MentalFortress","floor":20},{"not_picked":["EmptyBody","Pray"],"picked":"Establishment","floor":23},{"not_picked":["ClearTheMind","Consecrate"],"picked":"WheelKick","floor":24},{"not_picked":["Halt","ThirdEye"],"picked":"Meditate+1","floor":25},{"not_picked":["EmptyFist","Indignation"],"picked":"Mind Blast","floor":27},{"not_picked":["Brilliance","Transmutation"],"picked":"HandOfGreed","floor":33},{"not_picked":["SashWhip","EmptyBody+1","SignatureMove+1"],"picked":"SKIP","floor":35},{"not_picked":["Pray+1","Wireheading+1"],"picked":"Perseverance+1","floor":36},{"not_picked":["Crescendo","Study"],"picked":"Prostrate+1","floor":38},{"not_picked":["Nirvana+1","Collect"],"picked":"EmptyFist+1","floor":45},{"not_picked":["Vault","Halt"],"picked":"FollowUp+1","floor":47},{"not_picked":["Study+1","SashWhip+1"],"picked":"LikeWater+1","floor":48},{"not_picked":["Wireheading+1","FlurryOfBlows"],"picked":"EmptyBody","floor":49}],"player_experience":998118,"relics_obtained":[{"floor":8,"key":"Pear"},{"floor":9,"key":"The Courier"},{"floor":10,"key":"Dream Catcher"},{"floor":13,"key":"Potion Belt"},{"floor":22,"key":"Gremlin Horn"},{"floor":25,"key":"Bottled Lightning"},{"floor":26,"key":"Mercury Hourglass"},{"floor":28,"key":"Bag of Marbles"},{"floor":39,"key":"Anchor"},{"floor":43,"key":"Bottled Tornado"},{"floor":44,"key":"Eternal Feather"},{"floor":46,"key":"Smiling Mask"},{"floor":48,"key":"Whetstone"}],"event_choices":[{"damage_healed":0,"gold_gain":0,"player_choice":"Grow","damage_taken":0,"max_hp_gain":0,"max_hp_loss":0,"event_name":"Living Wall","floor":2,"gold_loss":0,"cards_upgraded":["Apotheosis"]},{"damage_healed":0,"gold_gain":175,"player_choice":"AGREE","damage_taken":0,"max_hp_gain":0,"max_hp_loss":0,"event_name":"Liars Game","floor":3,"gold_loss":0,"cards_obtained":["Doubt"]},{"damage_healed":0,"gold_gain":0,"player_choice":"Entered Light","damage_taken":14,"max_hp_gain":0,"max_hp_loss":0,"event_name":"Shining Light","floor":7,"gold_loss":0,"cards_upgraded":["Eruption","Strike_P"]},{"damage_healed":0,"gold_gain":0,"player_choice":"Simplicity","damage_taken":0,"max_hp_gain":0,"max_hp_loss":0,"event_name":"Back to Basics","floor":19,"gold_loss":0,"cards_upgraded":["Strike_P","Strike_P","Strike_P","Defend_P","Defend_P","Defend_P","Defend_P"]},{"damage_healed":0,"gold_gain":0,"player_choice":"Inject Mutagens","damage_taken":0,"relics_obtained":["MutagenicStrength"],"max_hp_gain":0,"max_hp_loss":0,"event_name":"Drug Dealer","floor":21,"gold_loss":0},{"damage_healed":24,"gold_gain":0,"player_choice":"Heal","damage_taken":0,"max_hp_gain":0,"max_hp_loss":0,"event_name":"The Library","floor":30,"gold_loss":0},{"damage_healed":0,"gold_gain":0,"player_choice":"Bet on Murderer","damage_taken":0,"max_hp_gain":0,"max_hp_loss":0,"event_name":"The Joust","floor":31,"gold_loss":50},{"damage_healed":0,"gold_gain":0,"player_choice":"Ignored","damage_taken":0,"max_hp_gain":0,"max_hp_loss":0,"event_name":"Tomb of Lord Red Mask","floor":41,"gold_loss":0}],"is_beta":false,"boss_relics":[{"not_picked":["SlaversCollar","Astrolabe"],"picked":"Snecko Eye"},{"not_picked":["Sozu","Coffee Dripper"],"picked":"Cursed Key"}],"items_purged_floors":[4],"is_endless":false,"potions_floor_spawned":[5,8,14,16,20,25,35,36,47,48],"killed_by":"Awakened One","ascension_level":0}}