{"host":"kos1s9q8ffr8fqos","time":1609190769,"event":{"mods":["BaseMod","Bestiary","Better Altar","Better Match","Better Note","Better Sensory Stone","Better Skull","Better Third Choice","Better Vampires","Colored Map","Colored Powertips","Curses Come First","Downfall","Hermit","Infinite Spire","Minty Spire (QoL Compilation)","Quick Restart","Random Character Button","Relic Stats","Replay The Spire","StSLib","The Blue Laboratory","The Disciple"],"gold_per_floor":[99,110,110,125,136,136,163,163,192,192,102,102,114,3,14,14,14,14],"floor_reached":16,"playtime":1087,"items_purged":["Regret"],"score":105,"play_id":"e63d374e-1951-4cd3-9398-cc9be53e86d1","local_time":"20201228152609","is_ascension_mode":true,"campfire_choices":[{"data":"champ:PerfectForm","floor":1,"key":"SMITH"},{"data":"champ:Devastate","floor":6,"key":"SMITH"},{"data":"champ:Taunt","floor":8,"key":"SMITH"}],"circlet_count":0,"master_deck":["champ:Strike","champ:Strike+1","champ:Strike","champ:Defend+1","champ:Defend","champ:Defend","champ:Defend","champ:Execute","champ:Taunt+1","Voices","champ:PerfectForm+1","champ:Backstep","champ:Devastate+1","champ:Circumvent","champ:Encircle+1","champ:Duel","champ:FlashCut","champ:IgnorePain","champ:ViciousMockery","Replay:Bootleg Shield Generator","TalkToTheHand"],"relics":["Replay:M_StaffOfTheSnake","Toy Ornithopter","Simple Rune","infinitespire:Cubic Diamond"],"acts_visited":["Exordium"],"potions_floor_usage":[],"damage_taken":[{"damage":10,"enemies":"2 Louse","floor":2,"turns":3},{"damage":5,"enemies":"Cultist","floor":4,"turns":3},{"damage":5,"enemies":"Small Slimes","floor":5,"turns":7},{"damage":40,"enemies":"Lagavulin","floor":9,"turns":9},{"damage":11,"enemies":"downfall:FleeingMerchant","floor":11,"turns":4},{"damage":6,"enemies":"2 Fungi Beasts","floor":13,"turns":3},{"damage":5,"enemies":"downfall:FleeingMerchant","floor":14,"turns":4},{"damage":7,"enemies":"3 Louse","floor":15,"turns":4},{"damage":47,"enemies":"downfall:Silent","floor":16,"turns":24}],"seed_played":"-8149602208006714125","potions_obtained":[{"floor":2,"key":"Cursed Concoction"},{"floor":4,"key":"blueLaboratory:PhilterOfMotion"},{"floor":13,"key":"SmokeBomb"}],"is_trial":false,"path_per_floor":["R","M","?","M","M","R","T","R","E","?","$","?","M","$","M","B"],"character_chosen":"THE_CHAMP","items_purchased":["Replay:Bootleg Shield Generator"],"campfire_rested":0,"item_purchase_floors":[14],"current_hp_per_floor":[90,85,85,85,80,80,80,80,59,59,55,55,51,51,46,0,0,0],"gold":14,"neow_bonus":"THREE_RARE_CARDS","is_daily":false,"chose_seed":false,"campfire_upgraded":3,"win_rate":0.0,"timestamp":1609190769,"path_taken":["R","M","?","?","M","R","T","R","E","?","$","?","M","$","M","BOSS"],"items_purchased_type":["Card"],"build_version":"2020-12-22","purchased_purges":1,"victory":false,"max_hp_per_floor":[90,90,90,90,90,90,90,90,90,90,90,90,90,90,90,90,90,90],"relic_stats":{"counters":[9,61],"obtain_stats":[{"Replay:M_StaffOfTheSnake":12,"champ:ChampionCrown":0,"Simple Rune":9,"infinitespire:Cubic Diamond":12,"Toy Ornithopter":7},{"Replay:M_StaffOfTheSnake":5,"champ:ChampionCrown":0,"Simple Rune":4,"infinitespire:Cubic Diamond":5,"Toy Ornithopter":3},{"Replay:M_StaffOfTheSnake":26,"champ:ChampionCrown":0,"Simple Rune":22,"infinitespire:Cubic Diamond":26,"Toy Ornithopter":13}],"Toy Ornithopter":0},"card_choices":[{"not_picked":["champ:MurderStrike","champ:HeavySlash"],"picked":"champ:PerfectForm","floor":0},{"not_picked":["champ:RapidStrikes","champ:Lariat"],"picked":"champ:Backstep","floor":2},{"not_picked":["champ:Haymaker","champ:EnGarde"],"picked":"champ:Circumvent","floor":4},{"not_picked":["champ:Haymaker","champ:GutPunch"],"picked":"champ:Encircle","floor":5},{"not_picked":["champ:GutPunch","champ:CrookedStrike"],"picked":"champ:Duel","floor":9},{"not_picked":["champ:EndlessRage","champ:AdrenalArmor"],"picked":"champ:FlashCut","floor":11},{"not_picked":["Flying Knee","Predator"],"picked":"champ:IgnorePain","floor":13},{"not_picked":["Acrobatics","champ:Backstep"],"picked":"champ:ViciousMockery","floor":14},{"not_picked":["champ:FocusedBerserking","champ:RecklessLeap"],"picked":"TalkToTheHand","floor":15}],"player_experience":1264089,"relics_obtained":[{"floor":7,"key":"Toy Ornithopter"},{"floor":9,"key":"Simple Rune"}],"event_choices":[{"damage_healed":0,"gold_gain":0,"cards_transformed":["champ:Strike"],"player_choice":"Transformed","damage_taken":0,"max_hp_gain":0,"max_hp_loss":0,"event_name":"Transmorgrifier","floor":3,"gold_loss":0,"cards_obtained":["champ:Devastate"]}],"is_beta":false,"boss_relics":[],"items_purged_floors":[11],"is_endless":false,"potions_floor_spawned":[2,4,13],"killed_by":"downfall:Silent","ascension_level":1}}