{"host":"nlt3cun66idbuazp","time":1609127446,"event":{"mods":["2.2 Compatiblity","Act Like it!","Aspiration","BaseMod","Better Altar","Better Match","Better Skull","Better Third Choice","BetterRewards","Downfall","Hermit","Hubris","Jorbs\u0027s Wanderer Trilogy","Koishi","Minty Spire (QoL Compilation)","Prisma Mod","Rare Cards Sparkle","Shade Mod","Spicy Shops","StSLib","The Animator","The Construct","The Disciple","The Gatherer","The Marked","vexMod"],"gold_per_floor":[116,134,134,134,318,318,318,356,356,369,76,76,51,85,85,194,194,194,194],"floor_reached":18,"playtime":2191,"items_purged":[],"score":208,"play_id":"8927f117-f5f2-41f5-b6d7-dcfa6f12d35b","local_time":"20201227225046","daily_mods":["Vintage","Allstar","Heirloom","Time Dilation","Flight"],"is_ascension_mode":false,"campfire_choices":[{"data":"DevaForm","floor":6,"key":"SMITH"},{"floor":12,"key":"REST"},{"data":"Magnetism","floor":15,"key":"SMITH"}],"circlet_count":0,"master_deck":["Demon Form","Wraith Form v2","Echo Form","DevaForm+1","Gatherer:BomberForm","stsjorbsmod:ArcaneForm+1","hexamod:ParanormalForm","construct:SiegeForm","OracleForm","sneckomod:SerpentMind","Guardian:ConstructionForm","stsjorbsmod:WastingForm","Slimebound:DuplicatedForm","expansioncontent:SuperHexaguard","Good Instincts","expansioncontent:AwakenDeath","Magnetism+1","expansioncontent:QuickStudy","Doubt","theMarked:RepellingDischarge","theMarked:TakeOffHeels"],"relics":["theMarked:ArtifactOfAir","theMarked:KettuFlask","construct:FoamFinger","CeramicFish","hubris:Icosahedron","Eternal Feather","vexMod:MemoryStick","hubris:Reverence","aspiration:HiddenCompartment","aspiration:Nostalgia","Gatherer:AlchemyBag","Anchor","PreservedInsect","vexMod:BigBerry"],"acts_visited":["Exordium","TheCity"],"potions_floor_usage":[8,16,16,16,16],"damage_taken":[{"damage":10,"enemies":"Cultist","floor":1,"turns":8},{"damage":14,"enemies":"2 Louse","floor":2,"turns":5},{"damage":15,"enemies":"Gremlin Nob","floor":8,"turns":7},{"damage":7,"enemies":"Jaw Worm","floor":10,"turns":7},{"damage":27,"enemies":"Large Slime","floor":14,"turns":7},{"damage":63,"enemies":"Hexaghost","floor":16,"turns":7},{"damage":9,"enemies":"3 Byrds","floor":18,"turns":4}],"seed_played":"293640671187391894","potions_obtained":[{"floor":1,"key":"BlessingOfTheForge"},{"floor":14,"key":"EntropicBrew"}],"is_trial":true,"path_per_floor":["M","M","?","?","?","R","T","E","T","M","$","R","?","M","R","B",null,"M"],"character_chosen":"THE_DEFAULT","items_purchased":["aspiration:Nostalgia","Anchor"],"campfire_rested":1,"item_purchase_floors":[11,11],"current_hp_per_floor":[69,55,55,55,55,55,55,40,40,33,33,66,66,54,66,18,100,91,91],"gold":194,"neow_bonus":"","is_daily":false,"chose_seed":false,"campfire_upgraded":2,"win_rate":0.0,"timestamp":1609127446,"path_taken":["M","?","?","?","?","R","?","E","T","?","$","R","?","M","R","BOSS","M"],"items_purchased_type":["Relic","Relic"],"build_version":"2020-12-22","purchased_purges":0,"victory":false,"max_hp_per_floor":[70,70,70,70,70,70,70,70,70,70,70,70,70,70,70,70,100,100,100],"card_choices":[{"not_picked":["theMarked:Frustration","theMarked:TwofoldDefense"],"picked":"theMarked:RepellingDischarge","floor":8},{"not_picked":["theMarked:MuscleMemory","theMarked:SuspiciousRaven"],"picked":"theMarked:TakeOffHeels","floor":16}],"player_experience":147706,"relics_obtained":[{"floor":1,"key":"construct:FoamFinger"},{"floor":2,"key":"CeramicFish"},{"floor":7,"key":"Eternal Feather"},{"floor":8,"key":"vexMod:MemoryStick"},{"floor":9,"key":"hubris:Reverence"},{"floor":10,"key":"aspiration:HiddenCompartment"},{"floor":14,"key":"PreservedInsect"}],"event_choices":[{"damage_healed":0,"gold_gain":0,"player_choice":"Grow","damage_taken":0,"max_hp_gain":0,"max_hp_loss":0,"event_name":"Living Wall","floor":3,"gold_loss":0,"cards_upgraded":["stsjorbsmod:ArcaneForm"]},{"damage_healed":0,"gold_gain":175,"player_choice":"AGREE","damage_taken":134,"max_hp_gain":0,"max_hp_loss":0,"event_name":"betterThird:BetterSerpent","floor":5,"gold_loss":0}],"is_beta":false,"boss_relics":[{"not_picked":["vexMod:EndlessSickness","aspiration:RandomNobGenerator"],"picked":"vexMod:BigBerry"}],"items_purged_floors":[],"is_endless":true,"potions_floor_spawned":[1,14],"killed_by":"3 Byrds","ascension_level":0}}