{"host":"Shugu","time":1609154852,"event":{"mods":["BaseMod","Colored Powertips","Minty Spire (QoL Compilation)","Waifu the Spire"],"gold_per_floor":[117,128,128,53,67,67,99,99,123,136,164,164,175,190,190,295,295,295,195,195,195,195,195,195,70,70,70,70,70,70,70,70,70,70],"floor_reached":33,"playtime":1439,"items_purged":["Defend_R","Strike_R","Strike_R"],"score":391,"play_id":"e2693cd2-a3b2-418f-9290-7966e1c87cc9","local_time":"20201228192732","is_ascension_mode":true,"campfire_choices":[{"data":"Clash","floor":6.0,"key":"SMITH"},{"data":"Inflame","floor":8.0,"key":"SMITH"},{"data":"Sword Boomerang","floor":12.0,"key":"SMITH"},{"floor":15.0,"key":"REST"},{"data":"Corruption","floor":23.0,"key":"SMITH"},{"floor":29.0,"key":"REST"},{"data":"Clash","floor":32.0,"key":"SMITH"}],"circlet_count":0,"master_deck":["Strike_R","Strike_R","Defend_R","Defend_R","Defend_R+1","Bash","Clash+1","Dropkick","Inflame+1","Dual Wield+1","Sword Boomerang+1","Corruption+1","Ghostly Armor","Rampage+1","Clash","Shrug It Off","Clash+1"],"relics":["Burning Blood","Lizard Tail","War Paint","Potion Belt","Ectoplasm","Blood Vial","The Courier","MealTicket"],"acts_visited":["Exordium","TheCity"],"potions_floor_usage":[33,33],"damage_taken":[{"damage":6.0,"enemies":"Cultist","floor":1.0,"turns":3.0},{"damage":8.0,"enemies":"2 Louse","floor":2.0,"turns":2.0},{"damage":0.0,"enemies":"Small Slimes","floor":5.0,"turns":3.0},{"damage":25.0,"enemies":"Lagavulin","floor":7.0,"turns":6.0},{"damage":3.0,"enemies":"Blue Slaver","floor":10.0,"turns":2.0},{"damage":79.0,"enemies":"3 Sentries","floor":11.0,"turns":16.0},{"damage":6.0,"enemies":"2 Fungi Beasts","floor":13.0,"turns":2.0},{"damage":9.0,"enemies":"Red Slaver","floor":14.0,"turns":3.0},{"damage":30.0,"enemies":"The Guardian","floor":16.0,"turns":6.0},{"damage":23.0,"enemies":"Shell Parasite","floor":18.0,"turns":4.0},{"damage":7.0,"enemies":"Chosen","floor":20.0,"turns":3.0},{"damage":16.0,"enemies":"3 Cultists","floor":22.0,"turns":5.0},{"damage":11.0,"enemies":"Snake Plant","floor":24.0,"turns":3.0},{"damage":34.0,"enemies":"Slavers","floor":27.0,"turns":4.0},{"damage":10.0,"enemies":"Chosen and Byrds","floor":30.0,"turns":5.0},{"damage":13.0,"enemies":"Centurion and Healer","floor":31.0,"turns":3.0},{"damage":38,"enemies":"Champ","floor":33,"turns":5}],"seed_played":"-1513804685028049026","potions_obtained":[{"floor":1.0,"key":"Dexterity Potion"},{"floor":5.0,"key":"Regen Potion"},{"floor":7.0,"key":"Ancient Potion"},{"floor":18.0,"key":"SpeedPotion"},{"floor":27.0,"key":"LiquidBronze"},{"floor":30.0,"key":"Regen Potion"}],"is_trial":false,"path_per_floor":["M","M","?","$","M","R","E","R","T","M","E","R","M","M","R","B",null,"M","$","M","?","M","R","M","$","T","E","?","R","M","M","R","B"],"character_chosen":"IRONCLAD","items_purchased":[],"campfire_rested":2,"item_purchase_floors":[],"current_hp_per_floor":[51,49,49,49,55,55,36,36,36,39,22,22,22,19,43,19,65,48,48,47,47,39,39,36,36,36,10,10,34,32,27,27,6,6],"gold":70,"neow_bonus":"ONE_RARE_RELIC","is_daily":false,"chose_seed":false,"campfire_upgraded":5,"win_rate":0.0,"timestamp":1609154852,"path_taken":["M","M","?","$","?","R","E","R","T","M","E","R","M","M","R","BOSS","M","$","M","?","M","R","M","$","T","E","?","R","M","M","R","BOSS"],"items_purchased_type":[],"build_version":"2020-12-18","purchased_purges":3,"victory":false,"max_hp_per_floor":[80,80,80,80,80,80,80,80,80,80,80,80,80,80,80,80,80,80,80,80,80,80,80,80,80,80,80,80,80,80,80,80,80,80],"card_choices":[{"not_picked":["Blood for Blood","Clothesline"],"picked":"Clash","floor":1.0},{"not_picked":["Thunderclap","Infernal Blade"],"picked":"Dropkick","floor":2.0},{"not_picked":["True Grit","Sever Soul"],"picked":"Inflame","floor":5.0},{"not_picked":["Heavy Blade","Pommel Strike"],"picked":"Dual Wield","floor":7.0},{"not_picked":["Second Wind","Anger","Twin Strike"],"picked":"SKIP","floor":10.0},{"not_picked":["Armaments","Warcry"],"picked":"Sword Boomerang","floor":11.0},{"not_picked":["Clothesline","Twin Strike","Pommel Strike"],"picked":"SKIP","floor":13.0},{"not_picked":["Evolve","Bludgeon","Clothesline"],"picked":"SKIP","floor":14.0},{"not_picked":["Impervious","Immolate"],"picked":"Corruption","floor":16.0},{"not_picked":["Carnage+1","Body Slam"],"picked":"Ghostly Armor","floor":18.0},{"not_picked":["Anger","Pommel Strike"],"picked":"Rampage+1","floor":20.0},{"not_picked":["Pummel+1","Clothesline"],"picked":"Clash","floor":22.0},{"not_picked":["Burning Pact+1","Inflame"],"picked":"Shrug It Off","floor":24.0},{"not_picked":["Sentinel","Pommel Strike+1"],"picked":"Clash","floor":27.0},{"not_picked":["True Grit","Flame Barrier","Reckless Charge"],"picked":"SKIP","floor":30.0},{"not_picked":["Perfected Strike","Disarm","Body Slam"],"picked":"SKIP","floor":31.0}],"player_experience":362000,"relics_obtained":[{"floor":7.0,"key":"War Paint"},{"floor":11.0,"key":"Potion Belt"},{"floor":26.0,"key":"The Courier"},{"floor":27.0,"key":"MealTicket"}],"event_choices":[{"cards_removed":["Strike_R"],"damage_healed":0.0,"max_hp_gain":0.0,"max_hp_loss":0.0,"gold_gain":0.0,"event_name":"Bonfire Elementals","player_choice":"Offered Basic","floor":3.0,"gold_loss":0.0,"damage_taken":0.0},{"damage_healed":0.0,"max_hp_gain":0.0,"max_hp_loss":0.0,"gold_gain":0.0,"event_name":"The Mausoleum","player_choice":"Opened","floor":21.0,"gold_loss":0.0,"damage_taken":0.0,"relics_obtained":["Blood Vial"]},{"damage_healed":0.0,"max_hp_gain":0.0,"max_hp_loss":0.0,"gold_gain":100.0,"event_name":"Golden Shrine","player_choice":"Pray","floor":28.0,"gold_loss":0.0,"damage_taken":0.0}],"is_beta":true,"boss_relics":[{"not_picked":["Runic Cube","Velvet Choker"],"picked":"Ectoplasm"}],"items_purged_floors":[4,19,25],"is_endless":false,"potions_floor_spawned":[1,5,7,18,27,30],"killed_by":"Champ","ascension_level":8}}