{"host":"91blwi3hgehj6ch9","time":1609184537,"event":{"mods":["2.2 Compatiblity","AchievementEnabler","BaseMod","Colored Map","DeckTracker","Keyboard Shortcuts","Minty Spire (QoL Compilation)","Permanent Neow","Quick Restart","StSLib","SuperFastMode"],"gold_per_floor":[112,12,12,28,39,72,72,72,72,89,39,65,65,77,77,181,181,192,217,229,243,243,243,243,243],"floor_reached":24,"playtime":750,"items_purged":["Strike_B"],"score":241,"play_id":"c30fc90c-2823-4120-a52a-826600fdd8e7","local_time":"20201229044217","is_ascension_mode":true,"campfire_choices":[{"data":"Dualcast","floor":7.0,"key":"SMITH"},{"data":"Reboot","floor":15.0,"key":"SMITH"},{"data":"Conserve Battery","floor":23,"key":"SMITH"}],"circlet_count":0,"master_deck":["Strike_B+1","Strike_B+1","Defend_B","Defend_B","Defend_B","Dualcast+1","Gash","Gash","Streamline","Leap","Gash","Reboot+1","Compile Driver","Seek","Coolheaded","Conserve Battery+1","Gash","Rebound"],"relics":["Cracked Core","Whetstone","Singing Bowl","Kunai","Omamori","Frozen Egg 2","Philosopher\u0027s Stone","Red Mask"],"acts_visited":["Exordium","TheCity"],"potions_floor_usage":[16,16,16,24],"damage_taken":[{"damage":5.0,"enemies":"Small Slimes","floor":1.0,"turns":2.0},{"damage":2.0,"enemies":"2 Louse","floor":4.0,"turns":2.0},{"damage":0.0,"enemies":"Cultist","floor":5.0,"turns":2.0},{"damage":14.0,"enemies":"Gremlin Nob","floor":6.0,"turns":3.0},{"damage":10.0,"enemies":"Looter","floor":10.0,"turns":2.0},{"damage":11.0,"enemies":"Lagavulin","floor":12.0,"turns":5.0},{"damage":8.0,"enemies":"Blue Slaver","floor":14.0,"turns":3.0},{"damage":12,"enemies":"The Guardian","floor":16,"turns":10},{"damage":23,"enemies":"2 Thieves","floor":18,"turns":3},{"damage":0,"enemies":"Masked Bandits","floor":19,"turns":3},{"damage":8,"enemies":"Spheric Guardian","floor":20,"turns":4},{"damage":24,"enemies":"Snake Plant","floor":21,"turns":5},{"damage":22,"enemies":"Cultist and Chosen","floor":24,"turns":4}],"seed_played":"-4303447580541203394","potions_obtained":[{"floor":1.0,"key":"AttackPotion"},{"floor":5.0,"key":"BlessingOfTheForge"},{"floor":10.0,"key":"SteroidPotion"},{"floor":20,"key":"SteroidPotion"},{"floor":21,"key":"PowerPotion"}],"is_trial":false,"path_per_floor":["M","$","?","M","M","E","R","?","T","M","?","E","T","M","R","B",null,"M","?","M","M","?","R","M"],"character_chosen":"DEFECT","items_purchased":["Gash"],"campfire_rested":0,"item_purchase_floors":[2],"current_hp_per_floor":[70,70,70,68,68,56,56,56,56,46,46,35,35,27,27,15,77,54,54,46,22,22,22,0,0],"gold":243,"neow_bonus":"RANDOM_COMMON_RELIC","is_daily":false,"chose_seed":false,"campfire_upgraded":3,"win_rate":0.0,"timestamp":1609184537,"path_taken":["M","$","?","M","M","E","R","?","T","M","?","E","?","M","R","BOSS","M","?","M","M","?","R","M"],"items_purchased_type":["Card"],"build_version":"2020-12-22","purchased_purges":1,"victory":false,"max_hp_per_floor":[75,75,75,75,75,77,77,77,77,77,77,77,77,77,77,77,77,77,77,77,77,77,77,77,77],"card_choices":[{"not_picked":["Scrape","Ball Lightning"],"picked":"Gash","floor":1.0},{"not_picked":["Barrage","Ball Lightning"],"picked":"Streamline","floor":4.0},{"not_picked":["Blizzard","Consume"],"picked":"Leap","floor":5.0},{"not_picked":["Steam","Leap","Lockon"],"picked":"Singing Bowl","floor":6.0},{"not_picked":["Leap","Defragment"],"picked":"Gash","floor":10.0},{"not_picked":["Compile Driver","Gash"],"picked":"Reboot","floor":12.0},{"not_picked":["Beam Cell","Defragment+1"],"picked":"Compile Driver","floor":14.0},{"not_picked":["Creative AI+1","Hyperbeam"],"picked":"Seek","floor":16},{"not_picked":["Gash","Ball Lightning"],"picked":"Coolheaded","floor":18},{"not_picked":["Streamline","Darkness"],"picked":"Conserve Battery","floor":19},{"not_picked":["Go for the Eyes","Defragment+1"],"picked":"Gash","floor":20},{"not_picked":["Meteor Strike","Turbo"],"picked":"Rebound","floor":21}],"player_experience":121353,"relics_obtained":[{"floor":6.0,"key":"Singing Bowl"},{"floor":9.0,"key":"Kunai"},{"floor":12.0,"key":"Omamori"},{"floor":13.0,"key":"Frozen Egg 2"},{"floor":19,"key":"Red Mask"}],"event_choices":[{"cards_removed":["Defend_B"],"damage_healed":0.0,"max_hp_gain":0.0,"max_hp_loss":0.0,"gold_gain":0.0,"event_name":"Living Wall","player_choice":"Forget","floor":3.0,"gold_loss":0.0,"damage_taken":0.0},{"damage_healed":0.0,"max_hp_gain":0.0,"max_hp_loss":0.0,"gold_gain":0.0,"event_name":"Liars Game","player_choice":"Ignored","floor":8.0,"gold_loss":0.0,"damage_taken":0.0},{"cards_removed":["Strike_B"],"damage_healed":0.0,"max_hp_gain":0.0,"max_hp_loss":0.0,"gold_gain":0.0,"event_name":"The Cleric","player_choice":"Card Removal","floor":11.0,"gold_loss":50.0,"damage_taken":0.0},{"damage_healed":0,"gold_gain":0,"player_choice":"Fought Bandits","damage_taken":0,"max_hp_gain":0,"max_hp_loss":0,"event_name":"Masked Bandits","floor":19,"gold_loss":0},{"cards_removed":["Zap"],"damage_healed":0,"gold_gain":0,"player_choice":"Elegance","damage_taken":0,"max_hp_gain":0,"max_hp_loss":0,"event_name":"Back to Basics","floor":22,"gold_loss":0}],"is_beta":false,"boss_relics":[{"not_picked":["Velvet Choker","Inserter"],"picked":"Philosopher\u0027s Stone"}],"items_purged_floors":[2],"is_endless":false,"potions_floor_spawned":[1,5,10,12,20,21],"killed_by":"Cultist and Chosen","ascension_level":1}}