{"host":"w3q5ijqu8eoknil3","time":1609196767,"event":{"mods":["AchievementEnabler","BaseMod","Block Reminder","Colored Powertips","Minty Spire (QoL Compilation)","Quick Restart","Relic Stats","ojb\u0027s Better Paths Mod","ojb\u0027s Info Mod","slay the spire mod where everything is the same but ironclad has a cowboy hat"],"gold_per_floor":[112,58,58,58,73,73,104,119,119,138,138,169,169,444,444,522,522,479,496,513,526,15,15,15],"floor_reached":23,"playtime":755,"items_purged":["Regret"],"score":452,"play_id":"ef5a2682-fde7-434a-b661-eee2a99bf420","local_time":"20201228230607","is_ascension_mode":true,"campfire_choices":[{"data":"Armaments","floor":6,"key":"SMITH"},{"data":"Spot Weakness","floor":11,"key":"SMITH"},{"data":"Metallicize","floor":13,"key":"SMITH"},{"floor":15,"key":"REST"}],"circlet_count":0,"master_deck":["AscendersBane","Strike_R","Strike_R","Strike_R","Defend_R","Defend_R","Defend_R","Defend_R","Bash","Pommel Strike","Cleave","Spot Weakness+1","Armaments+1","Demon Form","Pommel Strike","Metallicize+1","Thunderclap","Impervious","Flex+1","Wild Strike","Feel No Pain","Seeing Red"],"relics":["Burning Blood","NeowsBlessing","Matryoshka","Boot","Champion Belt","HornCleat","Philosopher\u0027s Stone","Self Forming Clay","Toolbox"],"acts_visited":["Exordium","TheCity"],"potions_floor_usage":[8,12,18,20,21],"damage_taken":[{"damage":0,"enemies":"Small Slimes","floor":1,"turns":1},{"damage":0,"enemies":"Jaw Worm","floor":5,"turns":1},{"damage":0,"enemies":"Lagavulin","floor":7,"turns":1},{"damage":0,"enemies":"Cultist","floor":8,"turns":4},{"damage":12,"enemies":"Looter","floor":10,"turns":3},{"damage":44,"enemies":"Gremlin Nob","floor":12,"turns":5},{"damage":31,"enemies":"Hexaghost","floor":16,"turns":8},{"damage":17,"enemies":"2 Thieves","floor":18,"turns":5},{"damage":0,"enemies":"Spheric Guardian","floor":19,"turns":4},{"damage":28,"enemies":"Chosen and Byrds","floor":20,"turns":6},{"damage":33,"enemies":"Snake Plant","floor":21,"turns":5},{"damage":15,"enemies":"Book of Stabbing","floor":23,"turns":4}],"seed_played":"6732597087289103199","potions_obtained":[{"floor":5,"key":"FearPotion"},{"floor":7,"key":"Dexterity Potion"},{"floor":10,"key":"Regen Potion"},{"floor":18,"key":"AttackPotion"},{"floor":19,"key":"ColorlessPotion"}],"is_trial":false,"path_per_floor":["M","$","?","?","M","R","E","M","T","M","R","E","R","?","R","B",null,"M","M","M","M","$","E"],"character_chosen":"IRONCLAD","items_purchased":["Cleave","Self Forming Clay","Toolbox"],"campfire_rested":1,"item_purchase_floors":[2,22,22],"current_hp_per_floor":[74,74,67,67,73,73,75,75,75,69,69,36,36,36,58,33,65,54,60,38,11,11,0,0],"gold":15,"neow_bonus":"THREE_ENEMY_KILL","is_daily":false,"chose_seed":false,"campfire_upgraded":3,"win_rate":0.0,"timestamp":1609196767,"path_taken":["M","$","?","?","?","R","E","M","T","M","R","E","R","?","R","BOSS","M","?","M","M","$","E"],"items_purchased_type":["Card","Relic","Relic"],"build_version":"2020-12-22","purchased_purges":1,"victory":false,"max_hp_per_floor":[75,75,75,75,75,75,75,75,75,75,75,75,75,75,75,75,75,75,75,75,75,75,75,75],"relic_stats":{"counters":[12,47],"Self Forming Clay":[3],"Champion Belt":[17],"Boot":[11],"obtain_stats":[{"Matryoshka":7,"HornCleat":12,"NeowsBlessing":0,"Self Forming Clay":22,"Toolbox":22,"Philosopher\u0027s Stone":17,"Champion Belt":9,"Boot":9,"Burning Blood":0},{"Matryoshka":3,"HornCleat":6,"NeowsBlessing":0,"Self Forming Clay":11,"Toolbox":11,"Philosopher\u0027s Stone":7,"Champion Belt":4,"Boot":4,"Burning Blood":0},{"Matryoshka":3,"HornCleat":15,"NeowsBlessing":0,"Self Forming Clay":43,"Toolbox":43,"Philosopher\u0027s Stone":23,"Champion Belt":7,"Boot":7,"Burning Blood":0}],"Burning Blood":56},"card_choices":[{"not_picked":["Twin Strike","Heavy Blade"],"picked":"Pommel Strike","floor":1},{"not_picked":["Anger","Thunderclap"],"picked":"Armaments","floor":5},{"not_picked":["Warcry","Rage"],"picked":"Demon Form","floor":7},{"not_picked":["Body Slam","Warcry"],"picked":"Pommel Strike","floor":8},{"not_picked":["Shrug It Off","True Grit"],"picked":"Metallicize","floor":10},{"not_picked":["Blood for Blood","Cleave"],"picked":"Thunderclap","floor":12},{"not_picked":["Berserk","Exhume"],"picked":"Impervious","floor":16},{"not_picked":["Intimidate","Thunderclap"],"picked":"Flex+1","floor":18},{"not_picked":["Sentinel+1","Headbutt"],"picked":"Wild Strike","floor":19},{"not_picked":["Power Through","Disarm"],"picked":"Feel No Pain","floor":20},{"not_picked":["Sword Boomerang","Thunderclap"],"picked":"Seeing Red","floor":21}],"player_experience":950232,"relics_obtained":[{"floor":7,"key":"Matryoshka"},{"floor":9,"key":"Boot"},{"floor":9,"key":"Champion Belt"},{"floor":12,"key":"HornCleat"}],"event_choices":[{"cards_removed":["Strike_R"],"damage_healed":0,"gold_gain":0,"player_choice":"Card Removal","damage_taken":7,"max_hp_gain":0,"max_hp_loss":0,"event_name":"Golden Wing","floor":3,"gold_loss":0},{"damage_healed":0,"gold_gain":0,"cards_transformed":["Strike_R"],"player_choice":"Transformed","damage_taken":0,"max_hp_gain":0,"max_hp_loss":0,"event_name":"Transmorgrifier","floor":4,"gold_loss":0,"cards_obtained":["Spot Weakness"]},{"damage_healed":0,"gold_gain":275,"player_choice":"Desecrate","damage_taken":0,"max_hp_gain":0,"max_hp_loss":0,"event_name":"Golden Shrine","floor":14,"gold_loss":0,"cards_obtained":["Regret"]}],"is_beta":false,"boss_relics":[{"not_picked":["Mark of Pain","SacredBark"],"picked":"Philosopher\u0027s Stone"}],"items_purged_floors":[22],"is_endless":false,"potions_floor_spawned":[5,7,10,18,19],"killed_by":"Book of Stabbing","ascension_level":20}}