{"host":"s0ikvqhe10eopvjn","time":1609184540,"event":{"mods":["Act Like it!","Bard","BaseMod","Block Reminder","Colored Map","Colored Powertips","DeckTracker","Downfall","Halation","Hallownest","Hermit","Highlight Path","Hubris","Infinite Spire","Mad Scientist","Minty Spire (QoL Compilation)","Permanent Neow","Random Character Button","StSLib","The Blackbeard","The Blue Laboratory","The Bug Knight","The Cursed","The Disciple","The Mystic","The Necromancer","The Servant 0.9.4"],"gold_per_floor":[199,214,225,242,256,181,181,198,212,232,249,45,45,56,73,73,73,73],"floor_reached":16,"playtime":1267,"items_purged":[],"score":102,"play_id":"9e69db39-abf0-49ee-b619-1720fcf48d18","local_time":"20201228194220","is_ascension_mode":false,"campfire_choices":[{"floor":1,"key":"RECALL"},{"data":"hexamod:ThermalTransfer","floor":6,"key":"SMITH"}],"circlet_count":0,"master_deck":["hexamod:Strike","hexamod:Strike","hexamod:Strike","hexamod:Strike","hexamod:Defend","hexamod:Defend","hexamod:Defend","hexamod:Defend","hexamod:Sear","hexamod:Float","hexamod:RainOfEmbers","hexamod:FirstSeal","hexamod:ThermalTransfer+1","hexamod:Incineration","hexamod:SpectersWail","hexamod:HeatMetal","hexamod:HeatCrush","hexamod:FastForward","hexamod:GhostflameInferno","hexamod:ThirdSeal","hexamod:GhostOfSpirePresent","hexamod:ChargedBarrage","hexamod:NecessarySacrifice"],"relics":["hexamod:SpiritBrand","downfall:HeartBlessingRed","infinitespire:WardingShard","Membership Card"],"acts_visited":["Exordium"],"potions_floor_usage":[],"damage_taken":[{"damage":2,"enemies":"2 Louse","floor":2,"turns":3},{"damage":9,"enemies":"Jaw Worm","floor":3,"turns":4},{"damage":0,"enemies":"Small Slimes","floor":4,"turns":3},{"damage":2,"enemies":"3 Louse","floor":5,"turns":3},{"damage":0,"enemies":"Red Slaver","floor":8,"turns":3},{"damage":0,"enemies":"2 Fungi Beasts","floor":9,"turns":3},{"damage":18,"enemies":"Exordium Thugs","floor":10,"turns":3},{"damage":0,"enemies":"2 Fungi Beasts","floor":11,"turns":3},{"damage":0,"enemies":"downfall:FleeingMerchant","floor":12,"turns":4},{"damage":12,"enemies":"Blue Slaver","floor":13,"turns":3},{"damage":6,"enemies":"3 Louse","floor":14,"turns":2},{"damage":35,"enemies":"Exordium Thugs","floor":15,"turns":5},{"damage":36,"enemies":"downfall:Defect","floor":16,"turns":4}],"seed_played":"3399107204546035350","potions_obtained":[{"floor":2,"key":"SteroidPotion"},{"floor":5,"key":"blueLaboratory:BubblePotion"},{"floor":8,"key":"Ancient Potion"}],"is_trial":false,"path_per_floor":["R","M","M","M","M","R","T","M","M","M","M","$","M","M","M","B"],"character_chosen":"THE_SPIRIT","items_purchased":["Membership Card","hexamod:ThirdSeal"],"campfire_rested":0,"item_purchase_floors":[12,12],"current_hp_per_floor":[70,68,59,66,70,70,70,70,70,59,66,70,65,59,31,0,0,0],"gold":73,"neow_bonus":"HUNDRED_GOLD","is_daily":false,"chose_seed":false,"campfire_upgraded":1,"win_rate":0.0,"timestamp":1609184540,"path_taken":["R","M","M","M","M","R","T","M","M","M","M","$","M","M","M","BOSS"],"items_purchased_type":["Relic","Card"],"build_version":"2020-12-22","purchased_purges":0,"victory":false,"max_hp_per_floor":[70,70,70,70,70,70,70,70,70,70,70,70,70,70,70,70,70,70],"card_choices":[{"not_picked":["hexamod:GhostflameBarrier","hexamod:GhostOfSpirePast"],"picked":"hexamod:RainOfEmbers","floor":2},{"not_picked":["hexamod:AdvancingGuard","hexamod:Hexaguard"],"picked":"hexamod:FirstSeal","floor":3},{"not_picked":["hexamod:NightmareStrike","hexamod:RetreatToShadows"],"picked":"hexamod:ThermalTransfer","floor":4},{"not_picked":["hexamod:RetreatToShadows","hexamod:GhostOfSpirePast"],"picked":"hexamod:Incineration","floor":5},{"not_picked":["hexamod:GhostOfSpireFuture","hexamod:ChargedBarrage"],"picked":"hexamod:SpectersWail","floor":8},{"not_picked":["hexamod:NightmareGuise","hexamod:ShieldOfDarkness"],"picked":"hexamod:HeatMetal","floor":9},{"not_picked":["hexamod:Haunt","hexamod:NightmareGuise"],"picked":"hexamod:HeatCrush","floor":10},{"not_picked":["hexamod:NightmareStrike","hexamod:BurningTouch"],"picked":"hexamod:FastForward","floor":11},{"not_picked":["hexamod:StepThrough","hexamod:ExtraCrispy"],"picked":"hexamod:GhostflameInferno","floor":12},{"not_picked":["hexamod:BacktrackSmack","hexamod:RainOfEmbers","hexamod:Firestarter"],"picked":"SKIP","floor":13},{"not_picked":["hexamod:GhostLash","hexamod:AdvancingGuard","hexamod:NightmareGuise"],"picked":"SKIP","floor":13},{"not_picked":["hexamod:BacktrackSmack","hexamod:SwordOfDarkness"],"picked":"hexamod:GhostOfSpirePresent","floor":14},{"not_picked":["hexamod:SwordOfDarkness","hexamod:Hexaguard"],"picked":"hexamod:ChargedBarrage","floor":15},{"not_picked":["hexamod:SwordOfDarkness","hexamod:AdvancingGuard"],"picked":"hexamod:NecessarySacrifice","floor":15}],"player_experience":71545,"relics_obtained":[{"floor":7,"key":"infinitespire:WardingShard"}],"event_choices":[],"is_beta":false,"boss_relics":[],"items_purged_floors":[],"is_endless":false,"potions_floor_spawned":[2,5,8,9,15],"killed_by":"downfall:Defect","ascension_level":0}}