{"host":"0cnf9zf1gia27zti","time":1609115781,"event":{"mods":["BaseMod","BetterRewards","Card Forge","Colored Map","Colored Powertips","Conspire","Downfall","Minty Spire (QoL Compilation)","Practice Mode","Quick Restart","Replay The Spire","Robot Space Explorer","Shade Mod","Spicy Shops","StSLib"],"gold_per_floor":[119,69,69,97,113,113,131,131,156,166,166,166,1,1,1,79,79,109,109,125,31,59,74,74],"floor_reached":23,"playtime":672,"items_purged":["Strike_B","Strike_B"],"score":544,"play_id":"ca03af6c-93eb-4219-868b-b0ec092f1a4d","local_time":"20201228003621","is_ascension_mode":true,"campfire_choices":[{"data":"Scrape","floor":6,"key":"SMITH"},{"floor":15,"key":"REST"}],"circlet_count":0,"master_deck":["AscendersBane","Strike_B+1","Defend_B","Defend_B","Defend_B","Defend_B+1","Zap+1","Dualcast+1","Melter","Gash+1","Gash+1","Go for the Eyes+1","Scrape+1","Scrape","conspire:SpireCoStock","Steam","Beam Cell","Core Surge","Sweeping Beam","Skim","Conserve Battery+1"],"relics":["FrozenCore","Hammer of Thor","Seething Fire","Anvil of the Gods","Replay:Bottled Eggs","DollysMirror","Bag of Marbles","ReplayTheSpireMod:CursedCoin","Shuriken","Boot","Simple Rune","Toy Ornithopter","Blue Doll"],"acts_visited":["Exordium","TheCity"],"potions_floor_usage":[10,16,16,16,16,16],"damage_taken":[{"damage":0,"enemies":"Jaw Worm","floor":1,"turns":1},{"damage":0,"enemies":"Small Slimes","floor":4,"turns":2},{"damage":0,"enemies":"Cultist","floor":7,"turns":1},{"damage":0,"enemies":"3 Louse","floor":10,"turns":1},{"damage":1,"enemies":"The Guardian","floor":16,"turns":7},{"damage":0,"enemies":"Chosen","floor":18,"turns":3},{"damage":11,"enemies":"Shell Parasite","floor":20,"turns":3},{"damage":19,"enemies":"Cultist and Chosen","floor":22,"turns":5},{"damage":43,"enemies":"Slavers","floor":23,"turns":5}],"seed_played":"7239678833187675229","potions_obtained":[{"floor":7,"key":"Explosive Potion"},{"floor":8,"key":"EntropicBrew"},{"floor":10,"key":"EssenceOfSteel"}],"is_trial":false,"path_per_floor":["M","?","?","M","$","R","M","?","T","M","?","T","$","?","R","B",null,"M","$","M","$","M","E"],"character_chosen":"DEFECT","items_purchased":["Melter","Gash","Go for the Eyes+1","Replay:Bottled Eggs","Scrape","DollysMirror","Bag of Marbles","ReplayTheSpireMod:CursedCoin","Shuriken","Beam Cell","Blue Doll","Sweeping Beam","Skim"],"campfire_rested":1,"item_purchase_floors":[0,0,0,0,0,0,0,5,5,5,13,21,21],"current_hp_per_floor":[64,64,69,69,69,69,69,69,69,69,58,58,58,51,72,72,73,73,73,62,62,43,0,0],"gold":74,"neow_bonus":"","is_daily":false,"chose_seed":false,"campfire_upgraded":1,"win_rate":0.0,"timestamp":1609115781,"path_taken":["M","?","?","M","$","R","M","?","T","?","?","?","$","?","R","BOSS","M","$","M","$","M","E"],"items_purchased_type":["Card","Card","Card","Relic","Card","Relic","Relic","Relic","Relic","Card","Relic","Card","Card"],"build_version":"2020-12-22","purchased_purges":2,"victory":false,"max_hp_per_floor":[71,71,76,76,73,73,73,73,73,73,73,73,73,73,73,73,73,73,73,73,73,73,73,73],"card_choices":[{"not_picked":["ReplayTheSpireMod:Reroute Power","Genetic Algorithm","Leap"],"picked":"SKIP","floor":1},{"not_picked":["Stack","Loop"],"picked":"Steam","floor":4},{"not_picked":["Hologram","Leap","Static Discharge"],"picked":"SKIP","floor":7},{"not_picked":["Rainbow","Cold Snap","Leap"],"picked":"SKIP","floor":10},{"not_picked":["Multi-Cast","Buffer"],"picked":"Core Surge","floor":16},{"not_picked":["Ball Lightning","Stack","BasicCrystalCard"],"picked":"SKIP","floor":18},{"not_picked":["Heatsinks","Hologram","Rebound"],"picked":"SKIP","floor":20},{"not_picked":["Streamline+1","Electrodynamics"],"picked":"Conserve Battery+1","floor":22}],"player_experience":2655385,"relics_obtained":[{"floor":9,"key":"Boot"},{"floor":12,"key":"Toy Ornithopter"}],"event_choices":[{"damage_healed":0,"gold_gain":0,"player_choice":"Invest 1","damage_taken":0,"max_hp_gain":0,"max_hp_loss":0,"event_name":"conspire:Investor","floor":2,"gold_loss":0},{"damage_healed":0,"gold_gain":0,"player_choice":"Donut","damage_taken":0,"max_hp_gain":5,"max_hp_loss":0,"event_name":"Big Fish","floor":3,"gold_loss":0},{"damage_healed":0,"gold_gain":0,"player_choice":"Got Potions","damage_taken":0,"max_hp_gain":0,"max_hp_loss":0,"event_name":"Lab","floor":8,"gold_loss":0},{"damage_healed":0,"gold_gain":0,"player_choice":"Success","damage_taken":11,"relics_obtained":["Simple Rune"],"max_hp_gain":0,"max_hp_loss":0,"event_name":"Scrap Ooze","floor":11,"gold_loss":0},{"cards_removed":["Strike_B"],"damage_healed":0,"gold_gain":0,"player_choice":"Card Removal","damage_taken":7,"max_hp_gain":0,"max_hp_loss":0,"event_name":"Golden Wing","floor":14,"gold_loss":0}],"is_beta":false,"boss_relics":[{"not_picked":["Fusion Hammer","Philosopher\u0027s Stone"],"picked":"FrozenCore"}],"items_purged_floors":[0,0],"is_endless":false,"potions_floor_spawned":[7,10],"killed_by":"Slavers","ascension_level":19}}