{"host":"6vv0uythevi5qk1w","time":1609172668,"event":{"mods":["Act Like it!","BaseMod","Downfall","Gensokyo","Minty Spire (QoL Compilation)","Remilia£®¿Ÿ√◊¿Ú—«£©","StSLib"],"gold_per_floor":[115,115,115,115,127,127,153,171,171,171,171,191,191,102,102,102,102],"floor_reached":16,"playtime":875,"items_purged":[],"score":160,"play_id":"e6041a28-b041-457f-9dbd-f460f2a0a410","local_time":"20201229002428","is_ascension_mode":true,"campfire_choices":[{"data":"Feel No Pain","floor":6,"key":"SMITH"},{"data":"Havoc","floor":11,"key":"SMITH"},{"data":"Bloodletting","floor":15,"key":"SMITH"}],"circlet_count":0,"master_deck":["AscendersBane","Strike_R","Strike_R","Strike_R","Strike_R","Strike_R","Defend_R","Defend_R","Defend_R","Defend_R","Bash","Gensokyo:ImpossibleRequest","Feel No Pain+1","Bloodletting+1","Havoc+1","Gensokyo:TarnishedGold","Gensokyo:RustyChest","Gensokyo:ScrapIron"],"relics":["Burning Blood","Champion Belt","Strawberry","Unceasing Top","FossilizedHelix","Prayer Wheel"],"acts_visited":["Exordium"],"potions_floor_usage":[12,16],"damage_taken":[{"damage":7.0,"enemies":"Gensokyo:Python","floor":1.0,"turns":4.0},{"damage":18,"enemies":"Gensokyo:3_Fairies","floor":5,"turns":6},{"damage":21,"enemies":"Gensokyo:Mamizou","floor":7,"turns":11},{"damage":15,"enemies":"Gensokyo:2_Kodama","floor":8,"turns":5},{"damage":17,"enemies":"Gensokyo:Gryphon_and_Rabbit","floor":12,"turns":8},{"damage":45,"enemies":"Gensokyo:Kokoro","floor":16,"turns":13}],"seed_played":"-2277629860612029275","potions_obtained":[{"floor":7,"key":"hexamod:EctoCoolerPotion"},{"floor":8,"key":"SmokeBomb"},{"floor":12,"key":"FearPotion"}],"is_trial":false,"path_per_floor":["M","?","?","?","M","R","E","M","T","?","R","M","T","COS","R","B"],"character_chosen":"IRONCLAD","items_purchased":[],"campfire_rested":0,"item_purchase_floors":[],"current_hp_per_floor":[67,64,82,90,78,78,63,54,54,54,54,43,43,43,43,0,0],"gold":102,"neow_bonus":"ONE_RARE_RELIC","is_daily":false,"chose_seed":false,"campfire_upgraded":3,"win_rate":0.0,"timestamp":1609172668,"path_taken":["M","?","?","?","M","R","E","?","T","?","R","M","?","COS","R","BOSS"],"items_purchased_type":[],"build_version":"2020-12-22","purchased_purges":0,"victory":false,"max_hp_per_floor":[75,82,82,90,90,90,90,90,90,90,90,90,90,90,90,90,90],"card_choices":[{"not_picked":["Headbutt","Clothesline"],"picked":"Feel No Pain","floor":1.0},{"not_picked":["True Grit","Clash","Perfected Strike"],"picked":"SKIP","floor":5},{"not_picked":["True Grit","Clash","Perfected Strike"],"picked":"SKIP","floor":5},{"not_picked":["Rampage","Pommel Strike"],"picked":"Bloodletting","floor":7},{"not_picked":["Sword Boomerang","Cleave"],"picked":"Havoc","floor":8},{"not_picked":["Iron Wave","Havoc","Headbutt"],"picked":"SKIP","floor":12}],"player_experience":446088,"relics_obtained":[{"floor":7,"key":"Unceasing Top"},{"floor":9,"key":"FossilizedHelix"},{"floor":13,"key":"Prayer Wheel"}],"event_choices":[],"is_beta":false,"boss_relics":[],"items_purged_floors":[],"is_endless":false,"potions_floor_spawned":[7,8,12],"killed_by":"Gensokyo:Kokoro","ascension_level":14}}