{"host":"9pqy5lt7vda52ebm","time":1609195429,"event":{"mods":["BaseMod","Minty Spire (QoL Compilation)","Optimize The Spire","Quick Restart","StSLib","The Marked"],"gold_per_floor":[112,124,124,124,141,141,169,183,183,216,216,243,243,273,273,372,372,388,403,328,328,345,371,371,371,419,124,142,142,18,34,34,134,134,152,162,178,78,96,96,124,141,141,141,170,13,40,50,50,50],"floor_reached":51,"playtime":8783,"items_purged":["theMarked:Strike","theMarked:Strike"],"score":1118,"play_id":"8ffb4553-f394-4542-9c38-67308bc48291","local_time":"20201228174349","is_ascension_mode":true,"campfire_choices":[{"data":"theMarked:SoldierOfQuellstein","floor":6.0,"key":"SMITH"},{"data":"theMarked:PowerFlow","floor":11.0,"key":"SMITH"},{"data":"theMarked:Convert","floor":13.0,"key":"SMITH"},{"floor":15.0,"key":"REST"},{"floor":25.0,"key":"REST"},{"data":"theMarked:WastefulDefense","floor":29.0,"key":"SMITH"},{"data":"theMarked:WardOff","floor":32.0,"key":"SMITH"},{"data":"theMarked:Abjuration","floor":40.0,"key":"SMITH"},{"data":"theMarked:SuspiciousRaven","floor":44.0,"key":"SMITH"},{"data":"theMarked:Polarize","floor":49,"key":"SMITH"}],"circlet_count":0,"master_deck":["theMarked:Defend","theMarked:Defend","theMarked:Defend","theMarked:SoldierOfQuellstein+1","theMarked:Convert+1","theMarked:DeterminationOfTheMarked","theMarked:ElementalBlade","theMarked:GodGivenPower","theMarked:PowerFlow+1","theMarked:Abjuration+1","theMarked:HeritageOfTheMarked","theMarked:SelfDefenseTraining","theMarked:WastefulDefense+1","theMarked:ParalyzingBlade","theMarked:SuspiciousRaven+1","theMarked:WardOff+1","theMarked:FavorableWinds","theMarked:EnhanceMovement","theMarked:TwofoldDefense","theMarked:WardOff","theMarked:HeightenedSenses+1","theMarked:EnhanceMovement","theMarked:SuspiciousRaven+1","theMarked:Polarize+1"],"relics":["theMarked:ArtifactOfAir","Sundial","StoneCalendar","Calipers","Kunai","theMarked:KettuFlask","theMarked:Eyepatch","MealTicket","Omamori","FossilizedHelix","Sozu","Centennial Puzzle","Girya","Anchor","DollysMirror","Letter Opener"],"acts_visited":["Exordium","TheCity","TheBeyond"],"potions_floor_usage":[50],"damage_taken":[{"damage":0.0,"enemies":"2 Louse","floor":1.0,"turns":2.0},{"damage":2.0,"enemies":"Jaw Worm","floor":2.0,"turns":4.0},{"damage":1.0,"enemies":"Cultist","floor":5.0,"turns":3.0},{"damage":20.0,"enemies":"Gremlin Nob","floor":7.0,"turns":4.0},{"damage":0.0,"enemies":"Large Slime","floor":8.0,"turns":3.0},{"damage":15.0,"enemies":"Lagavulin","floor":10.0,"turns":5.0},{"damage":5.0,"enemies":"Gremlin Nob","floor":12.0,"turns":3.0},{"damage":0.0,"enemies":"Lagavulin","floor":14.0,"turns":4.0},{"damage":9.0,"enemies":"Hexaghost","floor":16.0,"turns":6.0},{"damage":11.0,"enemies":"Shell Parasite","floor":18.0,"turns":3.0},{"damage":2.0,"enemies":"Chosen","floor":19.0,"turns":3.0},{"damage":5.0,"enemies":"Snecko","floor":22.0,"turns":3.0},{"damage":51.0,"enemies":"Slavers","floor":23.0,"turns":7.0},{"damage":0.0,"enemies":"Centurion and Healer","floor":28.0,"turns":6.0},{"damage":0.0,"enemies":"Cultist and Chosen","floor":31.0,"turns":5.0},{"damage":10.0,"enemies":"Automaton","floor":33.0,"turns":6.0},{"damage":3.0,"enemies":"3 Darklings","floor":35.0,"turns":5.0},{"damage":0.0,"enemies":"3 Shapes","floor":36.0,"turns":5.0},{"damage":0.0,"enemies":"Sphere and 2 Shapes","floor":37.0,"turns":6.0},{"damage":0.0,"enemies":"4 Shapes","floor":39.0,"turns":5.0},{"damage":0.0,"enemies":"Giant Head","floor":41.0,"turns":7.0},{"damage":0.0,"enemies":"3 Darklings","floor":42.0,"turns":6.0},{"damage":0,"enemies":"Nemesis","floor":45,"turns":9},{"damage":5,"enemies":"Reptomancer","floor":47,"turns":7},{"damage":0,"enemies":"Writhing Mass","floor":48,"turns":5},{"damage":0,"enemies":"Awakened One","floor":50,"turns":9}],"seed_played":"-4812223423683550673","potions_obtained":[{"floor":1.0,"key":"Block Potion"},{"floor":8.0,"key":"FearPotion"},{"floor":12.0,"key":"SkillPotion"},{"floor":14.0,"key":"theMarked:ChargePotion"},{"floor":16.0,"key":"SteroidPotion"},{"floor":18.0,"key":"Energy Potion"},{"floor":19.0,"key":"Regen Potion"},{"floor":33.0,"key":"ColorlessPotion"}],"is_trial":false,"path_per_floor":["M","M","?","?","M","R","E","M","T","E","R","E","R","E","R","B",null,"M","M","$","?","M","E","?","R","T","$","M","R","$","M","R","B",null,"M","M","M","$","M","R","E","M","T","R","E","$","E","M","R","B",null],"character_chosen":"THE_DEFAULT","items_purchased":["FossilizedHelix","theMarked:WardOff","theMarked:ChargePotion","DollysMirror"],"campfire_rested":2,"item_purchase_floors":[27,30,30,46],"current_hp_per_floor":[63,61,66,66,65,65,45,45,45,30,30,25,25,25,45,36,60,49,47,47,47,42,6,6,26,26,41,41,41,56,56,56,46,63,60,60,60,68,68,68,68,68,68,68,68,68,63,63,63,63],"gold":50,"neow_bonus":"REMOVE_TWO","is_daily":false,"chose_seed":false,"campfire_upgraded":8,"win_rate":0.0,"timestamp":1609195429,"path_taken":["M","M","?","?","M","R","E","?","T","E","R","E","R","E","R","BOSS","M","M","$","?","M","E","?","R","T","$","M","R","$","M","R","BOSS","M","M","M","$","M","R","E","M","T","R","E","?","E","M","R","BOSS"],"items_purchased_type":["Relic","Card","Potion","Relic"],"build_version":"2020-12-22","purchased_purges":2,"victory":true,"max_hp_per_floor":[63,63,68,68,68,68,68,68,68,68,68,68,68,68,68,68,68,68,68,68,68,68,68,68,68,68,68,68,68,68,68,68,68,68,68,68,68,68,68,68,68,68,68,68,68,68,68,68,68,68],"card_choices":[{"not_picked":["theMarked:Polarize","theMarked:EnhancedHearing"],"picked":"theMarked:Convert","floor":1.0},{"not_picked":["theMarked:Convert","theMarked:BanishingStrike"],"picked":"theMarked:DeterminationOfTheMarked","floor":2.0},{"not_picked":["theMarked:EmpowerWeapon","theMarked:Aftermath"],"picked":"theMarked:ElementalBlade","floor":5.0},{"not_picked":["theMarked:Improvise","theMarked:SummonStrength"],"picked":"theMarked:GodGivenPower","floor":7.0},{"not_picked":["theMarked:Parkour","theMarked:TwofoldDefense"],"picked":"theMarked:PowerFlow","floor":8.0},{"not_picked":["theMarked:Overthink","theMarked:Parkour","theMarked:ParalyzingBlade"],"picked":"SKIP","floor":10.0},{"not_picked":["theMarked:SwordAndMagic","theMarked:ResourceFulStrike","theMarked:GodGivenPower"],"picked":"SKIP","floor":12.0},{"not_picked":["theMarked:MaelstromOfLightning","theMarked:Vacuum","theMarked:ShockingTouch"],"picked":"SKIP","floor":14.0},{"not_picked":["theMarked:SuspiciousRaven","theMarked:Snap"],"picked":"theMarked:Abjuration","floor":16.0},{"not_picked":["theMarked:Overthink+1","theMarked:WastefulAttack","theMarked:Frustration"],"picked":"SKIP","floor":18.0},{"not_picked":["theMarked:ElectricStrings","theMarked:Improvise+1"],"picked":"theMarked:HeritageOfTheMarked","floor":19.0},{"not_picked":["theMarked:SwordAndMagic","theMarked:DeterminationOfTheMarked"],"picked":"theMarked:SelfDefenseTraining","floor":22.0},{"not_picked":["theMarked:EnhanceMovement","theMarked:WastefulAttack"],"picked":"theMarked:WastefulDefense","floor":23.0},{"not_picked":["theMarked:EmpowerWeapon+1","theMarked:Opportunist"],"picked":"theMarked:SuspiciousRaven","floor":28.0},{"not_picked":["theMarked:Aftermath","theMarked:ReduceFriction","theMarked:RogueSparks"],"picked":"SKIP","floor":31.0},{"not_picked":["theMarked:Aftermath","theMarked:ReduceFriction","theMarked:RogueSparks"],"picked":"SKIP","floor":31.0},{"not_picked":["theMarked:ThrowWeapon","theMarked:Challenge"],"picked":"theMarked:FavorableWinds","floor":33.0},{"not_picked":["theMarked:ResourceFulStrike+1","theMarked:LightningStrikesTwice+1"],"picked":"theMarked:EnhanceMovement","floor":35.0},{"not_picked":["theMarked:ReduceFriction+1","theMarked:Improvise"],"picked":"theMarked:TwofoldDefense","floor":36.0},{"not_picked":["theMarked:SwordAndMagic+1","theMarked:HeightenedSenses+1","theMarked:ChainLightning"],"picked":"SKIP","floor":37.0},{"not_picked":["theMarked:EnhancedHearing+1","theMarked:BanishingStrike"],"picked":"theMarked:WardOff","floor":39.0},{"not_picked":["theMarked:ShockingTouch","theMarked:SummonStrength"],"picked":"theMarked:HeightenedSenses+1","floor":41.0},{"not_picked":["theMarked:ElectricStrings+1","theMarked:Static+1","theMarked:SelfDefenseTraining"],"picked":"SKIP","floor":42.0},{"not_picked":["theMarked:ResourceFulStrike+1","theMarked:Improvise+1"],"picked":"theMarked:EnhanceMovement","floor":45},{"not_picked":["theMarked:Overthink+1","theMarked:BanishingWave","theMarked:HeritageOfTheMarked+1"],"picked":"SKIP","floor":47},{"not_picked":["theMarked:ChainLightning","theMarked:CreepingChasm"],"picked":"theMarked:Polarize","floor":48}],"player_experience":383249,"relics_obtained":[{"floor":7.0,"key":"Sundial"},{"floor":9.0,"key":"StoneCalendar"},{"floor":10.0,"key":"Calipers"},{"floor":12.0,"key":"Kunai"},{"floor":14.0,"key":"theMarked:KettuFlask"},{"floor":23.0,"key":"MealTicket"},{"floor":26.0,"key":"Omamori"},{"floor":41.0,"key":"Centennial Puzzle"},{"floor":43.0,"key":"Girya"},{"floor":45,"key":"Anchor"},{"floor":47,"key":"Letter Opener"}],"event_choices":[{"damage_healed":0.0,"max_hp_gain":5.0,"max_hp_loss":0.0,"gold_gain":0.0,"event_name":"Big Fish","player_choice":"Donut","floor":3.0,"gold_loss":0.0,"damage_taken":0.0},{"cards_removed":["theMarked:Defend"],"damage_healed":0.0,"max_hp_gain":0.0,"max_hp_loss":0.0,"gold_gain":0.0,"event_name":"Bonfire Elementals","player_choice":"Offered Basic","floor":4.0,"gold_loss":0.0,"damage_taken":0.0},{"damage_healed":0.0,"max_hp_gain":0.0,"max_hp_loss":0.0,"gold_gain":0.0,"event_name":"The Mausoleum","player_choice":"Ignored","floor":21.0,"gold_loss":0.0,"damage_taken":0.0},{"damage_healed":0.0,"max_hp_gain":0.0,"max_hp_loss":0.0,"gold_gain":0.0,"cards_transformed":["theMarked:Strike"],"event_name":"Transmorgrifier","player_choice":"Transformed","floor":24.0,"gold_loss":0.0,"damage_taken":0.0,"cards_obtained":["theMarked:ParalyzingBlade"]}],"is_beta":false,"boss_relics":[{"not_picked":["Philosopher\u0027s Stone","Cursed Key"],"picked":"theMarked:Eyepatch"},{"not_picked":["SlaversCollar","SacredBark"],"picked":"Sozu"}],"items_purged_floors":[20,38],"is_endless":false,"potions_floor_spawned":[1,8,12,14,16,18,19,33,36,39,45,47],"ascension_level":6}}