{"host":"jgyoyy5iuhtvyvtg","time":1609137742,"event":{"mods":["2.2 Compatiblity","BaseMod","Challenge The Spire","ChefMod","Colored Map","Conspire","Downfall","Hermit","Highlight Path","Infinite Spire","Lobotomy","LobotomyExtend","Minty Spire (QoL Compilation)","Quick Restart","Replay The Spire","Spikes Relics","StSLib","The Construct","The Disciple","The Jungle","Yuri Mod"],"gold_per_floor":[109,184,201,201,211,211,242,242,242,242,242,272,272,290,290,397,397,426,546,109,129,146,154,154],"floor_reached":23,"playtime":1292,"items_purged":["chefmod:Strike"],"score":191,"play_id":"ef494c6a-0826-4ca4-924d-71fee4643161","local_time":"20201227224222","is_ascension_mode":false,"campfire_choices":[{"data":"chefmod:QuickThaw","floor":6,"key":"SMITH"},{"data":"chefmod:TodaysSpecial","floor":8,"key":"SMITH"},{"data":"chefmod:Sorbet","floor":10,"key":"SMITH"},{"data":"chefmod:SaveForLater","floor":15,"key":"SMITH"}],"circlet_count":0,"master_deck":["chefmod:Strike","chefmod:Strike","chefmod:Strike","chefmod:Strike","chefmod:Defend","chefmod:Defend","chefmod:Defend","chefmod:QuickThaw+1","chefmod:TodaysSpecial+1","chefmod:Sorbet+1","chefmod:BaoBuns","chefmod:SaveForLater+1","chefmod:NoSoupForYou","chefmod:CuttingBoard","chefmod:CuttingBoard","chefmod:Granita+1"],"relics":["chefmod:TrustyPot","LetterFromLob","Replay:Bandana","SpikesRelics:ToyHorsey","Pondfish Scales"],"acts_visited":["Exordium","Exordium"],"potions_floor_usage":[7,22],"damage_taken":[{"damage":0,"enemies":"Small Slimes","floor":1,"turns":4},{"damage":0,"enemies":"2 Louse","floor":3,"turns":3},{"damage":0,"enemies":"conspire:RoseBush","floor":5,"turns":6},{"damage":31,"enemies":"Gremlin Nob","floor":7,"turns":5},{"damage":5,"enemies":"3 Louse","floor":12,"turns":3},{"damage":0,"enemies":"2 Fungi Beasts","floor":14,"turns":4},{"damage":31,"enemies":"The Guardian","floor":16,"turns":12},{"damage":19,"enemies":"theJungle:5_Spyders","floor":18,"turns":13},{"damage":14,"enemies":"theJungle:GiantWrat","floor":21,"turns":7},{"damage":10,"enemies":"theJungle:Lyon","floor":22,"turns":6},{"damage":34,"enemies":"theJungle:MamaSnecko","floor":23,"turns":4}],"seed_played":"2671009942591653810","potions_obtained":[{"floor":1,"key":"Swift Potion"},{"floor":7,"key":"FearPotion"},{"floor":12,"key":"Elixir"},{"floor":18,"key":"sneckomod:MuddlingPotion"},{"floor":21,"key":"Guardian:BlockOnCardUsePotion"}],"is_trial":false,"path_per_floor":["M","?","M","?","M","R","E","R","T","R","M","M","?","M","R","B",null,"M","?","$","M","M","E"],"character_chosen":"THE_CHEF","items_purchased":["Pondfish Scales","chefmod:CuttingBoard"],"campfire_rested":0,"item_purchase_floors":[20,20],"current_hp_per_floor":[83,72,72,72,72,72,41,41,41,41,41,36,60,60,60,29,83,64,52,52,38,28,0,0],"gold":154,"neow_bonus":"TEN_PERCENT_HP_BONUS","is_daily":false,"chose_seed":false,"campfire_upgraded":4,"win_rate":0.0,"timestamp":1609137742,"path_taken":["M","?","M","?","M","R","E","R","T","R","M","M","?","M","R","BOSS","M","?","$","M","M","E"],"items_purchased_type":["Relic","Card"],"build_version":"2020-12-22","purchased_purges":1,"victory":false,"max_hp_per_floor":[83,83,83,83,83,83,83,83,83,83,83,83,83,83,83,83,83,83,83,83,83,83,83,83],"card_choices":[{"not_picked":["chefmod:Escargot","chefmod:SliceAndDice"],"picked":"chefmod:Sorbet","floor":1},{"not_picked":["chefmod:IcePick","chefmod:OldCookbook","chefmod:Defrost"],"picked":"SKIP","floor":3},{"not_picked":["chefmod:IcePick","chefmod:DinoKale"],"picked":"chefmod:BaoBuns","floor":5},{"not_picked":["chefmod:SpaghettiCarbonara","chefmod:Puree","chefmod:ZaruSoba"],"picked":"SKIP","floor":7},{"not_picked":["chefmod:Fillet","chefmod:ColdSteel","chefmod:ZaruSoba"],"picked":"SKIP","floor":12},{"not_picked":["chefmod:Chop","chefmod:HotSoup"],"picked":"chefmod:SaveForLater","floor":14},{"not_picked":["chefmod:DinoKale","chefmod:Flambe"],"picked":"chefmod:NoSoupForYou","floor":18},{"not_picked":["chefmod:VegetableTart","chefmod:Puree"],"picked":"chefmod:CuttingBoard","floor":21},{"not_picked":["chefmod:Defrost","chefmod:IcePick"],"picked":"chefmod:Granita+1","floor":22}],"player_experience":3189066,"relics_obtained":[{"floor":1,"key":"LetterFromLob"},{"floor":7,"key":"Replay:Bandana"},{"floor":9,"key":"SpikesRelics:ToyHorsey"}],"event_choices":[{"damage_healed":0,"gold_gain":75,"player_choice":"Gather Gold","damage_taken":11,"max_hp_gain":0,"max_hp_loss":0,"event_name":"World of Goop","floor":2,"gold_loss":0},{"damage_healed":0,"gold_gain":0,"player_choice":"Ignored","damage_taken":0,"max_hp_gain":0,"max_hp_loss":0,"event_name":"Golden Wing","floor":4,"gold_loss":0}],"is_beta":false,"boss_relics":[{"not_picked":["Ring of Chaos","Honey Jar","Ectoplasm"]}],"items_purged_floors":[20],"is_endless":false,"potions_floor_spawned":[1,7,12,18,21],"killed_by":"theJungle:MamaSnecko","ascension_level":0}}