{"host":"cd9ii0p4lcq6b7m2","time":1609158879,"event":{"mods":["BaseMod","Block Reminder","Colored Map","Highlight Path","Minty Spire (QoL Compilation)"],"gold_per_floor":[114,129,144,77,77,107,122,47,47,62,62,137,152,2,2,102,102,117,117,36,136,151,181,181,211,236,251,251,266,281,296,296,396,396,411,426,426,97,112,142,167,182,182,57,0,50,65,80,80,80],"floor_reached":51,"playtime":4810,"items_purged":["Finisher","Injury","Doubt"],"score":771,"play_id":"2bcfb8af-c73b-4a0b-816b-3fbdac4fc7de","local_time":"20201228123439","daily_mods":["SealedDeck","Diverse","Binary"],"is_ascension_mode":false,"campfire_choices":[{"data":"TalkToTheHand","floor":11.0,"key":"SMITH"},{"data":"Quick Slash","floor":15.0,"key":"SMITH"},{"data":"Deep Breath","floor":24.0,"key":"SMITH"},{"data":"Streamline","floor":28.0,"key":"SMITH"},{"data":"Beam Cell","floor":32.0,"key":"SMITH"},{"data":"Reprogram","floor":49,"key":"SMITH"}],"circlet_count":0,"master_deck":["Streamline+1","Quick Slash+1","Skim","Deflect","Genetic Algorithm","Thunderclap+1","Dropkick","Beam Cell+1","Iron Wave+1","Ball Lightning","Riddle With Holes","CarveReality","TalkToTheHand+1","Inflame","Adrenaline","Deep Breath+1","Dropkick","ForeignInfluence","Cloak And Dagger","Core Surge","Self Repair","Reprogram+1","Decay","Sweeping Beam+1"],"relics":["Burning Blood","Blood Vial","PreservedInsect","Sundial","HandDrill","Cursed Key","Champion Belt","Incense Burner","Bronze Scales","Coffee Dripper","Whetstone","Nunchaku","Akabeko","Mercury Hourglass","Red Mask","Unceasing Top"],"acts_visited":["Exordium","TheCity","TheBeyond"],"potions_floor_usage":[47,50,50],"damage_taken":[{"damage":0.0,"enemies":"Cultist","floor":1.0,"turns":2.0},{"damage":0.0,"enemies":"Small Slimes","floor":2.0,"turns":2.0},{"damage":0.0,"enemies":"2 Louse","floor":3.0,"turns":2.0},{"damage":21.0,"enemies":"Lagavulin","floor":6.0,"turns":5.0},{"damage":9.0,"enemies":"Large Slime","floor":7.0,"turns":4.0},{"damage":10.0,"enemies":"Gremlin Gang","floor":10.0,"turns":3.0},{"damage":0.0,"enemies":"2 Fungi Beasts","floor":13.0,"turns":2.0},{"damage":0.0,"enemies":"Slime Boss","floor":16.0,"turns":4.0},{"damage":10.0,"enemies":"Chosen","floor":18.0,"turns":2.0},{"damage":10.0,"enemies":"Shell Parasite","floor":22.0,"turns":3.0},{"damage":3.0,"enemies":"Book of Stabbing","floor":23.0,"turns":2.0},{"damage":23.0,"enemies":"Slavers","floor":25.0,"turns":4.0},{"damage":6.0,"enemies":"Chosen and Byrds","floor":27.0,"turns":3.0},{"damage":1.0,"enemies":"Centurion and Healer","floor":29.0,"turns":3.0},{"damage":12.0,"enemies":"Shelled Parasite and Fungi","floor":30.0,"turns":2.0},{"damage":1.0,"enemies":"Snake Plant","floor":31.0,"turns":2.0},{"damage":0.0,"enemies":"Collector","floor":33.0,"turns":7.0},{"damage":0.0,"enemies":"3 Darklings","floor":35.0,"turns":3.0},{"damage":0.0,"enemies":"Orb Walker","floor":36.0,"turns":1.0},{"damage":0.0,"enemies":"Maw","floor":39.0,"turns":5.0},{"damage":1.0,"enemies":"Giant Head","floor":40.0,"turns":4.0},{"damage":20,"enemies":"Sphere and 2 Shapes","floor":42,"turns":4},{"damage":2,"enemies":"Mind Bloom Boss Battle","floor":46,"turns":3},{"damage":0,"enemies":"Writhing Mass","floor":47,"turns":2},{"damage":8,"enemies":"Transient","floor":48,"turns":5},{"damage":16,"enemies":"Time Eater","floor":50,"turns":8}],"seed_played":"5451747836825439005","potions_obtained":[{"floor":3.0,"key":"Energy Potion"},{"floor":6.0,"key":"SneckoOil"},{"floor":7.0,"key":"Energy Potion"},{"floor":13.0,"key":"CultistPotion"},{"floor":22.0,"key":"Dexterity Potion"},{"floor":23.0,"key":"SteroidPotion"},{"floor":29.0,"key":"LiquidBronze"},{"floor":31.0,"key":"Dexterity Potion"},{"floor":35.0,"key":"SteroidPotion"},{"floor":42,"key":"DuplicationPotion"}],"is_trial":false,"path_per_floor":["M","M","M","$","?","E","M","$","T","M","R","?","M","$","R","B",null,"M","?","$","?","M","E","R","E","T","M","R","M","M","M","R","B",null,"M","M","?","$","M","E","T","M","T","$","?","?","M","M","R","B",null],"character_chosen":"IRONCLAD","items_purchased":["Finisher","HandDrill","Deep Breath","Reprogram","Whetstone"],"campfire_rested":0,"item_purchase_floors":[4,14,20,38,38],"current_hp_per_floor":[80,80,80,80,80,65,64,64,64,62,62,51,59,59,59,67,80,76,76,76,76,74,79,79,63,63,65,65,72,68,75,75,80,80,80,80,80,80,80,80,80,73,73,73,73,80,80,80,80,70],"gold":80,"neow_bonus":"","is_daily":true,"chose_seed":false,"campfire_upgraded":6,"win_rate":0.0,"timestamp":1609158879,"path_taken":["M","?","M","$","?","E","M","?","T","M","R","?","M","$","R","BOSS","M","?","$","?","M","E","R","E","T","M","R","M","?","M","R","BOSS","M","M","?","?","M","E","?","M","T","$","?","?","?","M","R","BOSS"],"items_purchased_type":["Card","Relic","Card","Card","Relic"],"build_version":"2020-12-22","purchased_purges":3,"victory":true,"max_hp_per_floor":[80,80,80,80,80,80,80,80,80,80,80,80,80,80,80,80,80,80,80,80,80,80,80,80,80,80,80,80,80,80,80,80,80,80,80,80,80,80,80,80,80,80,80,80,80,80,80,80,80,80],"card_choices":[{"not_picked":["Turbo"],"picked":"Riddle With Holes","floor":1.0},{"not_picked":["Streamline"],"picked":"CarveReality","floor":2.0},{"not_picked":["Pommel Strike"],"picked":"TalkToTheHand","floor":3.0},{"not_picked":["Turbo","Cleave"],"picked":"SKIP","floor":6.0},{"not_picked":["Pray"],"picked":"Inflame","floor":7.0},{"not_picked":["Ball Lightning","SandsOfTime"],"picked":"SKIP","floor":10.0},{"not_picked":["Redo","Deflect"],"picked":"SKIP","floor":13.0},{"not_picked":["Impervious"],"picked":"Adrenaline","floor":16.0},{"not_picked":["Coolheaded","Concentrate+1"],"picked":"SKIP","floor":18.0},{"not_picked":["Outmaneuver"],"picked":"Dropkick","floor":22.0},{"not_picked":["SandsOfTime"],"picked":"ForeignInfluence","floor":23.0},{"not_picked":["Catalyst","Melter"],"picked":"SKIP","floor":25.0},{"not_picked":["CarveReality","Sword Boomerang"],"picked":"SKIP","floor":27.0},{"not_picked":["Flame Barrier+1","Bane"],"picked":"SKIP","floor":29.0},{"not_picked":["CutThroughFate","Storm"],"picked":"SKIP","floor":30.0},{"not_picked":["Glacier"],"picked":"Cloak And Dagger","floor":31.0},{"not_picked":["Limit Break"],"picked":"Core Surge","floor":33.0},{"not_picked":["Twin Strike+1","Cleave"],"picked":"SKIP","floor":35.0},{"not_picked":["Lockon+1","Acrobatics"],"picked":"SKIP","floor":36.0},{"not_picked":["Barrage+1","Leap+1"],"picked":"SKIP","floor":39.0},{"not_picked":["WaveOfTheHand","Caltrops+1"],"picked":"SKIP","floor":40.0},{"not_picked":["Bouncing Flask","EmptyBody"],"picked":"SKIP","floor":42},{"not_picked":["Fiend Fire"],"picked":"Sweeping Beam+1","floor":47},{"not_picked":["Clothesline+1","Warcry+1"],"picked":"SKIP","floor":48}],"player_experience":153637,"relics_obtained":[{"floor":6.0,"key":"PreservedInsect"},{"floor":9.0,"key":"Sundial"},{"floor":23.0,"key":"Champion Belt"},{"floor":25.0,"key":"Incense Burner"},{"floor":26.0,"key":"Bronze Scales"},{"floor":40.0,"key":"Nunchaku"},{"floor":41,"key":"Akabeko"},{"floor":43,"key":"Mercury Hourglass"},{"floor":46,"key":"Unceasing Top"}],"event_choices":[{"damage_healed":0.0,"max_hp_gain":0.0,"max_hp_loss":0.0,"gold_gain":0.0,"event_name":"WeMeetAgain","player_choice":"Gave Potion","floor":5.0,"gold_loss":0.0,"damage_taken":0.0,"relics_obtained":["Blood Vial"]},{"damage_healed":0.0,"max_hp_gain":0.0,"max_hp_loss":0.0,"gold_gain":75.0,"event_name":"World of Goop","player_choice":"Gather Gold","floor":12.0,"gold_loss":0.0,"damage_taken":11.0},{"damage_healed":0.0,"max_hp_gain":0.0,"max_hp_loss":0.0,"gold_gain":0.0,"event_name":"Vampires","player_choice":"Ignored","floor":19.0,"gold_loss":0.0,"damage_taken":0.0},{"damage_healed":0.0,"max_hp_gain":0.0,"max_hp_loss":0.0,"gold_gain":100.0,"event_name":"Golden Shrine","player_choice":"Pray","floor":21.0,"gold_loss":0.0,"damage_taken":0.0},{"damage_healed":0.0,"max_hp_gain":0.0,"max_hp_loss":0.0,"gold_gain":0.0,"event_name":"Match and Keep!","player_choice":"1 cards matched","floor":37.0,"gold_loss":0.0,"damage_taken":0.0,"cards_obtained":["Self Repair"]},{"damage_healed":0,"gold_gain":0,"player_choice":"Paid","damage_taken":0,"relics_obtained":["Red Mask"],"max_hp_gain":0,"max_hp_loss":0,"event_name":"Tomb of Lord Red Mask","floor":45,"gold_loss":57},{"damage_healed":0,"gold_gain":0,"player_choice":"Fight","damage_taken":0,"max_hp_gain":0,"max_hp_loss":0,"event_name":"MindBloom","floor":46,"gold_loss":0}],"is_beta":false,"boss_relics":[{"not_picked":["Runic Cube","Velvet Choker"],"picked":"Cursed Key"},{"not_picked":["Fusion Hammer","SlaversCollar"],"picked":"Coffee Dripper"}],"items_purged_floors":[8,38,44],"is_endless":false,"potions_floor_spawned":[3,6,7,13,22,23,25,29,31,35,42],"ascension_level":0}}