{"host":"cjmwurvrz00ml9vd","time":1609186018,"event":{"mods":["2.2 Compatiblity","AchievementEnabler","Act Like it!","Aspiration","BaseMod","Beaked The Cultist","Better Third Choice","BetterRewards","Colored Powertips","Conspire","Downfall","Hermit","Hubris","Infinite Spire","Marisa????????","Marked Mod","Minty Spire (QoL Compilation)","Robot Space Explorer","StSLib","The Blackbeard","The Cursed","The Disciple","The Jungle","The Necromancer","The Servant 0.9.4","TheFirefly"],"gold_per_floor":[112,125,125,145,165,165,195,195,264,264,293,368,338,351,351,448,448,465,477,477,477],"floor_reached":20,"playtime":662,"items_purged":[],"score":417,"play_id":"d72fc91d-4056-4c26-bb36-c1fd9f390f68","local_time":"20201228210658","is_ascension_mode":true,"campfire_choices":[{"data":"Eruption","floor":6,"key":"SMITH"},{"data":"Weave","floor":8,"key":"SMITH"},{"data":"Prostrate","floor":10,"key":"SMITH"},{"data":"CutThroughFate","floor":15,"key":"SMITH"}],"circlet_count":0,"master_deck":["Strike_P","Strike_P","Strike_P","Strike_P","Defend_P","Defend_P","Defend_P","Defend_P","Eruption+1","Vigilance","Prostrate+1","Weave+1","JustLucky","CutThroughFate+1","Ragnarok","Evaluate+1"],"relics":["PureWater","hubris:FunFungus","hubris:Metronome","infinitespire:WardingShard","aspiration:KaomsHeart"],"acts_visited":["Exordium","TheCity"],"potions_floor_usage":[2,5,7,7,16,19],"damage_taken":[{"damage":0,"enemies":"conspire:RoseBush","floor":1,"turns":3},{"damage":1,"enemies":"Cultist","floor":2,"turns":4},{"damage":0,"enemies":"Jaw Worm","floor":4,"turns":4},{"damage":0,"enemies":"Looter","floor":5,"turns":2},{"damage":2,"enemies":"Gremlin Nob","floor":7,"turns":3},{"damage":6,"enemies":"Lagavulin","floor":11,"turns":3},{"damage":1,"enemies":"Gremlin Gang","floor":14,"turns":3},{"damage":0,"enemies":"Slime Boss","floor":16,"turns":2},{"damage":0,"enemies":"Spheric Guardian","floor":18,"turns":1},{"damage":12,"enemies":"conspire:FuzzyDice","floor":19,"turns":4}],"seed_played":"-7778744235924488976","potions_obtained":[{"floor":3,"key":"ColorlessPotion"},{"floor":3,"key":"SteroidPotion"},{"floor":3,"key":"champ:CounterPotion"},{"floor":4,"key":"Block Potion"},{"floor":13,"key":"Fire Potion"},{"floor":13,"key":"LiquidMemories"},{"floor":14,"key":"StancePotion"},{"floor":19,"key":"Swift Potion"}],"is_trial":false,"path_per_floor":["M","M","?","M","M","R","E","R","T","R","E","?","?","M","R","B",null,"M","M","AVR"],"character_chosen":"WATCHER","items_purchased":["hexamod:EctoCoolerPotion","Prostrate"],"campfire_rested":0,"item_purchase_floors":[0,0],"current_hp_per_floor":[72,71,71,71,71,71,69,69,69,69,63,52,52,51,51,52,72,72,62,162,162],"gold":477,"neow_bonus":"","is_daily":false,"chose_seed":false,"campfire_upgraded":4,"win_rate":0.0,"timestamp":1609186018,"path_taken":["M","M","?","?","M","R","E","R","T","R","E","?","?","M","R","BOSS","M","M","AVR"],"items_purchased_type":["Potion","Card"],"build_version":"2020-12-22","purchased_purges":0,"victory":false,"max_hp_per_floor":[72,72,72,72,72,72,72,72,72,72,72,72,72,72,72,72,72,72,72,172,172],"card_choices":[{"not_picked":["EmptyMind","Evaluate","ForeignInfluence"],"picked":"SKIP","floor":1},{"not_picked":["Crescendo","Evaluate","CutThroughFate"],"picked":"SKIP","floor":2},{"not_picked":["TalkToTheHand","MentalFortress","CutThroughFate"],"picked":"SKIP","floor":4},{"not_picked":["Worship","SashWhip","ClearTheMind"],"picked":"SKIP","floor":5},{"not_picked":["EmptyBody","MarkedMod:Acupuncture"],"picked":"Weave","floor":7},{"not_picked":["Sanctity","Prostrate"],"picked":"JustLucky","floor":11},{"not_picked":["Study","Worship"],"picked":"CutThroughFate","floor":14},{"not_picked":["Blasphemy","Omniscience"],"picked":"Ragnarok","floor":16},{"not_picked":["Crescendo","FlurryOfBlows"],"picked":"Evaluate+1","floor":18},{"not_picked":["MarkedMod:GentlePulse","EmptyBody","Halt"],"picked":"SKIP","floor":19}],"player_experience":641411,"relics_obtained":[{"floor":7,"key":"hubris:FunFungus"},{"floor":9,"key":"hubris:Metronome"},{"floor":11,"key":"infinitespire:WardingShard"}],"event_choices":[{"damage_healed":0,"gold_gain":0,"player_choice":"Got Potions","damage_taken":0,"max_hp_gain":0,"max_hp_loss":0,"event_name":"Lab","floor":3,"gold_loss":0},{"damage_healed":0,"gold_gain":75,"player_choice":"Gold","damage_taken":11,"max_hp_gain":0,"max_hp_loss":0,"event_name":"betterThird:BetterGoop","floor":12,"gold_loss":0},{"damage_healed":0,"gold_gain":0,"player_choice":"Bought 2 Potions","damage_taken":0,"max_hp_gain":0,"max_hp_loss":0,"event_name":"The Woman in Blue","floor":13,"gold_loss":0}],"is_beta":false,"boss_relics":[{"not_picked":["conspire:RunicOctahedron","aspiration:SilentSkillbook","aspiration:RunicSpoon"]}],"items_purged_floors":[],"is_endless":false,"potions_floor_spawned":[4,14,19],"ascension_level":2}}