{"host":"2no1vwhhkhf0ohz3","time":1609138940,"event":{"mods":["AchievementEnabler","BaseMod","Colored Map","DeckTracker","Keyboard Shortcuts","Minty Spire (QoL Compilation)","Relic Stats","SuperFastMode"],"gold_per_floor":[116,116,129,148,148,148,178,178,178,178,195,213,213,213,213,313,313,333,349,142,158,175,175,175,175,248,248,265,275,275,275,275,374,374,386,404,416,391,403,403,432,432,432,482,482,501,501,122,122,122],"floor_reached":51,"playtime":1027,"items_purged":[],"score":761,"play_id":"b996880e-1cd1-4c16-ae83-a6ccf6604711","local_time":"20201228160220","is_ascension_mode":true,"campfire_choices":[{"data":"Whirlwind","floor":6.0,"key":"SMITH"},{"data":"Perfected Strike","floor":8.0,"key":"SMITH"},{"data":"Bash","floor":10.0,"key":"SMITH"},{"data":"Shrug It Off","floor":15.0,"key":"SMITH"},{"data":"Perfected Strike","floor":23.0,"key":"SMITH"},{"data":"Fiend Fire","floor":25.0,"key":"SMITH"},{"data":"Pommel Strike","floor":30.0,"key":"SMITH"},{"data":"Fire Breathing","floor":32.0,"key":"SMITH"},{"data":"Offering","floor":40,"key":"SMITH"},{"floor":42,"key":"REST"},{"data":"Enlightenment","floor":47,"key":"SMITH"},{"data":"Evolve","floor":49,"key":"SMITH"}],"circlet_count":0,"master_deck":["Strike_R+1","Strike_R+1","Strike_R+1","Strike_R+1","Strike_R+1","Defend_R+1","Defend_R+1","Defend_R+1","Defend_R+1","Bash+1","Whirlwind+1","Shrug It Off+1","Perfected Strike+1","Flex+1","Twin Strike","Fiend Fire+1","Perfected Strike+1","Pommel Strike+1","Flame Barrier","Twin Strike","Fire Breathing+1","Offering+1","Shrug It Off+1","Pommel Strike","Power Through","Dual Wield","Enlightenment+1","Infernal Blade+1","Evolve+1","Shockwave","Power Through"],"relics":["Burning Blood","NeowsBlessing","White Beast Statue","Centennial Puzzle","Bottled Lightning","Mark of Pain","PreservedInsect","Question Card","Philosopher\u0027s Stone","Art of War","Vajra","Incense Burner","Chemical X"],"acts_visited":["Exordium","TheCity","TheBeyond"],"potions_floor_usage":[33,33,39,39,46,50,50,50],"damage_taken":[{"damage":0.0,"enemies":"Small Slimes","floor":1.0,"turns":1.0},{"damage":0.0,"enemies":"Cultist","floor":3.0,"turns":1.0},{"damage":0.0,"enemies":"Jaw Worm","floor":4.0,"turns":1.0},{"damage":14.0,"enemies":"Gremlin Nob","floor":7.0,"turns":3.0},{"damage":20.0,"enemies":"Exordium Thugs","floor":11.0,"turns":2.0},{"damage":0.0,"enemies":"3 Louse","floor":12.0,"turns":2.0},{"damage":0.0,"enemies":"Slime Boss","floor":16.0,"turns":5.0},{"damage":0.0,"enemies":"Chosen","floor":18.0,"turns":4.0},{"damage":10.0,"enemies":"Spheric Guardian","floor":19.0,"turns":3.0},{"damage":35.0,"enemies":"Shelled Parasite and Fungi","floor":21.0,"turns":4.0},{"damage":21.0,"enemies":"3 Cultists","floor":22.0,"turns":4.0},{"damage":0.0,"enemies":"Sentry and Sphere","floor":28.0,"turns":3.0},{"damage":19.0,"enemies":"Shelled Parasite and Fungi","floor":29.0,"turns":3.0},{"damage":30,"enemies":"Champ","floor":33,"turns":10},{"damage":20,"enemies":"3 Shapes","floor":35,"turns":4},{"damage":6,"enemies":"3 Darklings","floor":36,"turns":1},{"damage":5,"enemies":"Spire Growth","floor":37,"turns":2},{"damage":26,"enemies":"Writhing Mass","floor":39,"turns":6},{"damage":38,"enemies":"Nemesis","floor":41,"turns":5},{"damage":24,"enemies":"Mind Bloom Boss Battle","floor":44,"turns":4},{"damage":13,"enemies":"Transient","floor":46,"turns":5},{"damage":19,"enemies":"Time Eater","floor":50,"turns":8}],"seed_played":"-1450156300373260242","potions_obtained":[{"floor":2.0,"key":"DistilledChaos"},{"floor":2.0,"key":"Swift Potion"},{"floor":2.0,"key":"SteroidPotion"},{"floor":3.0,"key":"Fire Potion"},{"floor":7.0,"key":"Fruit Juice"},{"floor":11.0,"key":"HeartOfIron"},{"floor":12.0,"key":"Block Potion"},{"floor":16.0,"key":"Strength Potion"},{"floor":33,"key":"Block Potion"},{"floor":35,"key":"Fire Potion"},{"floor":39,"key":"ColorlessPotion"},{"floor":41,"key":"GamblersBrew"},{"floor":44,"key":"SteroidPotion"},{"floor":46,"key":"Fire Potion"}],"is_trial":false,"path_per_floor":["M","?","M","M","?","R","E","R","T","R","M","M","?","T","R","B",null,"M","M","$","M","M","R","?","R","T","?","M","M","R","?","R","B",null,"M","M","M","$","M","R","E","R","T","?","?","M","R","$","R","B",null],"character_chosen":"IRONCLAD","items_purchased":["PreservedInsect","Perfected Strike","Pommel Strike","Evolve","Chemical X","Shockwave","Power Through"],"campfire_rested":1,"item_purchase_floors":[20,20,38,48,48,48,48],"current_hp_per_floor":[80,80,80,80,80,80,77,77,77,77,63,69,69,69,69,75,85,85,81,81,52,37,37,37,37,37,65,71,58,58,58,58,34,85,71,71,72,72,52,52,20,45,45,27,27,20,20,20,20,7],"gold":122,"neow_bonus":"THREE_ENEMY_KILL","is_daily":false,"chose_seed":false,"campfire_upgraded":11,"win_rate":0.0,"timestamp":1609138940,"path_taken":["M","?","M","?","?","R","E","R","T","R","?","M","?","?","R","BOSS","M","?","$","M","M","R","?","R","T","?","M","M","R","?","R","BOSS","M","M","M","$","M","R","E","R","T","?","?","M","R","?","R","BOSS"],"items_purchased_type":["Relic","Card","Card","Card","Relic","Card","Card"],"build_version":"2020-12-22","purchased_purges":0,"victory":true,"max_hp_per_floor":[80,80,80,80,80,80,85,85,85,85,85,85,85,85,85,85,85,85,85,85,85,85,85,85,85,85,85,85,85,85,85,85,85,85,85,85,85,85,85,85,85,85,85,85,85,85,85,85,85,85],"relic_stats":{"Centennial Puzzle":[42],"counters":[22,81],"PreservedInsect":47,"Art of War":[2],"Chemical X":[2],"Question Card":11,"obtain_stats":[{"NeowsBlessing":0,"Vajra":43,"PreservedInsect":20,"Incense Burner":44,"Question Card":26,"Burning Blood":0,"White Beast Statue":7,"Centennial Puzzle":9,"Philosopher\u0027s Stone":34,"Mark of Pain":17,"Art of War":41,"Bottled Lightning":14,"Chemical X":48},{"NeowsBlessing":0,"Vajra":19,"PreservedInsect":9,"Incense Burner":20,"Question Card":11,"Burning Blood":0,"White Beast Statue":4,"Centennial Puzzle":4,"Philosopher\u0027s Stone":14,"Mark of Pain":7,"Art of War":19,"Bottled Lightning":6,"Chemical X":21},{"NeowsBlessing":0,"Vajra":64,"PreservedInsect":22,"Incense Burner":68,"Question Card":30,"Burning Blood":0,"White Beast Statue":6,"Centennial Puzzle":6,"Philosopher\u0027s Stone":46,"Mark of Pain":15,"Art of War":64,"Bottled Lightning":10,"Chemical X":73}],"Burning Blood":108},"card_choices":[{"not_picked":["Armaments","Dropkick"],"picked":"Whirlwind","floor":1.0},{"not_picked":["Cleave","Rage"],"picked":"Shrug It Off","floor":3.0},{"not_picked":["Rupture","True Grit"],"picked":"Perfected Strike","floor":4.0},{"not_picked":["Havoc","True Grit","Rage"],"picked":"SKIP","floor":7.0},{"not_picked":["Anger","Headbutt"],"picked":"Flex","floor":11.0},{"not_picked":["Sword Boomerang","Cleave"],"picked":"Twin Strike","floor":12.0},{"not_picked":["Immolate","Limit Break"],"picked":"Fiend Fire","floor":16.0},{"not_picked":["Dropkick","Rupture","Wild Strike"],"picked":"SKIP","floor":18.0},{"not_picked":["Searing Blow","Anger+1","True Grit"],"picked":"SKIP","floor":19.0},{"not_picked":["Blood for Blood","Havoc"],"picked":"Pommel Strike","floor":21.0},{"not_picked":["Thunderclap","Disarm+1"],"picked":"Flame Barrier","floor":22.0},{"not_picked":["Juggernaut","Armaments","Dual Wield"],"picked":"Twin Strike","floor":28.0},{"not_picked":["Clash","Thunderclap","Warcry"],"picked":"Fire Breathing","floor":29.0},{"not_picked":["Demon Form","Reaper","Berserk"],"picked":"Offering","floor":33},{"not_picked":["Rage","Clothesline+1","Havoc+1","Armaments"],"picked":"SKIP","floor":35},{"not_picked":["Entrench","Cleave","Flex+1","Flame Barrier+1"],"picked":"SKIP","floor":36},{"not_picked":["Dark Embrace","Uppercut","Havoc+1"],"picked":"Shrug It Off+1","floor":37},{"not_picked":["Thunderclap","Seeing Red","Body Slam"],"picked":"Power Through","floor":39},{"not_picked":["Sword Boomerang","Wild Strike+1","Bludgeon"],"picked":"Dual Wield","floor":41},{"not_picked":["Deep Breath","Magnetism","Trip"],"picked":"Enlightenment","floor":45},{"not_picked":["Feel No Pain+1","Havoc","Heavy Blade+1"],"picked":"Infernal Blade+1","floor":46}],"player_experience":255000,"relics_obtained":[{"floor":7.0,"key":"White Beast Statue"},{"floor":9.0,"key":"Centennial Puzzle"},{"floor":14.0,"key":"Bottled Lightning"},{"floor":26.0,"key":"Question Card"},{"floor":41,"key":"Art of War"},{"floor":43,"key":"Vajra"},{"floor":44,"key":"Incense Burner"}],"event_choices":[{"damage_healed":0.0,"max_hp_gain":0.0,"max_hp_loss":0.0,"gold_gain":0.0,"event_name":"Lab","player_choice":"Got Potions","floor":2.0,"gold_loss":0.0,"damage_taken":0.0},{"damage_healed":0.0,"max_hp_gain":0.0,"max_hp_loss":0.0,"gold_gain":0.0,"event_name":"The Woman in Blue","player_choice":"Bought 0 Potions","floor":5.0,"gold_loss":0.0,"damage_taken":0.0},{"damage_healed":0.0,"max_hp_gain":0.0,"max_hp_loss":0.0,"gold_gain":0.0,"event_name":"Living Wall","player_choice":"Grow","floor":13.0,"gold_loss":0.0,"damage_taken":0.0,"cards_upgraded":["Flex"]},{"damage_healed":0.0,"max_hp_gain":0.0,"max_hp_loss":0.0,"gold_gain":0.0,"event_name":"Back to Basics","player_choice":"Simplicity","floor":24.0,"gold_loss":0.0,"damage_taken":0.0,"cards_upgraded":["Strike_R","Strike_R","Strike_R","Strike_R","Strike_R","Defend_R","Defend_R","Defend_R","Defend_R"]},{"damage_healed":28.0,"max_hp_gain":0.0,"max_hp_loss":0.0,"gold_gain":0.0,"event_name":"The Library","player_choice":"Heal","floor":27.0,"gold_loss":0.0,"damage_taken":0.0},{"damage_healed":0.0,"max_hp_gain":0.0,"max_hp_loss":0.0,"gold_gain":0.0,"event_name":"Ghosts","player_choice":"Ignored","floor":31.0,"gold_loss":0.0,"damage_taken":0.0},{"damage_healed":0,"gold_gain":0,"player_choice":"Fight","damage_taken":0,"max_hp_gain":0,"max_hp_loss":0,"event_name":"MindBloom","floor":44,"gold_loss":0},{"damage_healed":0,"gold_gain":0,"player_choice":"Memory 1","damage_taken":0,"max_hp_gain":0,"max_hp_loss":0,"event_name":"SensoryStone","floor":45,"gold_loss":0}],"is_beta":false,"boss_relics":[{"not_picked":["Runic Pyramid","Coffee Dripper"],"picked":"Mark of Pain"},{"not_picked":["Black Blood","Runic Dome"],"picked":"Philosopher\u0027s Stone"}],"items_purged_floors":[],"is_endless":false,"potions_floor_spawned":[3,7,11,12,16,18,19,21,22,28,29,33,35,36,37,39,41,44,46],"ascension_level":1}}