{"host":"daa8jqyg4gqfaysm","time":1609160960,"event":{"mods":["BaseMod","Colored Powertips","Minty Spire (QoL Compilation)","StSLib"],"gold_per_floor":[117,117,97,19,38,38,63,63,63,63,80,113,127,141,141,215,215,234,253,83,133,183,183,209,209,209,244,254,287,77,89,89,163,163,180,180,180,194,194,220,220,252,326,326,338,338,13,31,31,31,31],"floor_reached":50,"playtime":2054,"items_purged":["Strike_B","Strike_B"],"score":1232,"play_id":"0aa79848-5718-49bc-8172-f947253bdc69","local_time":"20201228210920","is_ascension_mode":true,"campfire_choices":[{"data":"Defragment","floor":6,"key":"SMITH"},{"data":"Capacitor","floor":8,"key":"SMITH"},{"data":"Echo Form","floor":10,"key":"SMITH"},{"data":"Streamline","floor":15,"key":"SMITH"},{"floor":23,"key":"REST"},{"data":"Consume","floor":25,"key":"SMITH"},{"floor":32,"key":"REST"},{"data":"Loop","floor":41,"key":"SMITH"},{"floor":44,"key":"RECALL"},{"data":"Echo Form","floor":46,"key":"SMITH"},{"data":"Rainbow","floor":49,"key":"SMITH"}],"circlet_count":0,"master_deck":["AscendersBane","Strike_B","Defend_B","Defend_B","Defend_B","Defend_B","Zap","Dualcast","Echo Form+1","Melter+1","Leap","Streamline+1","Defragment+1","Capacitor+1","Self Repair","BootSequence","Ball Lightning","Echo Form+1","Consume+1","Cold Snap","Loop+1","Cold Snap","Undo","Rainbow+1","Bandage Up","Chill+1","Steam Power+1"],"relics":["Cracked Core","Happy Flower","Pocketwatch","Lantern","Inserter","Meat on the Bone","Symbiotic Virus","Strawberry","Bottled Flame","Nuclear Battery","Toxic Egg 2","Blood Vial","Incense Burner"],"acts_visited":["Exordium","TheCity","TheBeyond"],"potions_floor_usage":[12,24,27,29,33],"damage_taken":[{"damage":4,"enemies":"2 Louse","floor":1,"turns":3},{"damage":0,"enemies":"Cultist","floor":5,"turns":3},{"damage":15,"enemies":"Lagavulin","floor":7,"turns":7},{"damage":3,"enemies":"Small Slimes","floor":11,"turns":3},{"damage":25,"enemies":"Gremlin Nob","floor":12,"turns":4},{"damage":2,"enemies":"Exordium Wildlife","floor":13,"turns":4},{"damage":0,"enemies":"2 Fungi Beasts","floor":14,"turns":3},{"damage":12,"enemies":"The Guardian","floor":16,"turns":10},{"damage":0,"enemies":"Spheric Guardian","floor":18,"turns":2},{"damage":27,"enemies":"Shell Parasite","floor":19,"turns":5},{"damage":15,"enemies":"Book of Stabbing","floor":24,"turns":7},{"damage":23,"enemies":"Slavers","floor":27,"turns":9},{"damage":10,"enemies":"Snecko","floor":28,"turns":4},{"damage":20,"enemies":"Gremlin Leader","floor":29,"turns":5},{"damage":11,"enemies":"Snake Plant","floor":31,"turns":6},{"damage":0,"enemies":"Automaton","floor":33,"turns":16},{"damage":57,"enemies":"3 Darklings","floor":35,"turns":10},{"damage":11,"enemies":"3 Shapes","floor":38,"turns":5},{"damage":7,"enemies":"Giant Head","floor":40,"turns":9},{"damage":37,"enemies":"Nemesis","floor":42,"turns":8},{"damage":16,"enemies":"Maw","floor":45,"turns":8},{"damage":23,"enemies":"4 Shapes","floor":48,"turns":9},{"damage":73,"enemies":"Awakened One","floor":50,"turns":6}],"seed_played":"5542777451037067728","potions_obtained":[{"floor":1,"key":"EssenceOfSteel"},{"floor":3,"key":"BlessingOfTheForge"},{"floor":14,"key":"AttackPotion"},{"floor":16,"key":"LiquidBronze"},{"floor":27,"key":"PowerPotion"},{"floor":29,"key":"SmokeBomb"},{"floor":31,"key":"DuplicationPotion"},{"floor":33,"key":"GamblersBrew"}],"is_trial":false,"path_per_floor":["M","?","?","$","M","R","E","R","T","R","M","E","M","M","R","B",null,"M","M","$","?","?","R","E","R","T","E","M","E","$","M","R","B",null,"M","?","?","M","?","E","R","E","T","R","M","R","$","M","R","B"],"character_chosen":"DEFECT","items_purchased":["Leap","Streamline","Loop","Cold Snap","Energy Potion","FocusPotion","Incense Burner"],"campfire_rested":2,"item_purchase_floors":[4,4,20,20,30,30,47],"current_hp_per_floor":[60,60,60,60,60,60,45,45,45,45,42,17,22,29,29,24,59,66,46,46,46,39,60,59,59,59,50,40,32,32,47,70,77,78,47,47,47,62,62,66,66,56,56,56,64,64,64,65,65,0,0],"gold":31,"neow_bonus":"ONE_RANDOM_RARE_CARD","is_daily":false,"chose_seed":false,"campfire_upgraded":8,"win_rate":0.0,"timestamp":1609160960,"path_taken":["M","?","?","$","?","R","E","R","T","R","M","E","?","?","R","BOSS","M","M","$","?","?","R","E","R","T","E","?","E","$","M","R","BOSS","M","?","?","M","?","E","R","E","T","R","M","R","$","M","R","BOSS"],"items_purchased_type":["Card","Card","Card","Card","Potion","Potion","Relic"],"build_version":"2020-12-22","purchased_purges":2,"victory":false,"max_hp_per_floor":[71,71,71,71,71,71,71,71,71,71,71,71,71,71,71,71,71,71,71,71,71,71,71,71,71,71,78,78,78,78,78,78,78,78,78,78,78,78,74,74,74,74,74,74,74,74,74,74,74,74,74],"card_choices":[{"not_picked":["Consume","Conserve Battery"],"picked":"Melter","floor":1},{"not_picked":["Fusion","Scrape"],"picked":"Defragment","floor":5},{"not_picked":["Ball Lightning","Stack"],"picked":"Capacitor","floor":7},{"not_picked":["Streamline","Chill"],"picked":"Self Repair","floor":11},{"not_picked":["Go for the Eyes","Hyperbeam"],"picked":"BootSequence","floor":12},{"not_picked":["Hello World","Turbo","Streamline"],"picked":"SKIP","floor":13},{"not_picked":["Steam","Hello World"],"picked":"Ball Lightning","floor":14},{"not_picked":["Multi-Cast","Fission"],"picked":"Echo Form","floor":16},{"not_picked":["Beam Cell","Rebound"],"picked":"Consume","floor":18},{"not_picked":["Stack","Redo"],"picked":"Cold Snap","floor":19},{"not_picked":["Reinforced Body","Fusion","Barrage"],"picked":"SKIP","floor":24},{"not_picked":["Hyperbeam","Blizzard","Double Energy+1"],"picked":"SKIP","floor":27},{"not_picked":["Steam+1","Compile Driver"],"picked":"Undo","floor":28},{"not_picked":["Leap+1","Steam","Beam Cell"],"picked":"SKIP","floor":29},{"not_picked":["Sunder","Conserve Battery","Darkness"],"picked":"SKIP","floor":31},{"not_picked":["Creative AI","Multi-Cast"],"picked":"Rainbow","floor":33},{"not_picked":["Scrape","Ball Lightning","Gash+1"],"picked":"SKIP","floor":35},{"not_picked":["The Bomb","Deep Breath"],"picked":"Bandage Up","floor":37},{"not_picked":["Redo+1","Gash","Turbo"],"picked":"SKIP","floor":38},{"not_picked":["Genetic Algorithm+1","Beam Cell"],"picked":"Chill+1","floor":40},{"not_picked":["Doom and Gloom","Hyperbeam","Gash"],"picked":"SKIP","floor":42},{"not_picked":["Ball Lightning","Streamline","Reprogram+1"],"picked":"SKIP","floor":45},{"not_picked":["Stack+1","Gash+1"],"picked":"Steam Power+1","floor":48}],"player_experience":749096,"relics_obtained":[{"floor":7,"key":"Happy Flower"},{"floor":9,"key":"Pocketwatch"},{"floor":12,"key":"Lantern"},{"floor":24,"key":"Meat on the Bone"},{"floor":26,"key":"Symbiotic Virus"},{"floor":27,"key":"Strawberry"},{"floor":29,"key":"Bottled Flame"},{"floor":40,"key":"Toxic Egg 2"},{"floor":42,"key":"Blood Vial"}],"event_choices":[{"damage_healed":0,"gold_gain":0,"player_choice":"Grow","damage_taken":0,"max_hp_gain":0,"max_hp_loss":0,"event_name":"Living Wall","floor":2,"gold_loss":0,"cards_upgraded":["Melter"]},{"damage_healed":0,"gold_gain":0,"player_choice":"Bought 1 Potion","damage_taken":0,"max_hp_gain":0,"max_hp_loss":0,"event_name":"The Woman in Blue","floor":3,"gold_loss":0},{"damage_healed":0,"gold_gain":50,"player_choice":"Stole From Cult","damage_taken":0,"max_hp_gain":0,"max_hp_loss":0,"event_name":"Nest","floor":21,"gold_loss":0},{"damage_healed":0,"gold_gain":50,"player_choice":"Touch","damage_taken":7,"max_hp_gain":0,"max_hp_loss":0,"event_name":"FaceTrader","floor":22,"gold_loss":0},{"cards_removed":["Strike_B"],"damage_healed":0,"gold_gain":0,"player_choice":"Removed Attack","damage_taken":0,"max_hp_gain":0,"max_hp_loss":0,"event_name":"Falling","floor":36,"gold_loss":0},{"damage_healed":0,"gold_gain":0,"player_choice":"Memory 1","damage_taken":0,"max_hp_gain":0,"max_hp_loss":0,"event_name":"SensoryStone","floor":37,"gold_loss":0},{"damage_healed":0,"gold_gain":0,"player_choice":"Max HP","damage_taken":0,"max_hp_gain":0,"max_hp_loss":4,"event_name":"Winding Halls","floor":39,"gold_loss":0}],"is_beta":false,"boss_relics":[{"not_picked":["Empty Cage","Astrolabe"],"picked":"Inserter"},{"not_picked":["SacredBark","Coffee Dripper"],"picked":"Nuclear Battery"}],"items_purged_floors":[20,30],"is_endless":false,"potions_floor_spawned":[1,5,14,16,27,29,31,33,35,45],"killed_by":"Awakened One","ascension_level":20}}