{"host":"e5u7qs1emxzejr12","time":1609163002,"event":{"mods":["2.2 Compatiblity","ATMod(∞¢Ë™Mod)","Act Like it!","BaseMod","Card Forge","Custom Start","Highlight Path","Luminous","Minty Spire (QoL Compilation)","Prisma Mod","Quick Restart","Reimu£®≤©¿ˆ¡È√Œ£©","Replay The Spire","Shop Mod","StSLib","SuperFastMode","Uncapped","UnlockEverythingMod","Yakumo Yukari mod","vexMod","°æ“≈ŒÔø®≈∆°øREMEMod"],"gold_per_floor":[138,138,413,470,620,725,800,905,905,1007,1106,489,576,227,227,455,455,494,761,539,539,290,374,473,551,577,670,769,811,414,414,414,468,1134,1188,1188,1218,1248,1009,1108,1141,1228,1300,1405,1807,1807,1903,1903,1903,1903,1903,1903,1903,1432,1528,1528],"floor_reached":57,"playtime":2920,"items_purged":[],"score":3826,"play_id":"de9716f7-cf5c-45f4-8f4f-1716dbb0cea3","local_time":"20201228214322","daily_mods":["Heirloom","Flight","DeadlyEvents","Elite Swarm","Midas"],"is_ascension_mode":true,"campfire_choices":[{"floor":15.0,"key":"DIG"},{"floor":32.0,"key":"RECALL"}],"circlet_count":0,"master_deck":["AscendersBane","PrismaMod:MiyuCheapChannelAttack+1","PrismaMod:MiyuCheapChannelDefend+1","PrismaMod:MiyuBride+1","PrismaMod:MiyuOrbIncreasePerm+1","PrismaMod:MiyuUncommonStrBuff+1","PrismaMod:MiyuEvokeAll+1","PrismaMod:MiyuUncommonStrBuff+1","REME_WheelOfFate+1","PrismaMod:MiyuEvokeAllDefend+1"],"relics":["PrismaMod:PrismaSapphire","Hammer of Thor","Seething Fire","Anvil of the Gods","AT_ATBox","REME_ComplimentaryCards","vexMod:RetaliationKit","Replay:Rubber Ducky","AT_GuinsooRageblade","Divine Protection","Bag of Marbles","Prayer Wheel","Ancient Tea Set","TentaclePot:ReiMu","Question Card","StoneCalendar","Membership Card","Vajra","Omamori","Potion Belt","Coffee Dripper","Chameleon Ring","PrismaMod:PrismaSapphire","Ginger","AT_ForceNature","Singing Bowl","Frozen Egg 2","Dream Catcher","Blue Doll","AT_DeathDance","MerchantsRug","REME_LimitBreaker","Sundial","Frozen Eye","Peace Pipe","vexMod:RockOfEvil","AT_TimeSand","Bottled Lightning","AT_EbonyIvory","Pear","StrikeDummy","Old Coin","Garlic","Oddly Smooth Stone","vexMod:PlasmaPancake","Guide Book","Gremlin Food"],"acts_visited":["Exordium","TheCity","TheBeyond","TheEnding"],"potions_floor_usage":[50,56,56,56,56],"damage_taken":[{"damage":0.0,"enemies":"2 Louse","floor":1.0,"turns":4.0},{"damage":10.0,"enemies":"Small Slimes","floor":4.0,"turns":4.0},{"damage":6.0,"enemies":"Gremlin Nob","floor":6.0,"turns":5.0},{"damage":0.0,"enemies":"Lagavulin","floor":7.0,"turns":7.0},{"damage":0.0,"enemies":"Gremlin Nob","floor":8.0,"turns":3.0},{"damage":2.0,"enemies":"Lagavulin","floor":10.0,"turns":5.0},{"damage":0.0,"enemies":"Gremlin Nob","floor":11.0,"turns":3.0},{"damage":0.0,"enemies":"3 Sentries","floor":13.0,"turns":4.0},{"damage":0.0,"enemies":"The Guardian","floor":16.0,"turns":7.0},{"damage":0.0,"enemies":"2 Thieves","floor":18.0,"turns":3.0},{"damage":8.0,"enemies":"Slavers","floor":23.0,"turns":5.0},{"damage":0.0,"enemies":"REME_1_Revenger","floor":24.0,"turns":5.0},{"damage":0.0,"enemies":"Book of Stabbing","floor":25.0,"turns":4.0},{"damage":0.0,"enemies":"Slavers","floor":27.0,"turns":3.0},{"damage":0.0,"enemies":"Gremlin Leader","floor":28.0,"turns":4.0},{"damage":0.0,"enemies":"Chosen","floor":29.0,"turns":3.0},{"damage":0.0,"enemies":"Colosseum Slavers","floor":32.0,"turns":3.0},{"damage":0.0,"enemies":"Colosseum Nobs","floor":32.0,"turns":3.0},{"damage":0.0,"enemies":"Champ","floor":33.0,"turns":7.0},{"damage":0.0,"enemies":"3 Shapes","floor":35.0,"turns":2.0},{"damage":0.0,"enemies":"Orb Walker","floor":37.0,"turns":2.0},{"damage":0.0,"enemies":"3 Darklings","floor":38.0,"turns":2.0},{"damage":0.0,"enemies":"R_Hoarder","floor":40.0,"turns":5.0},{"damage":0.0,"enemies":"Writhing Mass","floor":41.0,"turns":2.0},{"damage":0.0,"enemies":"Giant Head","floor":42.0,"turns":2.0},{"damage":0.0,"enemies":"R_Hoarder","floor":44.0,"turns":7.0},{"damage":0.0,"enemies":"Reptomancer","floor":45.0,"turns":1.0},{"damage":0.0,"enemies":"R_Hoarder","floor":47.0,"turns":4.0},{"damage":0,"enemies":"Replay:Hell Engine","floor":50,"turns":1},{"damage":0,"enemies":"Awakened One","floor":51,"turns":2},{"damage":0,"enemies":"Shield and Spear","floor":55,"turns":1},{"damage":38,"enemies":"The Heart","floor":56,"turns":6}],"seed_played":"-8974006262113542603","potions_obtained":[{"floor":4.0,"key":"PowerPotion"},{"floor":7.0,"key":"DistilledChaos"},{"floor":11.0,"key":"Block Potion"},{"floor":16.0,"key":"LiquidBronze"},{"floor":18.0,"key":"Toxic Potion"},{"floor":27.0,"key":"ZuzhouPotion:ReiMu"},{"floor":29.0,"key":"Swift Potion"},{"floor":53,"key":"Dexterity Potion"}],"is_trial":true,"path_per_floor":["M","?","?","M","?","E","E","E","T","E","E","$","E","$","R","B",null,"M","?","$","?","$","E","E","E","T","E","E","M","$","T","R","B",null,"M","$","M","M","$","E","M","E","T","E","E","?","E","?","R","B","B",null,"R","$","E","B",null],"character_chosen":"MIYU","items_purchased":["Ancient Tea Set","TentaclePot:ReiMu","Question Card","Membership Card","Vajra","Omamori","PrismaMod:MiyuUncommonDexBuff","Chameleon Ring","PrismaMod:MiyuOrbIncreasePerm","PrismaMod:MiyuUncommonStrBuff","Ginger","vexMod:TimeEaterHat","MerchantsRug","REME_LimitBreaker","Sundial","Frozen Eye","AT_TimeSand","Secret Technique","Oddly Smooth Stone","vexMod:PlasmaPancake","Guide Book","PrismaMod:MiyuUncommonStrBuff+1","REME_WheelOfFate"],"campfire_rested":0,"item_purchase_floors":[12,12,12,14,14,14,14,20,20,20,22,22,30,30,30,30,39,39,54,54,54,54,54],"current_hp_per_floor":[64,64,64,54,54,48,48,48,48,46,46,46,46,46,46,46,65,65,65,65,65,65,57,63,63,63,65,71,71,71,71,75,77,79,83,83,87,87,87,89,89,91,101,103,105,105,107,107,107,107,107,107,107,113,113,75],"gold":1528,"neow_bonus":"","is_daily":false,"chose_seed":false,"campfire_upgraded":0,"win_rate":0.0,"timestamp":1609163002,"path_taken":["M","?","?","?","?","E","E","E","T","E","E","$","?","$","R","BOSS","M","?","$","?","$","E","E","E","T","E","E","?","$","?","R","BOSS","M","$","M","M","$","E","M","E","T","E","E","?","E","?","R","BOSS","BOSS","R","$","E","BOSS"],"items_purchased_type":["Relic","Relic","Relic","Relic","Relic","Relic","Card","Relic","Card","Card","Relic","Relic","Relic","Relic","Relic","Relic","Relic","Card","Relic","Relic","Relic","Card","Card"],"build_version":"2020-12-22","purchased_purges":0,"victory":true,"max_hp_per_floor":[71,71,71,71,71,71,71,71,71,71,71,71,71,71,71,71,71,71,71,71,71,71,71,73,73,73,75,77,77,77,77,77,79,79,83,83,87,87,87,89,89,91,101,103,105,105,107,107,107,107,107,107,107,113,113,113],"card_choices":[{"not_picked":["PrismaMod:MiyuCheapDexBuff","PrismaMod:MiyuCheapEvoke"],"picked":"PrismaMod:MiyuCheapChannelWeak","floor":1.0},{"not_picked":["PrismaMod:MiyuCommonAOEAttack","PrismaMod:MiyuCheapChannelRandom"],"picked":"PrismaMod:MiyuCheapChannelVul","floor":4.0},{"not_picked":["PrismaMod:MiyuEvokeAllAttack","PrismaMod:MiyuChannelAttackEvoke"],"picked":"PrismaMod:MiyuCheapDefend2","floor":6.0},{"not_picked":["PrismaMod:MiyuDefendChannelDefend","PrismaMod:MiyuChannelAttackEvoke"],"picked":"PrismaMod:MiyuEvokeAllAttack","floor":7.0},{"not_picked":["PrismaMod:MiyuChannelAttackEvoke","PrismaMod:MiyuDefenseAbsorbMinor"],"picked":"PrismaMod:MiyuEvokeAllAttack","floor":8.0},{"not_picked":["PrismaMod:MiyuEvokeAllAttack","PrismaMod:MiyuDefendChannelDefend"],"picked":"PrismaMod:MiyuCheapDefend2","floor":10.0},{"not_picked":["PrismaMod:MiyuUberDefend","PrismaMod:MiyuDefendChannelDefend","PrismaMod:MiyuDefenseAbsorbMinor"],"picked":"SKIP","floor":11.0},{"not_picked":["PrismaMod:MiyuCheapDefend2","PrismaMod:MiyuEvokeAllAttack","PrismaMod:MiyuChannelAttackEvoke"],"picked":"PrismaMod:MiyuBride","floor":13.0},{"not_picked":["PrismaMod:MiyuCarnivalDefend","PrismaMod:MiyuUberDefend","PrismaMod:MiyuChannelDefendEvoke"],"picked":"PrismaMod:MiyuCheapDefend2","floor":16.0},{"not_picked":["PrismaMod:MiyuCheapDexBuff","PrismaMod:MiyuUberAttack","PrismaMod:MiyuDevil","PrismaMod:MiyuEvokeCheapDefend"],"picked":"SKIP","floor":18.0},{"not_picked":["PrismaMod:MiyuUberAOEAttack","PrismaMod:MiyuDevil","PrismaMod:MiyuCheapChannelWeak+1","PrismaMod:MiyuUncommonPlate"],"picked":"SKIP","floor":18.0},{"not_picked":["PrismaMod:MiyuMaid","PrismaMod:MiyuCheapChannelWeak","PrismaMod:MiyuCheapAttack2+1"],"picked":"PrismaMod:MiyuUberAttack+1","floor":19.0},{"not_picked":["PrismaMod:MiyuChannelDefendEvoke","PrismaMod:MiyuCarnivalDefend","PrismaMod:MiyuUberDefend"],"picked":"PrismaMod:MiyuCheapDefend2","floor":23.0},{"not_picked":["PrismaMod:MiyuCarnivalDefend","PrismaMod:MiyuEvokeAllAttack","PrismaMod:MiyuUberDefend","PrismaMod:MiyuChannelAttackEvoke"],"picked":"Singing Bowl","floor":24.0},{"not_picked":["PrismaMod:MiyuChannelDefendEvoke","PrismaMod:MiyuEvokeAllAttack","PrismaMod:MiyuEvokeAllDefend"],"picked":"PrismaMod:MiyuBride","floor":25.0},{"not_picked":["PrismaMod:MiyuChannelDefendEvoke","PrismaMod:MiyuCarnivalDefend","PrismaMod:MiyuChannelAttackEvoke","PrismaMod:MiyuEvokeAllAttack"],"picked":"Singing Bowl","floor":27.0},{"not_picked":["PrismaMod:MiyuUberDefend","PrismaMod:MiyuChannelAttackEvoke","PrismaMod:MiyuCarnivalDefend","PrismaMod:MiyuChannelDefendEvoke"],"picked":"Singing Bowl","floor":28.0},{"not_picked":["PrismaMod:MiyuUberAttack+1","PrismaMod:MiyuCheapAttack2","PrismaMod:MiyuDefenseRemoval+1"],"picked":"PrismaMod:MiyuUncommonDexBuff+1","floor":29.0},{"not_picked":["PrismaMod:MiyuUncommonAOEAttack","PrismaMod:MiyuCheapAttack1","PrismaMod:MiyuUberAOEAttack"],"picked":"PrismaMod:MiyuEvokeAll","floor":29.0},{"not_picked":["PrismaMod:MiyuEvokeAllAttack","PrismaMod:MiyuDefendChannelDefend","PrismaMod:MiyuCheapDefend2","PrismaMod:MiyuEvokeAllDefend"],"picked":"Singing Bowl","floor":33.0},{"not_picked":["PrismaMod:MiyuCheapAttack2","PrismaMod:MiyuCheapChannelHeal","PrismaMod:MiyuCheapEvoke","PrismaMod:MiyuEvokeCheapDefend"],"picked":"Singing Bowl","floor":35.0},{"not_picked":["PrismaMod:MiyuCheapChannelVul","PrismaMod:MiyuDefenseExplosion+1","PrismaMod:MiyuDefenseRemoval+1","PrismaMod:MiyuAttackChannelVul"],"picked":"Singing Bowl","floor":35.0},{"not_picked":["PrismaMod:MiyuCheapChannelWeak","PrismaMod:MiyuCheapAttack1","PrismaMod:MiyuCheapChannelVul+1","PrismaMod:MiyuMaid"],"picked":"Singing Bowl","floor":37.0},{"not_picked":["PrismaMod:MiyuCheapAttack2+1","PrismaMod:MiyuDefenseRemoval","PrismaMod:MiyuCheapEvoke+1","PrismaMod:MiyuCheapStrBuff+1"],"picked":"Singing Bowl","floor":37.0},{"not_picked":["PrismaMod:MiyuUncommonPlate+1","PrismaMod:MiyuCheapStrBuff+1","PrismaMod:MiyuCheapChannelVul"],"picked":"PrismaMod:MiyuEvokeAll","floor":38.0},{"not_picked":["PrismaMod:MiyuAttackChannelAttack","PrismaMod:MiyuMaid","PrismaMod:MiyuCarnivalDefend"],"picked":"PrismaMod:MiyuCheapChannelDefend","floor":38.0},{"not_picked":["PrismaMod:MiyuEvokeAllAttack","PrismaMod:MiyuUberDefend","PrismaMod:MiyuCheapDefend2","PrismaMod:MiyuChannelAttackEvoke"],"picked":"Singing Bowl","floor":40.0},{"not_picked":["PrismaMod:MiyuUncommonAttack","PrismaMod:MiyuCommonAOEAttack","PrismaMod:MiyuCheapAttack1+1"],"picked":"PrismaMod:MiyuOrbIncreasePerm+1","floor":41.0},{"not_picked":["PrismaMod:MiyuUncommonAttack","PrismaMod:MiyuUberAttack","PrismaMod:MiyuCheapStrBuff+1"],"picked":"PrismaMod:MiyuUncommonDexBuff+1","floor":41.0},{"not_picked":["PrismaMod:MiyuEvokeAllDefend","PrismaMod:MiyuBride","PrismaMod:MiyuUberDefend","PrismaMod:MiyuCheapDefend2"],"picked":"Singing Bowl","floor":42.0},{"not_picked":["PrismaMod:MiyuCheapDefend2","PrismaMod:MiyuEvokeAllDefend","PrismaMod:MiyuChannelAttackEvoke","PrismaMod:MiyuBride"],"picked":"Singing Bowl","floor":44.0},{"not_picked":["PrismaMod:MiyuCarnivalDefend","PrismaMod:MiyuChannelAttackEvoke","PrismaMod:MiyuCheapDefend2","PrismaMod:MiyuUberDefend"],"picked":"Singing Bowl","floor":45.0},{"not_picked":["PrismaMod:MiyuDefendChannelDefend","PrismaMod:MiyuChannelAttackEvoke","PrismaMod:MiyuUberDefend","PrismaMod:MiyuChannelDefendEvoke"],"picked":"Singing Bowl","floor":47.0},{"not_picked":["PrismaMod:MiyuUberDefend","PrismaMod:MiyuDefendChannelDefend","PrismaMod:MiyuEvokeAllAttack"],"picked":"PrismaMod:MiyuEvokeAllDefend","floor":55}],"player_experience":40438,"relics_obtained":[{"floor":6.0,"key":"Replay:Rubber Ducky"},{"floor":7.0,"key":"AT_GuinsooRageblade"},{"floor":8.0,"key":"Divine Protection"},{"floor":10.0,"key":"Bag of Marbles"},{"floor":11.0,"key":"Prayer Wheel"},{"floor":13.0,"key":"StoneCalendar"},{"floor":15.0,"key":"Potion Belt"},{"floor":23.0,"key":"AT_ForceNature"},{"floor":24.0,"key":"Singing Bowl"},{"floor":25.0,"key":"Frozen Egg 2"},{"floor":26.0,"key":"Dream Catcher"},{"floor":27.0,"key":"Blue Doll"},{"floor":28.0,"key":"AT_DeathDance"},{"floor":31.0,"key":"Peace Pipe"},{"floor":40.0,"key":"Bottled Lightning"},{"floor":42.0,"key":"AT_EbonyIvory"},{"floor":43.0,"key":"Pear"},{"floor":44.0,"key":"StrikeDummy"},{"floor":45.0,"key":"Old Coin"},{"floor":47.0,"key":"Garlic"},{"floor":55,"key":"Gremlin Food"}],"event_choices":[{"damage_healed":0.0,"max_hp_gain":0.0,"max_hp_loss":0.0,"gold_gain":0.0,"event_name":"Shining Light","player_choice":"Ignored","floor":2.0,"gold_loss":0.0,"damage_taken":0.0},{"damage_healed":0.0,"max_hp_gain":0.0,"max_hp_loss":0.0,"gold_gain":275.0,"event_name":"Golden Shrine","player_choice":"Desecrate","floor":3.0,"gold_loss":0.0,"damage_taken":0.0,"cards_obtained":["Regret"]},{"damage_healed":0.0,"max_hp_gain":0.0,"max_hp_loss":0.0,"gold_gain":150.0,"event_name":"Liars Game","player_choice":"AGREE","floor":5.0,"gold_loss":0.0,"damage_taken":0.0,"cards_obtained":["Doubt"]},{"damage_healed":0.0,"max_hp_gain":0.0,"max_hp_loss":0.0,"gold_gain":0.0,"event_name":"Colosseum","player_choice":"Fight","floor":32.0,"gold_loss":0.0,"damage_taken":0.0},{"damage_healed":0.0,"max_hp_gain":0.0,"max_hp_loss":0.0,"gold_gain":0.0,"event_name":"Colosseum","player_choice":"Fought Nobs","floor":32.0,"gold_loss":0.0,"damage_taken":0.0},{"cards_removed":["PrismaMod:MiyuOrbIncreasePerm"],"damage_healed":0.0,"max_hp_gain":0.0,"max_hp_loss":0.0,"gold_gain":0.0,"event_name":"Falling","player_choice":"Removed Skill","floor":46.0,"gold_loss":0.0,"damage_taken":0.0},{"damage_healed":0.0,"max_hp_gain":0.0,"max_hp_loss":0.0,"gold_gain":0.0,"event_name":"Tomb of Lord Red Mask","player_choice":"Ignored","floor":48.0,"gold_loss":0.0,"damage_taken":0.0}],"is_beta":false,"boss_relics":[{"not_picked":["Replay:Wanted Poster","Velvet Choker"],"picked":"Coffee Dripper"},{"not_picked":["Calling Bell","AT_TrinityForce"],"picked":"vexMod:RockOfEvil"}],"items_purged_floors":[],"is_endless":false,"potions_floor_spawned":[4,7,11,16,18,24,27,29,35,40,41,42],"ascension_level":20}}