{"host":"n7mxhpjy89lltbhc","time":1609146442,"event":{"mods":["2.2 Compatiblity","Act Like it!","Bard","BaseMod","Better Match","Better Sensory Stone","Better Synergies","Better Third Choice","Better Vampires","BetterRewards","Challenge The Spire","Colored Map","Colored Powertips","Downfall","Gensokyo","Hubris","Infinite Spire","Jedi Mod","Marisa????????","Marked Mod","Minty Spire (QoL Compilation)","Permanent Neow","Rare Cards Sparkle","Relic Sorter","Relic Stats","Replay The Spire","Shop Mod","Small Relic Pack","Spicy Shops","StSLib","Strawberry Spire","The Blue Laboratory","The Disciple","The Servant 0.9.4","Uncapped","Waifu the Spire","Wandering Minibosses","vexMod"],"gold_per_floor":[124,124,155,30,30,30,64,3,30,63,91,191,191,191,191,428,428,458,458,418,433,433,474,474,522,545,592,602,298,0,49,49,49,49],"floor_reached":33,"playtime":1657,"items_purged":[],"score":553,"play_id":"edff513a-1080-469e-a2e0-db60dc0283c5","local_time":"25631228160722","is_ascension_mode":true,"campfire_choices":[{"data":"DeepEcoloBomb","floor":6.0,"key":"SMITH"},{"floor":13.0,"key":"REST"},{"data":"StarDustReverie","floor":15.0,"key":"SMITH"},{"floor":24,"key":"REST"}],"circlet_count":0,"master_deck":["AscendersBane","Strike_MRS+1","Strike_MRS","Strike_MRS","Strike_MRS","Defend_MRS","Defend_MRS","Defend_MRS","Defend_MRS","MasterSpark+1","UpSweep","WitchOfGreed+1","ShootingEcho+1","DeepEcoloBomb+1","OrrerysSun+1","StarDustReverie+1","AsteroidBelt","TreasureHunter+1","MillisecondPulsars","AbeCurse","DoubleSpark","Gensokyo:FourOfAKind+1","Gensokyo:FourOfAKind","Gensokyo:FourOfAKind+1","Gensokyo:FourOfAKind","GasGiant","ChargingUp+1","Occultation","GravityBeat+1","BlazeAway","GravityBeat","BigCrunch","Singularity+1","ChargingUp"],"relics":["MiniHakkero","vexMod:FocusSash","relicPack:OneForAll","Abe\u0027s Treasure","hubris:Backtick","HandmadeGrimoire","Snack Pack","hexamod:BolsterEngine","Whetstone","strawberrySpire:KineticCharger","The Courier","Mirror","wanderingMiniBosses:CarrionFlame","SimpleLauncher","Orrery","TungstenRod"],"acts_visited":["Gensokyo:Gensokyo","Gensokyo:Gensokyoer"],"potions_floor_usage":[33],"damage_taken":[{"damage":12.0,"enemies":"Gensokyo:3_Fairies","floor":1.0,"turns":5.0},{"damage":14.0,"enemies":"Gensokyo:2_Kodama","floor":3.0,"turns":7.0},{"damage":6.0,"enemies":"Gensokyo:Gryphon","floor":7.0,"turns":4.0},{"damage":6.0,"enemies":"Gensokyo:VengefulSpirit","floor":10.0,"turns":6.0},{"damage":13.0,"enemies":"Gensokyo:Gryphon_and_Rabbit","floor":11.0,"turns":8.0},{"damage":22.0,"enemies":"Gensokyo:Kokoro","floor":16.0,"turns":13.0},{"damage":17.0,"enemies":"Gensokyo:AngelMirror","floor":18.0,"turns":4.0},{"damage":11.0,"enemies":"Gensokyo:CosmicMonolith","floor":21.0,"turns":3.0},{"damage":21,"enemies":"Gensokyo:Tenshi","floor":23,"turns":7},{"damage":6,"enemies":"Gensokyo:Koishi","floor":25,"turns":6},{"damage":27,"enemies":"Nightmare","floor":27,"turns":5},{"damage":0,"enemies":"Gensokyo:Slime_Group","floor":28,"turns":7},{"damage":14,"enemies":"Gensokyo:Tenshi","floor":31,"turns":5},{"damage":38,"enemies":"Gensokyo:Kaguya","floor":33,"turns":3}],"seed_played":"2052107250434738774","potions_obtained":[{"floor":1.0,"key":"ColorlessPotion"},{"floor":1.0,"key":"SpeedPotion"},{"floor":11.0,"key":"SteroidPotion"},{"floor":16.0,"key":"blueLaboratory:BottleOfVodka"},{"floor":18.0,"key":"jedi:wingpotion"},{"floor":25,"key":"Energy Potion"},{"floor":25,"key":"FairyPotion"},{"floor":31,"key":"AttackPotion"}],"is_trial":false,"path_per_floor":["M","?","M","?","$","R","M","COS","T","M","M","?","R","?","R","B",null,"M","?","?","M","AVR","E","R","E","T","NM","M","COS","?","E","R_BF","B"],"character_chosen":"MARISA","items_purchased":[],"campfire_rested":2,"item_purchase_floors":[],"current_hp_per_floor":[51,51,37,37,37,37,31,31,31,33,20,20,41,41,41,19,57,40,40,40,29,29,13,26,28,28,1,7,7,7,13,26,0,0],"gold":49,"neow_bonus":"THREE_CARDS","is_daily":false,"chose_seed":false,"campfire_upgraded":2,"win_rate":0.0,"timestamp":1609146442,"path_taken":["M","?","M","?","$","R","M","COS","T","?","M","?","R","?","R","BOSS","M","?","?","M","AVR","E","R","E","T","NM","M","COS","?","E","R_BF","BOSS"],"items_purchased_type":[],"build_version":"2020-12-22","purchased_purges":0,"victory":false,"max_hp_per_floor":[70,70,70,70,70,70,70,70,70,70,70,70,70,70,70,70,70,70,46,46,46,46,46,46,46,46,46,46,46,46,46,46,46,46],"relic_stats":{"counters":[14,83],"Whetstone":["MasterSpark","Strike_MRS"],"obtain_stats":[{"The Courier":27,"vexMod:FocusSash":9,"Whetstone":25,"relicPack:OneForAll":14,"Frozen Eye":25,"hubris:Backtick":22,"strawberrySpire:KineticCharger":26,"wanderingMiniBosses:CarrionFlame":28,"Orrery":29,"HandmadeGrimoire":22,"Snack Pack":23,"MiniHakkero":0,"hexamod:BolsterEngine":23,"Mirror":27,"Abe\u0027s Treasure":17,"relicPack:NeonSign":22,"SimpleLauncher":29,"TungstenRod":31},{"The Courier":11,"vexMod:FocusSash":3,"Whetstone":10,"relicPack:OneForAll":5,"Frozen Eye":9,"hubris:Backtick":8,"strawberrySpire:KineticCharger":10,"wanderingMiniBosses:CarrionFlame":12,"Orrery":12,"HandmadeGrimoire":8,"Snack Pack":9,"MiniHakkero":0,"hexamod:BolsterEngine":9,"Mirror":11,"Abe\u0027s Treasure":6,"relicPack:NeonSign":8,"SimpleLauncher":12,"TungstenRod":13},{"The Courier":68,"vexMod:FocusSash":16,"Whetstone":63,"relicPack:OneForAll":30,"Frozen Eye":57,"hubris:Backtick":50,"strawberrySpire:KineticCharger":63,"wanderingMiniBosses:CarrionFlame":75,"Orrery":75,"HandmadeGrimoire":50,"Snack Pack":57,"MiniHakkero":0,"hexamod:BolsterEngine":57,"Mirror":68,"Abe\u0027s Treasure":43,"relicPack:NeonSign":50,"SimpleLauncher":75,"TungstenRod":80}],"TungstenRod":4},"card_choices":[{"not_picked":["NonDirectionalLaser","MysteriousBeam"],"picked":"WitchOfGreed","floor":0.0},{"not_picked":["UnstableBomb","SuperPerseids"],"picked":"ShootingEcho","floor":1.0},{"not_picked":["6A","IllusionStar"],"picked":"DeepEcoloBomb","floor":3.0},{"not_picked":["AlicesGift+1","EnergyRecoil+1"],"picked":"OrrerysSun+1","floor":4.0},{"not_picked":["GravityBeat","IllusionStar"],"picked":"StarDustReverie","floor":7.0},{"not_picked":["WitchOfGreed","NonDirectionalLaser","MilkyWay"],"picked":"SKIP","floor":10.0},{"not_picked":["NonDirectionalLaser","GravityBeat"],"picked":"AsteroidBelt","floor":11.0},{"not_picked":["JA+1","AbsoluteMagnitude+1"],"picked":"TreasureHunter+1","floor":16.0},{"not_picked":["TreasureHunter","BlazingStar"],"picked":"MillisecondPulsars","floor":16.0},{"not_picked":["EnergyRecoil","DC"],"picked":"DoubleSpark","floor":18.0},{"not_picked":["NonDirectionalLaser","AsteroidBelt","PowerUp"],"picked":"SKIP","floor":21.0},{"not_picked":["EventHorizon+1","AsteroidBelt"],"picked":"GasGiant","floor":23},{"not_picked":["WitchOfGreed+1","AsteroidBelt"],"picked":"ChargingUp+1","floor":25},{"not_picked":["AlicesGift","LuminesStrike","DarkMatter"],"picked":"SKIP","floor":27},{"not_picked":["AlicesGift","LuminesStrike","DarkMatter"],"picked":"SKIP","floor":27},{"not_picked":["DoubleSpark","6A"],"picked":"Occultation","floor":28},{"not_picked":["GrandCross","PowerUp"],"picked":"GravityBeat","floor":29},{"not_picked":["6A","Acceleration"],"picked":"BlazeAway","floor":29},{"not_picked":["IllusionStar","SuperPerseids+1"],"picked":"GravityBeat","floor":29},{"not_picked":["MysteriousBeam+1","IllusionStar"],"picked":"BigCrunch","floor":29},{"not_picked":["ChargeUpSpray","IllusionStar"],"picked":"Singularity+1","floor":29},{"not_picked":["LuminesStrike","DragonMeteor"],"picked":"ChargingUp","floor":31}],"player_experience":1010677,"relics_obtained":[{"floor":9.0,"key":"vexMod:FocusSash"},{"floor":23,"key":"Snack Pack"},{"floor":23,"key":"hexamod:BolsterEngine"},{"floor":25,"key":"Whetstone"},{"floor":26,"key":"strawberrySpire:KineticCharger"},{"floor":27,"key":"The Courier"},{"floor":27,"key":"Mirror"},{"floor":28,"key":"wanderingMiniBosses:CarrionFlame"},{"floor":31,"key":"TungstenRod"}],"event_choices":[{"damage_healed":0.0,"max_hp_gain":0.0,"max_hp_loss":0.0,"gold_gain":0.0,"event_name":"betterMatch:BetterMatch","player_choice":"2","floor":4.0,"gold_loss":0.0,"damage_taken":0.0,"cards_obtained":["betterMatch:UncommonCard"]}],"is_beta":false,"boss_relics":[{"not_picked":["hubris:TerracottaHorce","Black Star"],"picked":"Abe\u0027s Treasure"}],"items_purged_floors":[],"is_endless":false,"potions_floor_spawned":[1,3,18,25,28,31],"killed_by":"Gensokyo:Kaguya","ascension_level":15}}