{"host":"0ydzwspkajt4brzd","time":1609145932,"event":{"mods":["AchievementEnabler","BaseMod","Colored Map","DeckTracker","Googly Eyes","Highlight Path","Minty Spire (QoL Compilation)","Quick Restart","Random Character Button","Rare Cards Sparkle"],"gold_per_floor":[119,119,137,154,164,193,206,240,240,254,288,299,299,334,334,436,436,448,31,51,51,51],"floor_reached":21,"playtime":1908,"items_purged":["Normality"],"score":316,"play_id":"efc68865-d11e-43ad-b6e9-1d89109c70ea","local_time":"20201228005852","is_ascension_mode":true,"campfire_choices":[{"data":"Clothesline","floor":13,"key":"SMITH"},{"data":"Fire Breathing","floor":15,"key":"SMITH"}],"circlet_count":0,"master_deck":["Strike_R","Strike_R","Strike_R","Strike_R","Strike_R","Defend_R","Defend_R","Defend_R","Defend_R","Bash","Infernal Blade","Clash","Evolve","Bludgeon","Flame Barrier","Bloodletting","Thunderclap","Fire Breathing+1","Flame Barrier","Clothesline+1","Barricade","Wild Strike"],"relics":["Burning Blood","FossilizedHelix","PreservedInsect","TungstenRod","The Courier","Sundial","Happy Flower","SlaversCollar","Vajra","Omamori","Ancient Tea Set"],"acts_visited":["Exordium","TheCity"],"potions_floor_usage":[8,12,14,16,16,21],"damage_taken":[{"damage":0.0,"enemies":"Small Slimes","floor":1.0,"turns":4.0},{"damage":1.0,"enemies":"Cultist","floor":3.0,"turns":3.0},{"damage":2.0,"enemies":"Jaw Worm","floor":4.0,"turns":3.0},{"damage":4.0,"enemies":"Red Slaver","floor":5.0,"turns":3.0},{"damage":25.0,"enemies":"Gremlin Nob","floor":6.0,"turns":5.0},{"damage":0.0,"enemies":"Large Slime","floor":7.0,"turns":3.0},{"damage":19,"enemies":"Lagavulin","floor":8,"turns":8},{"damage":4,"enemies":"Gremlin Gang","floor":10,"turns":3},{"damage":0,"enemies":"Gremlin Nob","floor":11,"turns":3},{"damage":10,"enemies":"Lots of Slimes","floor":12,"turns":4},{"damage":0,"enemies":"3 Sentries","floor":14,"turns":5},{"damage":40,"enemies":"The Guardian","floor":16,"turns":12},{"damage":40,"enemies":"Shell Parasite","floor":18,"turns":7},{"damage":10,"enemies":"Spheric Guardian","floor":20,"turns":5},{"damage":49,"enemies":"Shelled Parasite and Fungi","floor":21,"turns":6}],"seed_played":"-7220356232512423253","potions_obtained":[{"floor":6.0,"key":"AttackPotion"},{"floor":7.0,"key":"HeartOfIron"},{"floor":8,"key":"SpeedPotion"},{"floor":11,"key":"GamblersBrew"},{"floor":14,"key":"PowerPotion"},{"floor":16,"key":"Explosive Potion"},{"floor":20,"key":"Block Potion"}],"is_trial":false,"path_per_floor":["M","?","M","M","M","E","M","E","T","M","E","M","R","E","R","B",null,"M","$","M","M"],"character_chosen":"IRONCLAD","items_purchased":["Vajra","Omamori","Ancient Tea Set"],"campfire_rested":0,"item_purchase_floors":[19,19,19],"current_hp_per_floor":[80,80,80,80,80,61,67,54,54,56,62,58,58,64,64,30,80,46,46,42,0,0],"gold":51,"neow_bonus":"ONE_RARE_RELIC","is_daily":false,"chose_seed":false,"campfire_upgraded":2,"win_rate":0.0,"timestamp":1609145932,"path_taken":["M","?","M","M","M","E","?","E","T","M","E","M","R","E","R","BOSS","M","$","M","M"],"items_purchased_type":["Relic","Relic","Relic"],"build_version":"2020-12-22","purchased_purges":1,"victory":false,"max_hp_per_floor":[80,80,80,80,80,80,80,80,80,80,80,80,80,80,80,80,80,80,80,80,80,80],"card_choices":[{"not_picked":["Havoc","Warcry"],"picked":"Infernal Blade","floor":1.0},{"not_picked":["Reckless Charge","Shockwave"],"picked":"Clash","floor":3.0},{"not_picked":["Armaments","Dual Wield"],"picked":"Evolve","floor":4.0},{"not_picked":["Shrug It Off","Warcry"],"picked":"Bludgeon","floor":5.0},{"not_picked":["Sentinel","Infernal Blade"],"picked":"Flame Barrier","floor":6.0},{"not_picked":["Anger","Blood for Blood"],"picked":"Bloodletting","floor":7.0},{"not_picked":["Blood for Blood","Anger"],"picked":"Thunderclap","floor":8},{"not_picked":["Combust","True Grit"],"picked":"Fire Breathing","floor":10},{"not_picked":["Perfected Strike","Twin Strike"],"picked":"Flame Barrier","floor":11},{"not_picked":["Inflame","Rage"],"picked":"Clothesline","floor":12},{"not_picked":["Headbutt","Inflame","Pommel Strike"],"picked":"SKIP","floor":14},{"not_picked":["Limit Break","Berserk"],"picked":"Barricade","floor":16},{"not_picked":["Pommel Strike","Havoc","Warcry"],"picked":"SKIP","floor":18},{"not_picked":["Heavy Blade","Havoc"],"picked":"Wild Strike","floor":20}],"player_experience":312291,"relics_obtained":[{"floor":6.0,"key":"PreservedInsect"},{"floor":8,"key":"TungstenRod"},{"floor":9,"key":"The Courier"},{"floor":11,"key":"Sundial"},{"floor":14,"key":"Happy Flower"}],"event_choices":[{"damage_healed":0.0,"max_hp_gain":0.0,"max_hp_loss":0.0,"gold_gain":0.0,"event_name":"Wheel of Change","player_choice":"Full Heal","floor":2.0,"gold_loss":0.0,"damage_taken":0.0}],"is_beta":false,"boss_relics":[{"not_picked":["Coffee Dripper","Philosopher\u0027s Stone"],"picked":"SlaversCollar"}],"items_purged_floors":[19],"is_endless":false,"potions_floor_spawned":[6,7,8,11,14,16,20],"killed_by":"Shelled Parasite and Fungi","ascension_level":4}}