{"host":"0cnf9zf1gia27zti","time":1609167095,"event":{"mods":["BaseMod","BetterRewards","Card Forge","Colored Map","Colored Powertips","Conspire","Downfall","Minty Spire (QoL Compilation)","Practice Mode","Quick Restart","Replay The Spire","Robot Space Explorer","Shade Mod","Spicy Shops","StSLib"],"gold_per_floor":[119,135,135,180,11,40,40,40,66,66,84,84,103,25,25,114,114,135,135,159,41,41,72,97,120,197,115,115,115,115,39,39,128,128,149,16,35,0,25,25,48,86,86,419,169,169,184,209,209,209],"floor_reached":51,"playtime":7833,"items_purged":["Strike_B","Strike_B","Defend_B"],"score":1449,"play_id":"060748ed-c0a0-4ca4-aab8-69d10d03b190","local_time":"20201228145135","is_ascension_mode":true,"campfire_choices":[{"floor":10,"key":"REST"},{"floor":15,"key":"REST"},{"floor":28,"key":"REST"},{"floor":30,"key":"REST"},{"floor":32,"key":"REST"},{"data":"Scrape","floor":40,"key":"SMITH"},{"data":"Conserve Battery","floor":46,"key":"SMITH"},{"data":"Go for the Eyes","floor":49,"key":"SMITH"}],"circlet_count":0,"master_deck":["AscendersBane","Defend_B","Defend_B","Zap","Dualcast","Reprogram+1","Go for the Eyes","Conserve Battery+1","Gash","Go for the Eyes+1","FTL+1","Sweeping Beam","Machine Learning+1","ReplayGash","Steam","All For One+1","BootSequence","Go for the Eyes","Gash","Self Repair","Beam Cell+1","Gash","All For One+1","Steam","Core Surge","Scrape+1","Gash","Core Surge","Reprogram+1","Gash","ReplayTheSpireMod:Omega Cannon","Steam","Conserve Battery","All For One","Beam Cell+1","Gash","Machine Learning"],"relics":["Cracked Core","Hammer of Thor","Seething Fire","Anvil of the Gods","Chemical X","Prayer Wheel","Bag of Marbles","Vajra","Replay:WaspNest","Replay:Wax Seal","Pantograph","Guide Book","Philosopher\u0027s Stone","Membership Card","ReplayTheSpireMod:TigerMarble","Ornamental Fan","DollysMirror","Replay:PocketPolymizer","SlaversCollar","Replay:Baseball","Red Mask","Pet Ghost","conspire:GiftBox","Carrot","conspire:DecoderRing","CaptainsWheel","Prayer Wheel"],"acts_visited":["Exordium","TheCity","TheBeyond"],"potions_floor_usage":[6,6,16,23,23,31,47],"damage_taken":[{"damage":0,"enemies":"Cultist","floor":1,"turns":4},{"damage":3,"enemies":"Small Slimes","floor":2,"turns":3},{"damage":6,"enemies":"Lagavulin","floor":6,"turns":6},{"damage":7,"enemies":"Jaw Worm","floor":11,"turns":3},{"damage":13,"enemies":"3 Louse","floor":13,"turns":3},{"damage":22,"enemies":"The Guardian","floor":16,"turns":11},{"damage":0,"enemies":"Chosen","floor":18,"turns":4},{"damage":9,"enemies":"2 Thieves","floor":20,"turns":3},{"damage":30,"enemies":"Book of Stabbing","floor":23,"turns":5},{"damage":9,"enemies":"Snake Plant","floor":24,"turns":4},{"damage":26,"enemies":"Cultist and Chosen","floor":25,"turns":6},{"damage":34,"enemies":"Chosen and Byrds","floor":31,"turns":4},{"damage":25,"enemies":"Collector","floor":33,"turns":7},{"damage":6,"enemies":"Orb Walker","floor":35,"turns":3},{"damage":0,"enemies":"3 Darklings","floor":37,"turns":3},{"damage":0,"enemies":"Maw","floor":41,"turns":5},{"damage":0,"enemies":"Nemesis","floor":42,"turns":7},{"damage":0,"enemies":"Jaw Worm Horde","floor":47,"turns":2},{"damage":15,"enemies":"Mind Bloom Boss Battle","floor":48,"turns":4},{"damage":6,"enemies":"Awakened One","floor":50,"turns":8}],"seed_played":"1374324087039906074","potions_obtained":[{"floor":2,"key":"SteroidPotion"},{"floor":4,"key":"Slimebound:ThreeZeroPotion"},{"floor":6,"key":"SpeedPotion"},{"floor":16,"key":"Elixir"},{"floor":20,"key":"conspire:TimeTravelPotion"},{"floor":25,"key":"Milkshake"},{"floor":33,"key":"SmokeBomb"},{"floor":35,"key":"Block Potion"},{"floor":41,"key":"Energy Potion"}],"is_trial":false,"path_per_floor":["M","M","?","?","$","E","?","?","T","R","M","T","M","$","R","B",null,"M","$","M","$","?","E","M","M","T","$","R","?","R","M","R","B",null,"M","$","M","?","T","R","M","E","T","?","$","R","M","?","R","B",null],"character_chosen":"DEFECT","items_purchased":["Reprogram+1","Go for the Eyes","Chemical X","Prayer Wheel","Conserve Battery","Vajra","Guide Book","Gash","Membership Card","DollysMirror","Replay:Baseball","Steam","conspire:DecoderRing","Conserve Battery"],"campfire_rested":5,"item_purchase_floors":[0,0,0,0,0,5,14,21,21,27,36,45,45,45],"current_hp_per_floor":[64,61,61,38,38,32,32,37,37,59,52,52,39,39,61,54,71,71,71,62,62,62,49,47,21,21,21,43,43,65,38,60,58,72,73,73,73,73,73,73,73,76,76,76,76,76,76,61,61,70],"gold":209,"neow_bonus":"","is_daily":false,"chose_seed":false,"campfire_upgraded":3,"win_rate":0.0,"timestamp":1609167095,"path_taken":["M","M","?","?","$","E","?","?","T","R","M","?","?","$","R","BOSS","M","$","M","$","?","E","M","?","T","?","R","?","R","M","R","BOSS","M","$","?","?","?","R","M","E","T","?","$","R","M","?","R","BOSS"],"items_purchased_type":["Card","Card","Relic","Relic","Card","Relic","Relic","Card","Relic","Relic","Relic","Card","Relic","Card"],"build_version":"2020-12-22","purchased_purges":3,"victory":true,"max_hp_per_floor":[71,71,71,71,71,71,71,76,76,76,76,76,76,76,76,76,76,76,76,76,76,76,76,76,76,76,76,76,76,76,76,76,76,76,76,76,76,76,76,76,76,76,76,76,76,76,76,76,76,76],"card_choices":[{"not_picked":["Blizzard","Stack","Rebound"],"picked":"SKIP","floor":1},{"not_picked":["Blizzard","Darkness","ReplayTheSpireMod:Reroute Power"],"picked":"SKIP","floor":1},{"not_picked":["Stack","Self Repair"],"picked":"Go for the Eyes","floor":2},{"not_picked":["Rebound","Undo","Streamline"],"picked":"SKIP","floor":2},{"not_picked":["Compile Driver","Panic Button"],"picked":"FTL","floor":4},{"not_picked":["Rebound","Coolheaded"],"picked":"Sweeping Beam","floor":6},{"not_picked":["Ball Lightning","Chill"],"picked":"Machine Learning","floor":11},{"not_picked":["ReplayTheSpireMod:System Scan","Darkness","Glacier"],"picked":"SKIP","floor":11},{"not_picked":["Crystallizer","Compile Driver"],"picked":"ReplayGash","floor":13},{"not_picked":["BasicCrystalCard","ReplayTheSpireMod:GoodbyeWorld"],"picked":"Steam","floor":13},{"not_picked":["Thunder Strike","Amplify"],"picked":"All For One","floor":16},{"not_picked":["conspire:SharedLibrary","Genetic Algorithm+1"],"picked":"BootSequence","floor":18},{"not_picked":["Stack","ReplayTheSpireMod:Repulse","Ball Lightning"],"picked":"SKIP","floor":18},{"not_picked":["Steam Power","Leap"],"picked":"Go for the Eyes","floor":20},{"not_picked":["Cold Snap","Glacier","Darkness"],"picked":"SKIP","floor":20},{"not_picked":["Hologram","Biased Cognition"],"picked":"Self Repair","floor":23},{"not_picked":["Coolheaded","Crystallizer"],"picked":"Beam Cell","floor":24},{"not_picked":["Compile Driver","Auto Shields","Go for the Eyes"],"picked":"SKIP","floor":24},{"not_picked":["Conserve Battery","ReplaySolidLightProjector"],"picked":"Gash","floor":25},{"not_picked":["Glacier+1","Go for the Eyes","Hello World"],"picked":"SKIP","floor":25},{"not_picked":["Go for the Eyes","ReplayTheSpireMod:Dual Polarity"],"picked":"Steam","floor":31},{"not_picked":["Doom and Gloom+1","Leap","Ball Lightning"],"picked":"SKIP","floor":31},{"not_picked":["Amplify","Rainbow"],"picked":"Core Surge","floor":33},{"not_picked":["ReplayTheSpireMod:GoodbyeWorld","Static Discharge"],"picked":"Scrape","floor":35},{"not_picked":["Hologram","Panic Button","Barrage"],"picked":"SKIP","floor":35},{"not_picked":["Panic Button","Self Repair"],"picked":"Gash","floor":37},{"not_picked":["Redo","Lockon"],"picked":"Core Surge","floor":37},{"not_picked":["Fusion","Lockon"],"picked":"Gash","floor":41},{"not_picked":["Leap","Steam Power","Coolheaded"],"picked":"SKIP","floor":41},{"not_picked":["Fission","Creative AI"],"picked":"ReplayTheSpireMod:Omega Cannon","floor":42},{"not_picked":["Redo","Panic Button","Rebound"],"picked":"SKIP","floor":42},{"not_picked":["Streamline+1","Compile Driver"],"picked":"Beam Cell+1","floor":47},{"not_picked":["Leap","Force Field","Go for the Eyes"],"picked":"SKIP","floor":47},{"not_picked":["Leap","Turbo"],"picked":"Gash","floor":48}],"player_experience":2655385,"relics_obtained":[{"floor":4,"key":"Bag of Marbles"},{"floor":6,"key":"Replay:WaspNest"},{"floor":9,"key":"Replay:Wax Seal"},{"floor":12,"key":"Pantograph"},{"floor":23,"key":"ReplayTheSpireMod:TigerMarble"},{"floor":26,"key":"Ornamental Fan"},{"floor":39,"key":"Pet Ghost"},{"floor":42,"key":"conspire:GiftBox"},{"floor":43,"key":"Carrot"},{"floor":48,"key":"CaptainsWheel"}],"event_choices":[{"damage_healed":0,"gold_gain":0,"player_choice":"Take Wound","damage_taken":0,"relics_obtained":["Golden Idol"],"max_hp_gain":0,"max_hp_loss":0,"event_name":"Golden Idol","floor":7,"gold_loss":0,"cards_obtained":["Injury"]},{"damage_healed":0,"gold_gain":0,"player_choice":"Donut","damage_taken":0,"max_hp_gain":5,"max_hp_loss":0,"event_name":"Big Fish","floor":8,"gold_loss":0},{"damage_healed":0,"gold_gain":0,"player_choice":"Upgraded","damage_taken":0,"max_hp_gain":0,"max_hp_loss":0,"event_name":"Upgrade Shrine","floor":22,"gold_loss":0,"cards_upgraded":["All For One"]},{"damage_healed":0,"gold_gain":0,"player_choice":"Paid","damage_taken":0,"relics_obtained":["Red Mask"],"max_hp_gain":0,"max_hp_loss":0,"event_name":"Tomb of Lord Red Mask","floor":38,"gold_loss":35},{"damage_healed":0,"gold_gain":333,"player_choice":"Gave Idol","damage_taken":0,"max_hp_gain":0,"max_hp_loss":0,"event_name":"The Moai Head","floor":44,"relics_lost":["Golden Idol"],"gold_loss":0},{"damage_healed":0,"gold_gain":0,"player_choice":"Fight","damage_taken":0,"max_hp_gain":0,"max_hp_loss":0,"event_name":"MindBloom","floor":48,"gold_loss":0}],"is_beta":false,"boss_relics":[{"not_picked":["Velvet Choker","Ectoplasm"],"picked":"Philosopher\u0027s Stone"},{"not_picked":["Replay:Grab Bag","Busted Crown"],"picked":"SlaversCollar"}],"items_purged_floors":[0,36,45],"is_endless":false,"potions_floor_spawned":[2,6,16,20,25,33,35,41],"ascension_level":19}}