{"host":"nkolxg4se00n20yf","time":1609180637,"event":{"mods":["BaseMod","CatGirl Mod","Chen","Colored Map","Colored Powertips","Downfall","Friendly Minions","Infinite Spire","Kiyohime????","Marisa????????","Minty Spire (QoL Compilation)","StSLib","Td1madao Mod","The Administrix","The Cursed","The Exalted","The Hierophant","The Servant 0.9.4"],"gold_per_floor":[117,132,142,197,197,197,230,230,230,258,258,285,19,29,29,105,105,120,120,81,81,96,96,113,28,28,45,78,78,103,103,103,178,178,191,191,191,211,265,292,292,292,292,292,305,102,127,140,140,140],"floor_reached":51,"playtime":2530,"items_purged":[],"score":1600,"play_id":"62989499-7ab9-46e8-a61f-4744ad3e7893","local_time":"20201228193717","is_ascension_mode":true,"campfire_choices":[{"data":"Dagger Spray","floor":6.0,"key":"SMITH"},{"floor":8.0,"key":"REST"},{"data":"Noxious Fumes","floor":11.0,"key":"SMITH"},{"data":"Storm of Steel","floor":15.0,"key":"SMITH"},{"data":"Accuracy","floor":23.0,"key":"SMITH"},{"floor":29.0,"key":"REST"},{"data":"Infinite Blades","floor":32.0,"key":"SMITH"},{"floor":44,"key":"REST"},{"data":"Envenom","floor":49,"key":"SMITH"}],"circlet_count":0,"master_deck":["AscendersBane","Defend_G","Defend_G","Defend_G","Defend_G","Defend_G","Survivor","Neutralize","Slice","Masterful Stab","Dagger Spray+1","Noxious Fumes+1","Blade Dance","Storm of Steel+1","Flying Knee","Corpse Explosion","CurseOfTheBell","Accuracy+1","Bite","Bite","Bite","Bite","Bite","Infinite Blades+1","PiercingWail","Accuracy","A Thousand Cuts","Catalyst","Accuracy","Masterful Stab","Envenom+1","Infinite Blades","infinitespire:Gouge","Slice","Flying Knee+1","Malaise","Infinite Blades+1"],"relics":["Ring of the Snake","Incense Burner","Bronze Scales","StoneCalendar","infinitespire:CheckeredPen","Akabeko","Matryoshka","Calling Bell","Gambling Chip","HornCleat","Omamori","MutagenicStrength","Oddly Smooth Stone","Potion Belt","infinitespire:Eraser","Gremlin Horn","infinitespire:Beetle Shell","SlaversCollar","WristBlade","Lee\u0027s Waffle","TungstenRod","Du-Vu Doll","Smiling Mask","Frozen Egg 2","Vajra","Bromod:ArcaneUltimatum"],"acts_visited":["Exordium","TheCity","TheBeyond"],"potions_floor_usage":[42,42,50],"damage_taken":[{"damage":0.0,"enemies":"Jaw Worm","floor":1.0,"turns":6.0},{"damage":0.0,"enemies":"2 Louse","floor":2.0,"turns":2.0},{"damage":0.0,"enemies":"Cultist","floor":3.0,"turns":3.0},{"damage":15.0,"enemies":"3 Sentries","floor":7.0,"turns":7.0},{"damage":15.0,"enemies":"Lagavulin","floor":10.0,"turns":7.0},{"damage":8.0,"enemies":"Gremlin Nob","floor":12.0,"turns":3.0},{"damage":0.0,"enemies":"3 Louse","floor":14.0,"turns":2.0},{"damage":14.0,"enemies":"Slime Boss","floor":16.0,"turns":7.0},{"damage":8.0,"enemies":"Shell Parasite","floor":18.0,"turns":3.0},{"damage":1.0,"enemies":"2 Thieves","floor":22.0,"turns":2.0},{"damage":16.0,"enemies":"Cultist and Chosen","floor":24.0,"turns":5.0},{"damage":5.0,"enemies":"Centurion and Healer","floor":27.0,"turns":4.0},{"damage":5.0,"enemies":"Slavers","floor":28.0,"turns":3.0},{"damage":0.0,"enemies":"Gremlin Leader","floor":30.0,"turns":3.0},{"damage":50.0,"enemies":"Champ","floor":33.0,"turns":9.0},{"damage":5.0,"enemies":"3 Shapes","floor":35.0,"turns":7.0},{"damage":12.0,"enemies":"3 Darklings","floor":38.0,"turns":5.0},{"damage":27.0,"enemies":"2 Orb Walkers","floor":39.0,"turns":3.0},{"damage":0.0,"enemies":"Reptomancer","floor":40.0,"turns":2.0},{"damage":0,"enemies":"Nemesis","floor":42,"turns":3},{"damage":0,"enemies":"Transient","floor":45,"turns":6},{"damage":0,"enemies":"Mind Bloom Boss Battle","floor":47,"turns":4},{"damage":2,"enemies":"Sphere and 2 Shapes","floor":48,"turns":7},{"damage":50,"enemies":"Donu and Deca","floor":50,"turns":5}],"seed_played":"2969845313263715518","potions_obtained":[{"floor":1.0,"key":"ColorlessPotion"},{"floor":2.0,"key":"GamblersBrew"},{"floor":16.0,"key":"Slimebound:ThreeZeroPotion"},{"floor":24.0,"key":"SmokeBomb"},{"floor":30.0,"key":"Swift Potion"},{"floor":33.0,"key":"Dexterity Potion"},{"floor":40.0,"key":"Ancient Potion"},{"floor":47,"key":"infinitespire:BlackPotion"}],"is_trial":false,"path_per_floor":["M","M","M","?","?","R","E","R","T","E","R","E","$","M","R","B",null,"M","?","$","?","M","R","M","?","T","M","E","R","E","?","R","B",null,"M","AVR","?","M","?","E","?","E","T","R","M","$","?","M","R","B",null],"character_chosen":"THE_SILENT","items_purchased":["Matryoshka","Infinite Blades","Vajra","Infinite Blades+1"],"campfire_rested":3,"item_purchase_floors":[13,20,46,46],"current_hp_per_floor":[65,65,65,65,65,65,50,71,71,56,56,48,48,48,48,34,63,55,50,50,50,49,49,36,36,36,39,38,50,50,50,50,8,40,37,57,43,35,14,18,18,24,24,41,51,51,51,55,55,11],"gold":140,"neow_bonus":"TEN_PERCENT_HP_BONUS","is_daily":false,"chose_seed":false,"campfire_upgraded":6,"win_rate":0.0,"timestamp":1609180637,"path_taken":["M","M","M","?","?","R","E","R","T","E","R","E","?","M","R","BOSS","M","?","$","?","M","R","M","?","T","M","E","R","E","?","R","BOSS","M","AVR","?","M","?","E","?","E","T","R","M","?","?","M","R","BOSS"],"items_purchased_type":["Relic","Card","Relic","Card"],"build_version":"2020-12-22","purchased_purges":0,"victory":true,"max_hp_per_floor":[72,72,72,72,72,72,72,72,72,72,72,72,72,72,72,72,72,72,50,50,50,50,50,50,50,50,50,50,50,50,50,50,50,50,50,57,57,57,57,57,57,57,57,57,57,57,57,57,57,57],"card_choices":[{"not_picked":["Poisoned Stab","Prepared"],"picked":"Slice","floor":1.0},{"not_picked":["Cloak And Dagger","Crippling Poison"],"picked":"Masterful Stab","floor":2.0},{"not_picked":["Blur","Outmaneuver"],"picked":"Dagger Spray","floor":3.0},{"not_picked":["Deadly Poison","Prepared"],"picked":"Noxious Fumes","floor":7.0},{"not_picked":["Reflex","Bane"],"picked":"Blade Dance","floor":10.0},{"not_picked":["Blur","Flying Knee"],"picked":"Storm of Steel","floor":12.0},{"not_picked":["Infinite Blades","Poisoned Stab"],"picked":"Flying Knee","floor":14.0},{"not_picked":["Storm of Steel","Grand Finale"],"picked":"Corpse Explosion","floor":16.0},{"not_picked":["Eviscerate","Catalyst"],"picked":"Accuracy","floor":18.0},{"not_picked":["Expertise","Distraction"],"picked":"PiercingWail","floor":22.0},{"not_picked":["Noxious Fumes","Outmaneuver"],"picked":"Accuracy","floor":24.0},{"not_picked":["Slice","Dagger Throw"],"picked":"A Thousand Cuts","floor":27.0},{"not_picked":["Deflect","Sucker Punch"],"picked":"Catalyst","floor":28.0},{"not_picked":["Deadly Poison+1","Corpse Explosion"],"picked":"Accuracy","floor":30.0},{"not_picked":["Corpse Explosion","Bullet Time"],"picked":"Envenom","floor":33.0},{"not_picked":["Underhanded Strike+1","Dodge and Roll"],"picked":"Infinite Blades","floor":35.0},{"not_picked":["infinitespire:Execution","infinitespire:Menacing"],"picked":"infinitespire:Gouge","floor":37.0},{"not_picked":["Bane","Dodge and Roll+1"],"picked":"Slice","floor":38.0},{"not_picked":["Escape Plan","Prepared"],"picked":"Flying Knee+1","floor":39.0},{"not_picked":["Deadly Poison","Distraction","Choke+1"],"picked":"SKIP","floor":40.0},{"not_picked":["Choke","Deadly Poison"],"picked":"Malaise","floor":45},{"not_picked":["Dash","Bouncing Flask","Dagger Spray"],"picked":"SKIP","floor":48}],"player_experience":1068393,"relics_obtained":[{"floor":5.0,"key":"Incense Burner"},{"floor":7.0,"key":"Bronze Scales"},{"floor":9.0,"key":"StoneCalendar"},{"floor":10.0,"key":"infinitespire:CheckeredPen"},{"floor":12.0,"key":"Akabeko"},{"floor":17.0,"key":"Gambling Chip"},{"floor":17.0,"key":"HornCleat"},{"floor":17.0,"key":"Omamori"},{"floor":26.0,"key":"Potion Belt"},{"floor":26.0,"key":"infinitespire:Eraser"},{"floor":28.0,"key":"Gremlin Horn"},{"floor":30.0,"key":"infinitespire:Beetle Shell"},{"floor":39.0,"key":"TungstenRod"},{"floor":40.0,"key":"Du-Vu Doll"},{"floor":43,"key":"Smiling Mask"},{"floor":43,"key":"Frozen Egg 2"},{"floor":47,"key":"Bromod:ArcaneUltimatum"}],"event_choices":[{"damage_healed":0.0,"max_hp_gain":0.0,"max_hp_loss":0.0,"gold_gain":55.0,"event_name":"Golden Wing","player_choice":"Gained Gold","floor":4.0,"gold_loss":0.0,"damage_taken":0.0},{"damage_healed":0.0,"max_hp_gain":0.0,"max_hp_loss":22.0,"gold_gain":0.0,"event_name":"Vampires","player_choice":"Became a vampire","floor":19.0,"gold_loss":0.0,"damage_taken":0.0,"cards_obtained":["Bite","Bite","Bite","Bite","Bite"]},{"damage_healed":0.0,"max_hp_gain":0.0,"max_hp_loss":0.0,"gold_gain":0.0,"event_name":"Drug Dealer","player_choice":"Inject Mutagens","floor":21.0,"gold_loss":0.0,"damage_taken":0.0,"relics_obtained":["MutagenicStrength"]},{"damage_healed":0.0,"max_hp_gain":0.0,"max_hp_loss":0.0,"gold_gain":0.0,"event_name":"Addict","player_choice":"Obtained Relic","floor":25.0,"gold_loss":85.0,"damage_taken":0.0,"relics_obtained":["Oddly Smooth Stone"]},{"damage_healed":0.0,"max_hp_gain":0.0,"max_hp_loss":0.0,"gold_gain":0.0,"event_name":"The Library","player_choice":"Read","floor":31.0,"gold_loss":0.0,"damage_taken":0.0,"cards_obtained":["Masterful Stab"]},{"damage_healed":0.0,"max_hp_gain":0.0,"max_hp_loss":0.0,"gold_gain":0.0,"event_name":"Mysterious Sphere","player_choice":"Fight","floor":39.0,"gold_loss":0.0,"damage_taken":0.0},{"damage_healed":0.0,"max_hp_gain":0.0,"max_hp_loss":0.0,"gold_gain":0.0,"event_name":"Tomb of Lord Red Mask","player_choice":"Ignored","floor":41.0,"gold_loss":0.0,"damage_taken":0.0},{"damage_healed":0,"gold_gain":0,"player_choice":"Fight","damage_taken":0,"max_hp_gain":0,"max_hp_loss":0,"event_name":"MindBloom","floor":47,"gold_loss":0}],"is_beta":false,"boss_relics":[{"not_picked":["Velvet Choker","Bromod:ArcaneBarrier"],"picked":"Calling Bell"},{"not_picked":["infinitespire:Cupcake","Cursed Key"],"picked":"SlaversCollar"}],"items_purged_floors":[],"is_endless":false,"potions_floor_spawned":[1,2,16,24,30,33,40,42,47],"ascension_level":17}}