{"host":"jg07b2bexsgdacfj","time":1609185043,"event":{"mods":["AchievementEnabler","Act Like it!","Aspiration","Astrologer","BaseMod","Better Third Choice","BetterRewards","Block Reminder","Challenge The Spire","ChefMod","Colored Map","Colored Powertips","Conspire","Dota2Spire","Duelist Mod","Elementarium","Energized Spire","Friendly Minions","GifTheSpireLib","Gold Saver","GungeonMod","Halation","Hero for Fun","Highlight Path","Hubris","Infinite Spire","Kratos Character Expansion","Menagerie","Minty Spire (QoL Compilation)","Nova Terra(??·??)","Permanent Neow","Pikachu Mod","Railgun Mod","Remove Card Discount Mod","Replay The Spire","SOS???????","Shade Mod","Shop Mod","Spicy Shops","Spikes Relics","StSLib","Stuff the Spire","Synergy Search","The Animator","The Blackbeard","The Blue Laboratory","The Caster","The Forsaken","The Gatherer","The Necromancer","The Servant 0.9.4","TheHero","Transform Curses","UnlockEverythingMod","vexMod"],"gold_per_floor":[112,112,112,128,32,32,52,52,52,72,72,89,104,130,130,228,228,245,258,208,183,212,212,212,270,270,270,289,372,372,417,417,525,525,547,547,568,568,568,594,603,603,603,632,678,93,169,193,238,258,258,258,258],"floor_reached":52,"playtime":4680,"items_purged":["DemoMod:Strike_Huntress","theForsaken:PlagueCurse","DemoMod:HighKaliber"],"score":629,"play_id":"f1920590-0972-44da-88d2-de19428f4398","local_time":"20201228205043","is_ascension_mode":false,"campfire_choices":[{"data":"DemoMod:RustySidearm","floor":6,"key":"SMITH"},{"data":"DemoMod:Unity","floor":11,"key":"SMITH"},{"data":"DemoMod:TeaPot","floor":15,"key":"SMITH"},{"data":"infinitespire:Punishment","floor":23,"key":"SMITH"},{"floor":27,"key":"REST"},{"data":"DemoMod:StickyCrossBow","floor":30,"key":"SMITH"},{"floor":32,"key":"REST"},{"data":"DemoMod:GunslingerForm","floor":42,"key":"SMITH"}],"circlet_count":0,"master_deck":["DemoMod:Defend_Huntress","DemoMod:Defend_Huntress","DemoMod:Defend_Huntress+1","DemoMod:Defend_Huntress","DemoMod:Roll","DemoMod:ManualReload","DemoMod:RustySidearm+1","DemoMod:CrossBow","DemoMod:BattleInHaste","DemoMod:GunShield","DemoMod:Unity+1","DemoMod:SAA","DemoMod:JK47","DemoMod:Camera+1","DemoMod:TeaPot+1","DemoMod:DoubleVision","infinitespire:Punishment+1","DemoMod:TripleGun+1","DemoMod:Unity+1","DemoMod:MachoBrace","DemoMod:StickyCrossBow+1","Bite","Bite","Bite","Bite","Bite","DemoMod:GunslingerForm+1","DemoMod:DirectionalPad+1","DemoMod:TeaPot+1","DemoMod:HuntsMan+1","DemoMod:Elimentaler","DemoMod:StickyCrossBow","DemoMod:MachoBrace","DemoMod:SAA+1","DemoMod:AWP","ReplayTheSpireMod:Black Plague+1","DemoMod:Unity","DemoMod:FightSabre"],"relics":["DemoMod:Dog","Pantograph","DemoMod:MeltedRock","energizedSpire:DeadBattery","DemoMod:ChaffGrenade","energizedSpire:HugeHouse","CeramicFish","halation:LettersToHer","DemoMod:Wolf","hubris:Towel","theForsaken:PlagueMask","ReplayFunnel","vexMod:FocusSash","MerchantsRug","theForsaken:Kindling","DemoMod:WhiteGuonStone","Toxic Egg 2","DemoMod:RedGuonStone"],"acts_visited":["Exordium","TheCity","TheBeyond"],"potions_floor_usage":[4,4,12,12,13,16,18,22,28,29,48,48,49],"damage_taken":[{"damage":1,"enemies":"Small Slimes","floor":1,"turns":4},{"damage":5,"enemies":"Jaw Worm","floor":4,"turns":3},{"damage":0,"enemies":"2 Louse","floor":7,"turns":3},{"damage":0,"enemies":"Red Slaver","floor":10,"turns":4},{"damage":1,"enemies":"Blue Slaver","floor":12,"turns":3},{"damage":0,"enemies":"2 Fungi Beasts","floor":13,"turns":2},{"damage":11,"enemies":"Replay:BlueRogue","floor":14,"turns":4},{"damage":28,"enemies":"Fading Forest","floor":16,"turns":11},{"damage":8,"enemies":"Chosen","floor":18,"turns":4},{"damage":17,"enemies":"3 Byrds","floor":19,"turns":4},{"damage":7,"enemies":"3 Cultists","floor":22,"turns":3},{"damage":11,"enemies":"conspire:HollyBat","floor":25,"turns":8},{"damage":1,"enemies":"Cultist and Chosen","floor":28,"turns":3},{"damage":11,"enemies":"conspire:Head Lice","floor":29,"turns":4},{"damage":31,"enemies":"Champ","floor":33,"turns":7},{"damage":16,"enemies":"3 Shapes","floor":35,"turns":2},{"damage":0,"enemies":"Orb Walker","floor":37,"turns":1},{"damage":0,"enemies":"Transient","floor":40,"turns":5},{"damage":0,"enemies":"Jaw Worm Horde","floor":44,"turns":1},{"damage":6,"enemies":"4 Shapes","floor":48,"turns":2},{"damage":39,"enemies":"Nightmare","floor":49,"turns":8},{"damage":0,"enemies":"Spire Growth","floor":50,"turns":3},{"damage":58,"enemies":"hubris:GrandSnecko","floor":52,"turns":7}],"seed_played":"-4947070263088327153","potions_obtained":[{"floor":0,"key":"DemoMod:BlankPotion"},{"floor":0,"key":"SneckoOil"},{"floor":0,"key":"DemoMod:LeadSkinPotion"},{"floor":7,"key":"blueLaboratory:BubblePotion"},{"floor":12,"key":"blueLaboratory:SavagePotion"},{"floor":14,"key":"Dota2Spire:HealingSalve"},{"floor":16,"key":"Weak Potion"},{"floor":18,"key":"blueLaboratory:BottleOfRum"},{"floor":19,"key":"FearPotion"},{"floor":25,"key":"Adrenaline Potion"},{"floor":28,"key":"AttackPotion"},{"floor":37,"key":"blueLaboratory:FruitPunch"},{"floor":47,"key":"blueLaboratory:FruitPunch"},{"floor":48,"key":"Weak Potion"}],"is_trial":false,"path_per_floor":["M","?","?","M","$","R","M","T","T","M","R","M","M","E","R","B",null,"M","M","AVR","?","M","R","?","M","T","R","M","E","R","?","R","B",null,"M","?","M","PTL","PTL","M","?","R","?","M","T","$","?","M","NM","M","R_BF","B"],"character_chosen":"HUNTRESS","items_purchased":["DemoMod:Unity","MerchantsRug","theForsaken:Kindling","DemoMod:WhiteGuonStone","DemoMod:StickyCrossBow","DemoMod:MachoBrace"],"campfire_rested":2,"item_purchase_floors":[5,46,46,46,46,46],"current_hp_per_floor":[69,55,55,50,50,50,50,50,50,50,50,49,49,38,38,44,70,62,45,45,45,38,38,38,27,27,46,45,34,34,34,45,18,45,31,31,35,35,35,39,39,39,39,41,41,41,41,41,10,10,29,0,0],"gold":258,"neow_bonus":"THREE_SMALL_POTIONS","is_daily":false,"chose_seed":false,"campfire_upgraded":6,"win_rate":0.0,"timestamp":1609185043,"path_taken":["M","?","?","M","?","R","M","?","T","M","R","M","?","E","R","BOSS","M","M","AVR","?","M","R","?","M","T","R","?","E","R","?","R","BOSS","M","?","M","PTL","PTL","M","?","R","?","?","T","$","?","M","NM","?","R_BF","BOSS"],"items_purchased_type":["Card","Relic","Relic","Relic","Card","Card"],"build_version":"2020-12-22","purchased_purges":3,"victory":false,"max_hp_per_floor":[70,70,70,70,70,70,70,70,70,70,70,70,70,70,70,70,70,70,70,65,65,65,65,65,65,65,65,65,65,65,45,45,45,45,45,45,45,45,45,45,45,45,45,45,45,45,45,49,49,49,54,54,54],"card_choices":[{"not_picked":["DemoMod:DoubleSwitch","DemoMod:BoxingGlove"],"picked":"DemoMod:BattleInHaste","floor":1},{"not_picked":["DemoMod:EasyReloadBullets","DemoMod:GunstockTap"],"picked":"DemoMod:GunShield","floor":4},{"not_picked":["DemoMod:ConditionalReflex","DemoMod:AC15"],"picked":"DemoMod:SAA","floor":7},{"not_picked":["DemoMod:TableSutra","DemoMod:Polaris"],"picked":"DemoMod:JK47","floor":10},{"not_picked":["DemoMod:PotionOfGunFriendShip","DemoMod:ZorGun"],"picked":"DemoMod:Camera","floor":12},{"not_picked":["DemoMod:RadGun","DemoMod:BoxingGlove"],"picked":"DemoMod:TeaPot","floor":13},{"not_picked":["DemoMod:ConditionalReflex","DemoMod:ChanceBullets","DemoMod:AC15"],"picked":"SKIP","floor":14},{"not_picked":["DemoMod:Desperate","DemoMod:BlackHoleGun"],"picked":"DemoMod:DoubleVision","floor":16},{"not_picked":["DemoMod:HardPowerCard","DemoMod:AC15"],"picked":"DemoMod:MachoBrace+1","floor":18},{"not_picked":["DemoMod:BoxingGlove","DemoMod:PracticeMakesPerfect","DemoMod:FastSwitch"],"picked":"SKIP","floor":19},{"not_picked":["DemoMod:FastSwitch","DemoMod:BattleInHaste+1"],"picked":"DemoMod:TripleGun+1","floor":22},{"not_picked":["DemoMod:Ejector","DemoMod:BalloonGun"],"picked":"DemoMod:Unity+1","floor":25},{"not_picked":["DemoMod:JK47","DemoMod:ZorGun"],"picked":"DemoMod:MachoBrace","floor":28},{"not_picked":["DemoMod:HuntsMan","DemoMod:BlackHoleGun"],"picked":"DemoMod:StickyCrossBow","floor":29},{"not_picked":["DemoMod:BalloonGun","DemoMod:Elimentaler"],"picked":"DemoMod:GunslingerForm","floor":33},{"not_picked":["DemoMod:Polaris","DemoMod:GunShield"],"picked":"DemoMod:DirectionalPad+1","floor":35},{"not_picked":["DemoMod:FeignSurrender+1","DemoMod:BattleInHaste"],"picked":"DemoMod:TeaPot+1","floor":37},{"not_picked":["DemoMod:FastSwitch+1","DemoMod:TableSutra+1"],"picked":"DemoMod:HuntsMan+1","floor":40},{"not_picked":["DemoMod:ConditionalReflex","DemoMod:Ejector+1"],"picked":"DemoMod:Elimentaler","floor":44},{"not_picked":["DemoMod:JK47+1","DemoMod:BoxingGlove+1"],"picked":"DemoMod:SAA+1","floor":47},{"not_picked":["DemoMod:HuntsMan","DemoMod:Ejector+1"],"picked":"DemoMod:AWP","floor":48},{"not_picked":["ReplayTheSpireMod:Haul","ReplayTheSpireMod:Echoes of Time"],"picked":"ReplayTheSpireMod:Black Plague","floor":49},{"not_picked":["DemoMod:TableSutra+1","DemoMod:HuntsMan"],"picked":"DemoMod:Unity","floor":49},{"not_picked":["DemoMod:BoxingGlove","DemoMod:Polaris+1"],"picked":"DemoMod:FightSabre","floor":50}],"player_experience":326452,"relics_obtained":[{"floor":8,"key":"Pantograph"},{"floor":9,"key":"DemoMod:MeltedRock"},{"floor":14,"key":"conspire:Boomerang"},{"floor":29,"key":"halation:LettersToHer"},{"floor":45,"key":"ReplayFunnel"},{"floor":45,"key":"vexMod:FocusSash"},{"floor":47,"key":"Toxic Egg 2"},{"floor":49,"key":"DemoMod:RedGuonStone"}],"event_choices":[{"damage_healed":69,"gold_gain":0,"player_choice":"Upgrade","damage_taken":14,"max_hp_gain":0,"max_hp_loss":70,"event_name":"betterThird:BetterShining","floor":2,"gold_loss":0,"cards_upgraded":["DemoMod:Defend_Huntress","DemoMod:Strike_Huntress"]},{"damage_healed":0,"gold_gain":0,"player_choice":"Ignored","damage_taken":0,"max_hp_gain":0,"max_hp_loss":0,"event_name":"N\u0027loth","floor":24,"gold_loss":0},{"damage_healed":0,"gold_gain":0,"player_choice":"Became a vampire","damage_taken":0,"max_hp_gain":0,"max_hp_loss":20,"event_name":"Vampires","floor":31,"gold_loss":0,"cards_obtained":["Bite","Bite","Bite","Bite","Bite"]},{"damage_healed":0,"gold_gain":0,"player_choice":"Obtain Plague Curse","damage_taken":0,"max_hp_gain":0,"max_hp_loss":0,"event_name":"Plague Doctor","floor":41,"gold_loss":0,"cards_obtained":["theForsaken:PlagueCurse"]},{"damage_healed":0,"gold_gain":0,"player_choice":"Ignored","damage_taken":0,"max_hp_gain":0,"max_hp_loss":0,"event_name":"Tomb of Lord Red Mask","floor":43,"gold_loss":0}],"is_beta":false,"boss_relics":[{"not_picked":["CosmicIsotope","StuffTheSpire:RunicHypercube"],"picked":"energizedSpire:DeadBattery"},{"not_picked":["Runic Pyramid","Painkiller Herb"],"picked":"DemoMod:Wolf"}],"items_purged_floors":[20,46,46],"is_endless":true,"potions_floor_spawned":[7,12,14,16,18,19,25,28,37,48],"killed_by":"hubris:GrandSnecko","ascension_level":0}}