{"host":"2461dio7vetlq1z3","time":1609185663,"event":{"mods":["2.2 Compatiblity","AchievementEnabler","Aspiration","BaseMod","Better Third Choice","Friendly Minions","Hermit","Marisa????????","Minty Spire (QoL Compilation)","Relic Stats","Spicy Shops","StSLib","Waifu the Spire"],"gold_per_floor":[110,122,21,34,54,80,80,108,159,159,84,98,98,131,131,204,204,223,240,155,155,155],"floor_reached":21,"playtime":903,"items_purged":["Strike_MRS"],"score":437,"play_id":"3205c67a-dc9e-4edf-ad0d-3f66d343fdd3","local_time":"20201228210103","is_ascension_mode":true,"campfire_choices":[{"data":"CasketOfStar","floor":7,"key":"SMITH"},{"floor":10,"key":"REST"},{"data":"CasketOfStar","floor":15,"key":"SMITH"}],"circlet_count":0,"master_deck":["AscendersBane","Strike_MRS","Strike_MRS","Strike_MRS","Defend_MRS","Defend_MRS","Defend_MRS","Defend_MRS","MasterSpark","UpSweep","CasketOfStar+1","PowerUp","WitchLeyline","GrandCross","AsteroidBelt","MilkyWay","MagicAbsorber","CasketOfStar+1","6A","GalacticHalo","ManaRampage","GravityBeat","OortCloud"],"relics":["BewitchedHakkero","Letter Opener","Singing Bowl","Nunchaku","Strawberry","White Beast Statue"],"acts_visited":["Exordium","TheCity"],"potions_floor_usage":[6,6,8,12,14,19],"damage_taken":[{"damage":2,"enemies":"Cultist","floor":1,"turns":4},{"damage":7,"enemies":"Jaw Worm","floor":2,"turns":3},{"damage":3,"enemies":"2 Louse","floor":4,"turns":2},{"damage":1,"enemies":"2 Fungi Beasts","floor":5,"turns":2},{"damage":14,"enemies":"3 Sentries","floor":6,"turns":6},{"damage":0,"enemies":"Gremlin Nob","floor":8,"turns":2},{"damage":5,"enemies":"Large Slime","floor":12,"turns":4},{"damage":6,"enemies":"3 Sentries","floor":14,"turns":4},{"damage":20,"enemies":"Slime Boss","floor":16,"turns":5},{"damage":28,"enemies":"3 Byrds","floor":18,"turns":6},{"damage":19,"enemies":"2 Thieves","floor":19,"turns":3},{"damage":26,"enemies":"Snake Plant","floor":21,"turns":2}],"seed_played":"-8281984851047005902","potions_obtained":[{"floor":1,"key":"EntropicBrew"},{"floor":2,"key":"BlessingOfTheForge"},{"floor":8,"key":"StarNLove"},{"floor":12,"key":"Dexterity Potion"},{"floor":13,"key":"StarNLove"},{"floor":16,"key":"PowerPotion"}],"is_trial":false,"path_per_floor":["M","M","$","M","M","E","R","E","T","R","$","M","?","E","R","B",null,"M","M","?","M"],"character_chosen":"MARISA","items_purchased":["GrandCross"],"campfire_rested":1,"item_purchase_floors":[3],"current_hp_per_floor":[61,54,54,51,50,36,36,36,36,57,57,52,52,53,53,33,66,38,19,19,0,0],"gold":155,"neow_bonus":"ONE_RANDOM_RARE_CARD","is_daily":false,"chose_seed":false,"campfire_upgraded":2,"win_rate":0.0,"timestamp":1609185663,"path_taken":["M","M","?","M","M","E","R","E","T","R","$","M","?","E","R","BOSS","M","?","?","M"],"items_purchased_type":["Card"],"build_version":"2020-12-22","purchased_purges":1,"victory":false,"max_hp_per_floor":[70,70,70,70,70,70,70,70,70,70,70,70,70,77,77,77,77,77,77,77,77,77],"relic_stats":{"Nunchaku":[5],"Singing Bowl":0,"counters":[12,43],"Letter Opener":[24],"obtain_stats":[{"Nunchaku":9,"Singing Bowl":8,"Strawberry":14,"MiniHakkero":0,"Letter Opener":6,"BewitchedHakkero":17,"White Beast Statue":20},{"Nunchaku":6,"Singing Bowl":6,"Strawberry":8,"MiniHakkero":0,"Letter Opener":5,"BewitchedHakkero":9,"White Beast Statue":11},{"Nunchaku":19,"Singing Bowl":19,"Strawberry":27,"MiniHakkero":0,"Letter Opener":17,"BewitchedHakkero":32,"White Beast Statue":41}]},"card_choices":[{"not_picked":["ChargingUp","GravityBeat"],"picked":"PowerUp","floor":1},{"not_picked":["ShootingEcho","SporeBomb"],"picked":"WitchLeyline","floor":2},{"not_picked":["DarkSpark","IllusionStar"],"picked":"AsteroidBelt","floor":4},{"not_picked":["ShootingEcho","DoubleSpark"],"picked":"MilkyWay","floor":5},{"not_picked":["WitchLeyline","AbsoluteMagnitude"],"picked":"MagicAbsorber","floor":6},{"not_picked":["WitchLeyline","OortCloud"],"picked":"CasketOfStar","floor":8},{"not_picked":["DC","FairyDestructionRay"],"picked":"6A","floor":12},{"not_picked":["GravityBeat","PowerUp"],"picked":"GalacticHalo","floor":14},{"not_picked":["BigCrunch","BlazingStar"],"picked":"ManaRampage","floor":16},{"not_picked":["AsteroidBelt","WitchOfGreed"],"picked":"GravityBeat","floor":18},{"not_picked":["GrandCross","DC"],"picked":"OortCloud","floor":19}],"player_experience":1078468,"relics_obtained":[{"floor":6,"key":"Letter Opener"},{"floor":8,"key":"Singing Bowl"},{"floor":9,"key":"Nunchaku"},{"floor":14,"key":"Strawberry"}],"event_choices":[{"damage_healed":0,"gold_gain":0,"player_choice":"Got Potions","damage_taken":0,"max_hp_gain":0,"max_hp_loss":0,"event_name":"Lab","floor":13,"gold_loss":0},{"damage_healed":0,"gold_gain":0,"player_choice":"Obtained Relic","damage_taken":0,"relics_obtained":["White Beast Statue"],"max_hp_gain":0,"max_hp_loss":0,"event_name":"Addict","floor":20,"gold_loss":85}],"is_beta":false,"boss_relics":[{"not_picked":["Busted Crown","Snecko Eye"],"picked":"BewitchedHakkero"}],"items_purged_floors":[11],"is_endless":false,"potions_floor_spawned":[1,2,8,12,16,18],"killed_by":"Snake Plant","ascension_level":19}}