{"host":"15dd7v8o90xso62x","time":1609124436,"event":{"mods":["BaseMod","Minty Spire (QoL Compilation)","Quick Restart","StSLib","SuperFastMode"],"gold_per_floor":[109,122,122,136,148,148,174,185,209,209,219,42,42,68,68,147,147,165,179,179,197,122,122,149,149,149,149,149],"floor_reached":27,"playtime":913,"items_purged":["Strike_R"],"score":486,"play_id":"a9efa07d-d2b7-4c86-8c90-634d7d186a0b","local_time":"20201228120036","is_ascension_mode":true,"campfire_choices":[{"data":"Carnage","floor":6.0,"key":"SMITH"},{"data":"Armaments","floor":13.0,"key":"SMITH"},{"floor":15.0,"key":"REST"},{"data":"Corruption","floor":23.0,"key":"SMITH"},{"data":"Second Wind","floor":25.0,"key":"SMITH"}],"circlet_count":0,"master_deck":["AscendersBane","Strike_R","Strike_R","Defend_R","Defend_R","Bash","Shrug It Off","Carnage+1","Second Wind+1","Pommel Strike","Blood for Blood","Armaments+1","Reaper","Corruption+1","Uppercut+1","Evolve+1","Inflame+1","Flame Barrier+1","Warcry+1"],"relics":["Burning Blood","NeowsBlessing","Bottled Lightning","Juzu Bracelet","Bronze Scales","Astrolabe","Anchor","Frozen Egg 2"],"acts_visited":["Exordium","TheCity"],"potions_floor_usage":[],"damage_taken":[{"damage":0.0,"enemies":"Jaw Worm","floor":1.0,"turns":1.0},{"damage":0.0,"enemies":"Small Slimes","floor":2.0,"turns":1.0},{"damage":0.0,"enemies":"Cultist","floor":4.0,"turns":1.0},{"damage":41.0,"enemies":"Large Slime","floor":5.0,"turns":7.0},{"damage":12.0,"enemies":"Gremlin Nob","floor":7.0,"turns":3.0},{"damage":3.0,"enemies":"2 Fungi Beasts","floor":8.0,"turns":2.0},{"damage":8.0,"enemies":"Blue Slaver","floor":11.0,"turns":2.0},{"damage":12.0,"enemies":"Lagavulin","floor":14.0,"turns":5.0},{"damage":43.0,"enemies":"The Guardian","floor":16.0,"turns":12.0},{"damage":5.0,"enemies":"Spheric Guardian","floor":18.0,"turns":3.0},{"damage":7.0,"enemies":"3 Byrds","floor":19.0,"turns":2.0},{"damage":10.0,"enemies":"Centurion and Healer","floor":21.0,"turns":8.0},{"damage":77.0,"enemies":"Book of Stabbing","floor":24.0,"turns":6.0},{"damage":24,"enemies":"Sentry and Sphere","floor":27,"turns":5}],"seed_played":"5170211458623116294","potions_obtained":[{"floor":5.0,"key":"FairyPotion"},{"floor":7.0,"key":"SkillPotion"},{"floor":16.0,"key":"AttackPotion"},{"floor":18.0,"key":"ElixirPotion"}],"is_trial":false,"path_per_floor":["M","M","?","M","M","R","E","M","T","?","M","$","R","E","R","B",null,"M","M","?","M","?","R","E","R","T","M"],"character_chosen":"IRONCLAD","items_purchased":["Blood for Blood","Armaments"],"campfire_rested":1,"item_purchase_floors":[12,12],"current_hp_per_floor":[74,75,75,75,40,40,34,37,37,32,30,30,30,24,46,14,60,61,60,75,75,75,75,28,28,28,4,4],"gold":149,"neow_bonus":"THREE_ENEMY_KILL","is_daily":false,"chose_seed":false,"campfire_upgraded":4,"win_rate":0.0,"timestamp":1609124436,"path_taken":["M","M","?","M","M","R","E","M","T","?","M","$","R","E","R","BOSS","M","M","?","M","?","R","E","R","T","M"],"items_purchased_type":["Card","Card"],"build_version":"2020-12-22","purchased_purges":1,"victory":false,"max_hp_per_floor":[75,75,75,75,75,75,75,75,75,75,75,75,75,75,75,75,75,75,75,75,75,75,75,75,75,75,75,75],"card_choices":[{"not_picked":["Clash","Havoc"],"picked":"Shrug It Off","floor":1.0},{"not_picked":["Sword Boomerang","Rupture"],"picked":"Hemokinesis","floor":2.0},{"not_picked":["Havoc","Iron Wave","Sentinel"],"picked":"SKIP","floor":4.0},{"not_picked":["Pommel Strike","Flame Barrier"],"picked":"Carnage","floor":5.0},{"not_picked":["Ghostly Armor","Wild Strike"],"picked":"Second Wind","floor":7.0},{"not_picked":["Perfected Strike","Infernal Blade"],"picked":"Pommel Strike","floor":8.0},{"not_picked":["Havoc","Combust","Rampage"],"picked":"SKIP","floor":11.0},{"not_picked":["Shockwave","Cleave"],"picked":"Reaper","floor":14.0},{"not_picked":["Juggernaut","Limit Break"],"picked":"Corruption","floor":16.0},{"not_picked":["Thunderclap","Flex"],"picked":"Flame Barrier+1","floor":18.0},{"not_picked":["Thunderclap","Pommel Strike","True Grit"],"picked":"SKIP","floor":19.0},{"not_picked":["Armaments+1","Second Wind","Flex"],"picked":"SKIP","floor":21.0},{"not_picked":["Thunderclap","Intimidate+1"],"picked":"Warcry+1","floor":24.0}],"player_experience":956371,"relics_obtained":[{"floor":7.0,"key":"Bottled Lightning"},{"floor":14.0,"key":"Bronze Scales"},{"floor":24.0,"key":"Anchor"},{"floor":26.0,"key":"Frozen Egg 2"}],"event_choices":[{"damage_healed":0.0,"max_hp_gain":0.0,"max_hp_loss":0.0,"gold_gain":0.0,"event_name":"Liars Game","player_choice":"Ignored","floor":3.0,"gold_loss":0.0,"damage_taken":0.0},{"damage_healed":0.0,"max_hp_gain":0.0,"max_hp_loss":0.0,"gold_gain":0.0,"event_name":"Scrap Ooze","player_choice":"Success","floor":10.0,"gold_loss":0.0,"damage_taken":5.0,"relics_obtained":["Juzu Bracelet"]},{"cards_removed":["Hemokinesis"],"damage_healed":15.0,"max_hp_gain":0.0,"max_hp_loss":0.0,"gold_gain":0.0,"event_name":"Bonfire Elementals","player_choice":"Offered Uncommon","floor":20.0,"gold_loss":0.0,"damage_taken":0.0},{"cards_removed":["Strike_R"],"damage_healed":0.0,"max_hp_gain":0.0,"max_hp_loss":0.0,"gold_gain":0.0,"event_name":"Beggar","player_choice":"Gave Gold","floor":22.0,"gold_loss":75.0,"damage_taken":0.0}],"is_beta":false,"boss_relics":[{"not_picked":["Busted Crown","Runic Pyramid"],"picked":"Astrolabe"}],"items_purged_floors":[12],"is_endless":false,"potions_floor_spawned":[5,7,8,16,18],"killed_by":"Sentry and Sphere","ascension_level":20}}