{"host":"0azimyi6n3ugndj4","time":1609165839,"event":{"mods":["2.2 Compatiblity","BaseMod","Bestiary","Conspire","Curses Come First","Defuse TimeMaze Blight","Hyrulean Relics","Infinite Spire","Minty Spire (QoL Compilation)","Relic Stats","Replay The Spire","StSLib","SuperFastMode","Uncapped","¡¼?Úª?ø«¡½REMEMod"],"gold_per_floor":[138,138,138,168,168,261,261,24,93,168,228,67,67,118,118,349,349,397,357,390,390,390,390,465,570,570,645,645,735,735,735,867,933,933,1179,1279,1432,1382,1382,1382,1382,1382,1556,916,916,970,994,1057,1069,1150,1162,1420,1669,1681,1760,1772,1784,1859,1946,2024,2040,2052,2091,2378,2462,2474,2550,2661,2673,2902,2914,2981,2913,2925,2926,3002,3087,3014,2381,2381,2431,2481,2601,2669,2036,2036,2286,2286,2349,2349,2487,2487,2812,2812,2917,2995,2995,3090,3260,3260,3260,2523,2523,2856,2849,2849],"floor_reached":105,"playtime":3083,"items_purged":["Pain","Amnesia","Tantrum","conspire:SpireCoStock","Leap","BowlingBash","ClearTheMind","Conserve Battery"],"score":5532,"play_id":"42c3ddad-711f-47e3-9635-cc434bdac484","local_time":"20201228233039","daily_mods":["Insanity","Vintage","ControlledChaos","Diverse","Colorless Cards","Heirloom","Time Dilation","Flight","Elite Swarm","Lethality","Midas","Night Terrors","Binary"],"is_ascension_mode":true,"campfire_choices":[{"floor":13,"key":"REST"},{"floor":15,"key":"REST"},{"floor":23,"key":"REST"},{"floor":34,"key":"REST"},{"floor":42,"key":"REST"},{"floor":51,"key":"DIG"},{"floor":86,"key":"DIG"},{"data":"Shame","floor":94,"key":"PURGE"}],"circlet_count":0,"master_deck":["AscendersBane","Discovery+1","Specialist","Dagger Throw+1","Cleave","Deflect","Purity","Headbutt","True Grit","Body Slam","Anger","Prostrate","Body Slam","Replay:Undeath\u0027s Touch","Cloak And Dagger","Body Slam","Specialist","CutThroughFate","Prostrate","Blizzard","Havoc","Prepared","Conserve Battery","CutThroughFate","Warcry","SashWhip","Halt","REME_ShortnessOfBreath","PiercingWail","FollowUp","Beam Cell","Crippling Poison","Finesse","Halt","Prepared","Havoc","Dodge and Roll","Envenom","infinitespire:Fortify","infinitespire:Fortify","REME_TheLastStrike","Mirror Shield+1","Night Terror","ReplayTheSpireMod:Private Reserves","Master of Strategy","Replay:Parry","Vault+1","Halt","Crow Ritual","Immolate","infinitespire:Punishment","Poisoned Stab","PanicButton","Heavy Blade","Bane+1","Demon Form","Apotheosis","REME_WorshipGod","REME_AllRoundStrike","ReplayTheSpireMod:Black Plague+1","Shrug It Off+1","Panache","Specialist","REME_HeartOfCthun+1","Streamline+1","Replay:Sssssssssshield+1","Swift Strike+1","REME_TheoryOfElimination+1","Madness+1","Madness+1","Poisoned Strike+1"],"relics":["Burning Blood","Frozen Eye","Busted Crown","REME_ComplimentaryCards","Ice Cream","REME_PuzzleBoxRelic","WarpedTongs","infinitespire:PuzzleCube","ReplayTheSpireMod:Ring of Exchange","zeldaRelics:CourageTriforce","conspire:TreasureMap","Garlic","PreservedInsect","White Beast Statue","REME_CardOfGreed","Replay:Bottled Snecko","Replay:Rubber Ducky","zeldaRelics:WisdomTriforce","REME_HandOfSuture","zeldaRelics:Boomerang","Bottled Lightning","Question Card","zeldaRelics:PowerTriforce","infinitespire:Joker Card","Replay:Wanted Poster","conspire:DeflatedDodgeball","Medical Kit","Pet Ghost","ReplayTheSpireMod:Lightbulb","Quantum Egg","infinitespire:Magic Flask","Nunchaku","MawBank","conspire:RunicOctahedron","Bronze Scales","Darkstone Periapt","The Courier","Chemical X","Replay:Mystery Machine","zeldaRelics:HylianShield","Ancient Tea Set","infinitespire:Bottled Soul","Omamori","zeldaRelics:BlueTunic","Blue Doll","Red Skull","Ornamental Fan","Mango","REME_ChargedStone","Ginger","MealTicket","ReplayFunnel","Dead Branch","Juzu Bracelet","Peace Pipe","Replay:Lucky Slots","conspire:Dentures","Toy Ornithopter","Thread and Needle","conspire:Flyswatter","Guide Book","Bag of Marbles","infinitespire:Golems Mask","Toxic Egg 2","Kintsugi","ReplayTheSpireMod:Spearhead","Sundial","conspire:InfiniteJournal","Molten Egg 2","Girya","Replay:Bandana","TungstenRod","Turnip","infinitespire:EmpoweringShard","King of Hearts","Pen Nib","Replay:Ringing Soul","Cauldron"],"acts_visited":["Exordium","TheCity","TheBeyond","Exordium","TheCity","TheBeyond"],"potions_floor_usage":[10,18,32,75,102,105],"damage_taken":[{"damage":1,"enemies":"Jaw Worm","floor":1,"turns":2},{"damage":17,"enemies":"Cultist","floor":4,"turns":5},{"damage":18,"enemies":"3 Sentries","floor":6,"turns":4},{"damage":0,"enemies":"Gremlin Nob","floor":10,"turns":3},{"damage":0,"enemies":"Small Slimes","floor":11,"turns":3},{"damage":11,"enemies":"Blue Slaver","floor":14,"turns":4},{"damage":63,"enemies":"The Guardian","floor":16,"turns":8},{"damage":18,"enemies":"3 Byrds","floor":18,"turns":3},{"damage":0,"enemies":"Shell Parasite","floor":20,"turns":3},{"damage":0,"enemies":"Snecko","floor":24,"turns":3},{"damage":0,"enemies":"conspire:SneckoGhost","floor":25,"turns":3},{"damage":0,"enemies":"Centurion and Healer","floor":27,"turns":4},{"damage":59,"enemies":"Nightmare","floor":29,"turns":4},{"damage":0,"enemies":"Gremlin Leader","floor":32,"turns":2},{"damage":0,"enemies":"Shelled Parasite and Fungi","floor":33,"turns":3},{"damage":0,"enemies":"Champ","floor":35,"turns":5},{"damage":6,"enemies":"3 Darklings","floor":37,"turns":4},{"damage":0,"enemies":"Reptomancer","floor":43,"turns":2},{"damage":0,"enemies":"Orb Walker","floor":48,"turns":2},{"damage":0,"enemies":"Writhing Mass","floor":50,"turns":3},{"damage":2,"enemies":"Donu and Deca","floor":52,"turns":6},{"damage":0,"enemies":"Time Eater","floor":53,"turns":10},{"damage":0,"enemies":"2 Louse","floor":55,"turns":1},{"damage":0,"enemies":"Jaw Worm","floor":58,"turns":1},{"damage":0,"enemies":"3 Sentries","floor":60,"turns":1},{"damage":0,"enemies":"3 Sentries","floor":61,"turns":2},{"damage":0,"enemies":"Small Slimes","floor":65,"turns":1},{"damage":0,"enemies":"Looter","floor":67,"turns":1},{"damage":0,"enemies":"conspire:MimicChest","floor":68,"turns":1},{"damage":0,"enemies":"Hexaghost","floor":70,"turns":3},{"damage":0,"enemies":"Spheric Guardian","floor":72,"turns":1},{"damage":0,"enemies":"Shell Parasite","floor":75,"turns":1},{"damage":0,"enemies":"3 Cultists","floor":76,"turns":3},{"damage":0,"enemies":"Book of Stabbing","floor":77,"turns":3},{"damage":0,"enemies":"Shelled Parasite and Fungi","floor":82,"turns":2},{"damage":0,"enemies":"Gremlin Leader","floor":83,"turns":1},{"damage":0,"enemies":"Centurion and Healer","floor":84,"turns":3},{"damage":12,"enemies":"Automaton","floor":87,"turns":3},{"damage":0,"enemies":"Orb Walker","floor":89,"turns":2},{"damage":8,"enemies":"3 Darklings","floor":91,"turns":2},{"damage":0,"enemies":"infinitespire:Three Voidlings","floor":93,"turns":2},{"damage":0,"enemies":"Nightmare_Alpha","floor":93,"turns":4},{"damage":0,"enemies":"R_Hoarder","floor":95,"turns":1},{"damage":0,"enemies":"Mind Bloom Boss Battle","floor":96,"turns":2},{"damage":3,"enemies":"Giant Head","floor":98,"turns":2},{"damage":0,"enemies":"2 Orb Walkers","floor":99,"turns":2},{"damage":12,"enemies":"infinitespire:MassOfShapes","floor":104,"turns":1},{"damage":76,"enemies":"conspire:OrnateMirror","floor":105,"turns":1}],"seed_played":"-3447772125611400461","potions_obtained":[{"floor":1,"key":"LifebloodPotion"},{"floor":6,"key":"BlessingOfTheForge"},{"floor":14,"key":"FearPotion"},{"floor":18,"key":"Regen Potion"},{"floor":19,"key":"SmokeBomb"},{"floor":19,"key":"ElixirPotion"},{"floor":19,"key":"Energy Potion"},{"floor":25,"key":"SpeedPotion"},{"floor":27,"key":"ElixirPotion"},{"floor":29,"key":"BloodPotion"},{"floor":32,"key":"conspire:TimeTravelPotion"},{"floor":61,"key":"Adrenaline Potion"},{"floor":76,"key":"Toxic Potion"},{"floor":77,"key":"Explosive Potion"},{"floor":89,"key":"Fruit Juice"},{"floor":102,"key":"DistilledChaos"}],"is_trial":true,"path_per_floor":["M","?","?","M","?","E","?","$","T","E","M","$","R","M","R","B",null,"M","?","M","T","AVR","R","M","E","T","M","?","NM","PTL","PTL","E","M","R","B",null,"M","?","?","?","?","R","E","$","T","?","T","M","AVR","M","R","B","B",null,"M","?","AVR","M","?","E","?","?","T","?","M","?","M","?","R","B",null,"M","?","?","M","M","E","?","$","T","?","M","E","M","$","R","B",null,"M","?","M","?","?","R","E","?","T","E","?","?","T","$","R","B","B"],"character_chosen":"IRONCLAD","items_purchased":["conspire:TreasureMap","PreservedInsect","Medical Kit","Pet Ghost","ReplayTheSpireMod:Lightbulb","Juzu Bracelet","Peace Pipe","Replay:Lucky Slots","Guide Book","Bag of Marbles","infinitespire:Golems Mask","King of Hearts","Pen Nib","Replay:Ringing Soul","Cauldron"],"campfire_rested":5,"item_purchase_floors":[8,12,44,44,44,79,79,79,85,85,85,102,102,102,102],"current_hp_per_floor":[73,50,50,39,39,27,9,9,9,15,21,21,70,65,65,8,51,39,39,45,45,45,60,60,60,60,60,60,14,14,14,39,55,55,55,55,55,55,55,45,45,50,50,50,50,34,34,40,40,46,46,50,50,50,50,50,50,50,39,45,50,55,55,55,55,55,55,69,69,69,69,69,69,69,69,69,69,69,69,69,69,69,69,69,69,69,63,74,75,75,75,75,77,77,77,77,77,80,80,71,71,85,74,71,0,0],"gold":2849,"neow_bonus":"","is_daily":false,"chose_seed":false,"campfire_upgraded":0,"win_rate":0.0,"timestamp":1609165839,"path_taken":["M","?","?","?","?","E","?","?","T","E","?","$","R","?","R","BOSS","M","?","?","?","AVR","R","M","E","T","M","?","NM","PTL","PTL","E","?","R","BOSS","M","?","?","?","?","R","E","$","T","?","?","M","AVR","?","R","BOSS","BOSS","M","?","AVR","?","?","E","?","?","T","?","?","?","?","?","R","BOSS","M","?","?","?","?","E","?","$","T","?","M","E","M","$","R","BOSS","M","?","M","?","?","R","E","?","T","E","?","?","?","?","R","BOSS","BOSS"],"items_purchased_type":["Relic","Relic","Relic","Relic","Relic","Relic","Relic","Relic","Relic","Relic","Relic","Relic","Relic","Relic","Relic"],"build_version":"2020-12-22","purchased_purges":8,"victory":false,"max_hp_per_floor":[75,75,75,75,75,75,75,75,75,75,75,75,70,70,65,65,65,65,65,65,65,65,60,60,60,60,60,60,60,60,60,60,60,55,55,55,55,55,55,55,55,50,50,50,50,50,50,50,50,50,50,50,50,50,50,50,50,50,50,50,50,55,55,55,55,55,55,69,69,69,69,69,69,69,69,69,69,69,69,69,69,69,69,69,69,69,69,75,75,75,77,77,77,77,77,77,77,80,80,80,80,85,88,91,91,91],"relic_stats":{"Darkstone Periapt":6,"counters":[48,133],"Dead Branch":[325],"PreservedInsect":874,"Pen Nib":[0],"Juzu Bracelet":1,"Ginger":[1],"Question Card":43,"Medical Kit":[3],"MawBank":372,"Burning Blood":131,"WarpedTongs":[129],"Peace Pipe":1,"Nunchaku":[18],"Busted Crown":100,"Ornamental Fan":[76],"Sundial":[2],"Bronze Scales":[117],"MealTicket":9,"Turnip":[0],"Chemical X":[3],"obtain_stats":[{"Ice Cream":0,"Ginger":72,"Replay:Wanted Poster":36,"Replay:Ringing Soul":102,"Sundial":91,"MealTicket":76,"infinitespire:Golems Mask":85,"Toxic Egg 2":86,"zeldaRelics:PowerPiece":29,"conspire:Dentures":80,"Girya":96,"conspire:TreasureMap":8,"zeldaRelics:WisdomPiece":21,"Dead Branch":78,"Pen Nib":102,"infinitespire:Magic Flask":46,"Question Card":27,"zeldaRelics:CourageTriforce":10,"WarpedTongs":3,"ReplayTheSpireMod:Spearhead":89,"Bronze Scales":49,"Molten Egg 2":95,"infinitespire:EmpoweringShard":101,"Kintsugi":88,"infinitespire:PuzzleCube":4,"conspire:Flyswatter":84,"Darkstone Periapt":50,"zeldaRelics:BlueTunic":61,"ReplayFunnel":77,"ReplayTheSpireMod:Ring of Exchange":5,"zeldaRelics:Boomerang":22,"REME_ChargedStone":71,"Blue Doll":63,"Mango":68,"King of Hearts":102,"Juzu Bracelet":79,"Replay:Mystery Machine":55,"Ancient Tea Set":57,"Burning Blood":0,"zeldaRelics:WisdomTriforce":26,"Pet Ghost":44,"Replay:Rubber Ducky":20,"conspire:InfiniteJournal":93,"Frozen Eye":0,"Nunchaku":47,"Replay:Bandana":97,"infinitespire:Bottled Soul":58,"Replay:Lucky Slots":79,"zeldaRelics:CouragePiece":6,"Replay:Bottled Snecko":18,"Chemical X":54,"Red Skull":65,"Quantum Egg":45,"Guide Book":85,"conspire:RunicOctahedron":49,"Thread and Needle":83,"PreservedInsect":12,"infinitespire:Joker Card":33,"The Courier":51,"Omamori":60,"zeldaRelics:PowerTriforce":43,"Medical Kit":44,"MawBank":48,"White Beast Statue":14,"Peace Pipe":79,"Cauldron":102,"Busted Crown":0,"Ornamental Fan":67,"REME_HandOfSuture":22,"Turnip":99,"Garlic":11,"Bag of Marbles":85,"REME_CardOfGreed":17,"Bottled Lightning":24,"REME_PuzzleBoxRelic":1,"conspire:DeflatedDodgeball":37,"ReplayTheSpireMod:Lightbulb":44,"Toy Ornithopter":82,"TungstenRod":98,"REME_ComplimentaryCards":0,"zeldaRelics:HylianShield":57},{"Ice Cream":0,"Ginger":31,"Replay:Wanted Poster":16,"Replay:Ringing Soul":46,"Sundial":40,"MealTicket":33,"infinitespire:Golems Mask":37,"Toxic Egg 2":37,"zeldaRelics:PowerPiece":13,"conspire:Dentures":34,"Girya":44,"conspire:TreasureMap":3,"zeldaRelics:WisdomPiece":9,"Dead Branch":34,"Pen Nib":46,"infinitespire:Magic Flask":18,"Question Card":12,"zeldaRelics:CourageTriforce":4,"WarpedTongs":1,"ReplayTheSpireMod:Spearhead":39,"Bronze Scales":19,"Molten Egg 2":43,"infinitespire:EmpoweringShard":46,"Kintsugi":38,"infinitespire:PuzzleCube":2,"conspire:Flyswatter":37,"Darkstone Periapt":20,"zeldaRelics:BlueTunic":26,"ReplayFunnel":34,"ReplayTheSpireMod:Ring of Exchange":2,"zeldaRelics:Boomerang":9,"REME_ChargedStone":30,"Blue Doll":26,"Mango":29,"King of Hearts":46,"Juzu Bracelet":34,"Replay:Mystery Machine":23,"Ancient Tea Set":23,"Burning Blood":0,"zeldaRelics:WisdomTriforce":11,"Pet Ghost":18,"Replay:Rubber Ducky":9,"conspire:InfiniteJournal":42,"Frozen Eye":0,"Nunchaku":18,"Replay:Bandana":44,"infinitespire:Bottled Soul":24,"Replay:Lucky Slots":34,"zeldaRelics:CouragePiece":3,"Replay:Bottled Snecko":8,"Chemical X":22,"Red Skull":27,"Quantum Egg":18,"Guide Book":37,"conspire:RunicOctahedron":19,"Thread and Needle":36,"PreservedInsect":5,"infinitespire:Joker Card":15,"The Courier":20,"Omamori":25,"zeldaRelics:PowerTriforce":18,"Medical Kit":18,"MawBank":19,"White Beast Statue":6,"Peace Pipe":34,"Cauldron":46,"Busted Crown":0,"Ornamental Fan":28,"REME_HandOfSuture":9,"Turnip":46,"Garlic":5,"Bag of Marbles":37,"REME_CardOfGreed":7,"Bottled Lightning":10,"REME_PuzzleBoxRelic":1,"conspire:DeflatedDodgeball":17,"ReplayTheSpireMod:Lightbulb":18,"Toy Ornithopter":35,"TungstenRod":45,"REME_ComplimentaryCards":0,"zeldaRelics:HylianShield":23},{"Ice Cream":0,"Ginger":98,"Replay:Wanted Poster":59,"Replay:Ringing Soul":131,"Sundial":118,"MealTicket":102,"infinitespire:Golems Mask":111,"Toxic Egg 2":111,"zeldaRelics:PowerPiece":49,"conspire:Dentures":105,"Girya":127,"conspire:TreasureMap":11,"zeldaRelics:WisdomPiece":35,"Dead Branch":105,"Pen Nib":131,"infinitespire:Magic Flask":65,"Question Card":45,"zeldaRelics:CourageTriforce":14,"WarpedTongs":2,"ReplayTheSpireMod:Spearhead":116,"Bronze Scales":67,"Molten Egg 2":125,"infinitespire:EmpoweringShard":131,"Kintsugi":114,"infinitespire:PuzzleCube":7,"conspire:Flyswatter":111,"Darkstone Periapt":70,"zeldaRelics:BlueTunic":91,"ReplayFunnel":105,"ReplayTheSpireMod:Ring of Exchange":7,"zeldaRelics:Boomerang":35,"REME_ChargedStone":97,"Blue Doll":91,"Mango":94,"King of Hearts":131,"Juzu Bracelet":105,"Replay:Mystery Machine":87,"Ancient Tea Set":87,"Burning Blood":0,"zeldaRelics:WisdomTriforce":41,"Pet Ghost":65,"Replay:Rubber Ducky":35,"conspire:InfiniteJournal":124,"Frozen Eye":0,"Nunchaku":65,"Replay:Bandana":127,"infinitespire:Bottled Soul":88,"Replay:Lucky Slots":105,"zeldaRelics:CouragePiece":11,"Replay:Bottled Snecko":32,"Chemical X":86,"Red Skull":92,"Quantum Egg":65,"Guide Book":111,"conspire:RunicOctahedron":67,"Thread and Needle":108,"PreservedInsect":17,"infinitespire:Joker Card":54,"The Courier":70,"Omamori":89,"zeldaRelics:PowerTriforce":65,"Medical Kit":65,"MawBank":67,"White Beast Statue":21,"Peace Pipe":105,"Cauldron":131,"Busted Crown":0,"Ornamental Fan":93,"REME_HandOfSuture":35,"Turnip":131,"Garlic":17,"Bag of Marbles":111,"REME_CardOfGreed":29,"Bottled Lightning":38,"REME_PuzzleBoxRelic":2,"conspire:DeflatedDodgeball":63,"ReplayTheSpireMod:Lightbulb":65,"Toy Ornithopter":107,"TungstenRod":129,"REME_ComplimentaryCards":0,"zeldaRelics:HylianShield":87}],"Toy Ornithopter":5,"TungstenRod":12},"card_choices":[{"not_picked":["infinitespire:Starlight","infinitespire:TheBestDefense"],"picked":"infinitespire:Fortify","floor":7},{"not_picked":[],"picked":"REME_TheLastStrike","floor":29},{"not_picked":[],"picked":"Mirror Shield","floor":32},{"not_picked":[],"picked":"Night Terror","floor":35},{"not_picked":[],"picked":"ReplayTheSpireMod:Private Reserves","floor":40},{"not_picked":[],"picked":"Master of Strategy","floor":40},{"not_picked":[],"picked":"Replay:Parry","floor":40},{"not_picked":[],"picked":"Vault","floor":43},{"not_picked":[],"picked":"Halt","floor":46},{"not_picked":[],"picked":"Crow Ritual","floor":52},{"not_picked":[],"picked":"Immolate","floor":53},{"not_picked":["infinitespire:Menacing","infinitespire:Oblivion"],"picked":"infinitespire:Punishment","floor":54},{"not_picked":[],"picked":"Replay:Dark Deal","floor":60},{"not_picked":[],"picked":"Poisoned Stab","floor":61},{"not_picked":[],"picked":"Heavy Blade","floor":68},{"not_picked":[],"picked":"Demon Form","floor":70},{"not_picked":[],"picked":"Apotheosis","floor":77},{"not_picked":[],"picked":"REME_WorshipGod","floor":83},{"not_picked":[],"picked":"REME_AllRoundStrike","floor":87},{"not_picked":["infinitespire:FinalStrike","infinitespire:SevenWalls"],"picked":"ReplayTheSpireMod:Black Plague","floor":93},{"not_picked":[],"picked":"Shrug It Off+1","floor":93},{"not_picked":[],"picked":"Panache","floor":95},{"not_picked":[],"picked":"Specialist","floor":96},{"not_picked":[],"picked":"REME_HeartOfCthun+1","floor":98},{"not_picked":[],"picked":"Streamline+1","floor":99},{"not_picked":[],"picked":"Replay:Sssssssssshield+1","floor":100},{"not_picked":[],"picked":"Swift Strike+1","floor":100},{"not_picked":[],"picked":"REME_TheoryOfElimination+1","floor":100},{"not_picked":[],"picked":"Poisoned Strike+1","floor":104}],"player_experience":1455167,"relics_obtained":[{"floor":1,"key":"REME_PuzzleBoxRelic"},{"floor":4,"key":"infinitespire:PuzzleCube"},{"floor":5,"key":"ReplayTheSpireMod:Ring of Exchange"},{"floor":6,"key":"zeldaRelics:CouragePiece"},{"floor":9,"key":"zeldaRelics:CouragePiece"},{"floor":10,"key":"zeldaRelics:CouragePiece"},{"floor":11,"key":"Garlic"},{"floor":14,"key":"White Beast Statue"},{"floor":18,"key":"Replay:Bottled Snecko"},{"floor":20,"key":"Replay:Rubber Ducky"},{"floor":21,"key":"zeldaRelics:WisdomPiece"},{"floor":24,"key":"Bottled Lightning"},{"floor":25,"key":"zeldaRelics:WisdomPiece"},{"floor":26,"key":"zeldaRelics:WisdomPiece"},{"floor":27,"key":"Question Card"},{"floor":29,"key":"zeldaRelics:PowerPiece"},{"floor":32,"key":"zeldaRelics:PowerPiece"},{"floor":33,"key":"infinitespire:Joker Card"},{"floor":37,"key":"conspire:DeflatedDodgeball"},{"floor":43,"key":"zeldaRelics:PowerPiece"},{"floor":45,"key":"Quantum Egg"},{"floor":46,"key":"infinitespire:Magic Flask"},{"floor":47,"key":"Nunchaku"},{"floor":48,"key":"MawBank"},{"floor":50,"key":"Darkstone Periapt"},{"floor":51,"key":"The Courier"},{"floor":55,"key":"Replay:Mystery Machine"},{"floor":58,"key":"infinitespire:Bottled Soul"},{"floor":60,"key":"Omamori"},{"floor":61,"key":"zeldaRelics:BlueTunic"},{"floor":63,"key":"Blue Doll"},{"floor":65,"key":"Red Skull"},{"floor":67,"key":"Ornamental Fan"},{"floor":68,"key":"Mango"},{"floor":72,"key":"Ginger"},{"floor":76,"key":"MealTicket"},{"floor":77,"key":"ReplayFunnel"},{"floor":80,"key":"conspire:Dentures"},{"floor":82,"key":"Toy Ornithopter"},{"floor":83,"key":"Thread and Needle"},{"floor":84,"key":"conspire:Flyswatter"},{"floor":86,"key":"Toxic Egg 2"},{"floor":89,"key":"ReplayTheSpireMod:Spearhead"},{"floor":91,"key":"Sundial"},{"floor":93,"key":"conspire:InfiniteJournal"},{"floor":95,"key":"Molten Egg 2"},{"floor":96,"key":"Girya"},{"floor":97,"key":"Replay:Bandana"},{"floor":98,"key":"TungstenRod"},{"floor":99,"key":"Turnip"},{"floor":101,"key":"infinitespire:EmpoweringShard"}],"event_choices":[{"damage_healed":0,"gold_gain":0,"player_choice":"Entered Light","damage_taken":23,"max_hp_gain":0,"max_hp_loss":0,"event_name":"Shining Light","floor":2,"gold_loss":0,"cards_upgraded":["Dagger Throw","Discovery"]},{"damage_healed":0,"gold_gain":0,"player_choice":"Rummage","damage_taken":0,"relics_obtained":["WarpedTongs"],"max_hp_gain":0,"max_hp_loss":0,"event_name":"Accursed Blacksmith","floor":3,"gold_loss":0,"cards_obtained":["Pain"]},{"damage_healed":0,"gold_gain":0,"player_choice":"Bought 3 Potions","damage_taken":0,"max_hp_gain":0,"max_hp_loss":0,"event_name":"The Woman in Blue","floor":19,"gold_loss":0},{"damage_healed":0,"gold_gain":0,"player_choice":"Copied","damage_taken":0,"max_hp_gain":0,"max_hp_loss":0,"event_name":"Duplicator","floor":28,"gold_loss":0,"cards_obtained":["infinitespire:Fortify"]},{"damage_healed":0,"gold_gain":0,"player_choice":"Invest 1","damage_taken":0,"max_hp_gain":0,"max_hp_loss":0,"event_name":"conspire:Investor","floor":38,"gold_loss":0},{"damage_healed":0,"gold_gain":0,"player_choice":"Ignored","damage_taken":0,"max_hp_gain":0,"max_hp_loss":0,"event_name":"Tomb of Lord Red Mask","floor":39,"gold_loss":0},{"damage_healed":0,"gold_gain":0,"player_choice":"Memory 3","damage_taken":10,"max_hp_gain":0,"max_hp_loss":0,"event_name":"SensoryStone","floor":40,"gold_loss":0},{"cards_removed":["Self Repair"],"damage_healed":0,"gold_gain":0,"player_choice":"Removed Power","damage_taken":0,"max_hp_gain":0,"max_hp_loss":0,"event_name":"Falling","floor":41,"gold_loss":0},{"damage_healed":0,"gold_gain":0,"player_choice":"Got Potions","damage_taken":0,"max_hp_gain":0,"max_hp_loss":0,"event_name":"Lab","floor":56,"gold_loss":0},{"damage_healed":0,"gold_gain":75,"player_choice":"Gather Gold","damage_taken":11,"max_hp_gain":0,"max_hp_loss":0,"event_name":"World of Goop","floor":59,"gold_loss":0},{"damage_healed":0,"gold_gain":0,"player_choice":"Donut","damage_taken":0,"max_hp_gain":5,"max_hp_loss":0,"event_name":"Big Fish","floor":62,"gold_loss":0},{"damage_healed":0,"gold_gain":275,"player_choice":"Desecrate","damage_taken":0,"max_hp_gain":0,"max_hp_loss":0,"event_name":"Golden Shrine","floor":64,"gold_loss":0,"cards_obtained":["Regret"]},{"damage_healed":0,"gold_gain":0,"cards_transformed":["Replay:Dark Deal"],"player_choice":"Transformed","damage_taken":0,"max_hp_gain":0,"max_hp_loss":0,"event_name":"Transmorgrifier","floor":66,"gold_loss":0,"cards_obtained":["PanicButton"]},{"cards_removed":["Go for the Eyes"],"damage_healed":0,"gold_gain":0,"player_choice":"Purged","damage_taken":0,"max_hp_gain":0,"max_hp_loss":0,"event_name":"Purifier","floor":74,"gold_loss":0},{"damage_healed":0,"gold_gain":0,"player_choice":"Obtained Relic","damage_taken":0,"relics_obtained":["Dead Branch"],"max_hp_gain":0,"max_hp_loss":0,"event_name":"Addict","floor":78,"gold_loss":85},{"damage_healed":0,"gold_gain":50,"player_choice":"Stole From Cult","damage_taken":0,"max_hp_gain":0,"max_hp_loss":0,"event_name":"Nest","floor":81,"gold_loss":0},{"damage_healed":0,"gold_gain":0,"player_choice":"Ignored","damage_taken":0,"max_hp_gain":0,"max_hp_loss":0,"event_name":"Tomb of Lord Red Mask","floor":90,"gold_loss":0},{"cards_removed":["REME_GreenPollution"],"damage_healed":0,"gold_gain":0,"player_choice":"Removed Power","damage_taken":0,"max_hp_gain":0,"max_hp_loss":0,"event_name":"Falling","floor":92,"gold_loss":0},{"damage_healed":0,"gold_gain":0,"player_choice":"Fight","damage_taken":0,"max_hp_gain":0,"max_hp_loss":0,"event_name":"MindBloom","floor":96,"gold_loss":0},{"damage_healed":0,"gold_gain":0,"player_choice":"Fight","damage_taken":0,"max_hp_gain":0,"max_hp_loss":0,"event_name":"Mysterious Sphere","floor":99,"gold_loss":0},{"damage_healed":0,"gold_gain":0,"player_choice":"Memory 3","damage_taken":10,"max_hp_gain":0,"max_hp_loss":0,"event_name":"SensoryStone","floor":100,"gold_loss":0},{"damage_healed":0,"gold_gain":0,"player_choice":"Embrace Madness","damage_taken":15,"max_hp_gain":0,"max_hp_loss":0,"event_name":"Winding Halls","floor":103,"gold_loss":0,"cards_obtained":["Madness","Madness"]}],"is_beta":false,"boss_relics":[{"not_picked":["Guide Book","ReplayTheSpireMod:CursedCoin"],"picked":"REME_CardOfGreed"},{"not_picked":["Replay:Ancient Bell","Kintsugi"],"picked":"Replay:Wanted Poster"},{"not_picked":["infinitespire:Chaos","Calling Bell"],"picked":"Chemical X"},{"not_picked":["conspire:SpecialSausage","Replay:Bronze Core"],"picked":"REME_ChargedStone"},{"not_picked":["Replay:Drink Me","Runic Dome"],"picked":"Kintsugi"}],"items_purged_floors":[8,22,44,49,57,79,85,102],"is_endless":true,"potions_floor_spawned":[1,6,14,16,18,20,24,25,27,29,32,33,35,37,43,48,50,52,53,55,58,60,61,65,67,68,70,72,75,76,77,82,83,84,87,89,91,93,93,95,96,98,99,104],"killed_by":"conspire:OrnateMirror","ascension_level":20}}