{"host":"3y33rrrkia6pkpow","time":1609113791,"event":{"mods":["2.2 Compatiblity","AchievementEnabler","Act Like it!","BaseMod","BetterRewards","Colored Map","Gensokyo","Minty Spire (QoL Compilation)","Quick Restart","Replay The Spire","Shop Mod","Spicy Shops","StSLib","Synergy Search","The Animator"],"gold_per_floor":[11,105,105,118,118,118,159,159,159,19,19,30,68,87,87,87,87],"floor_reached":16,"playtime":2095,"items_purged":[],"score":152,"play_id":"b3365d38-d19c-49c3-a6be-7087d56d319d","local_time":"20201227180311","is_ascension_mode":true,"campfire_choices":[{"floor":6,"key":"REST"},{"data":"animator:AcuraAkari","floor":8,"key":"SMITH"},{"floor":11,"key":"REST"},{"data":"animator:Berserker","floor":15,"key":"SMITH"}],"circlet_count":0,"master_deck":["AscendersBane","animator:Strike_Fate+1","animator:Defend_Fate","animator:Strike","animator:Strike","animator:Strike+1","animator:Defend","animator:Defend+1","animator:Defend","animator:Alexander","animator:Rider","animator:TanyaDegurechaff","animator:Verdia","animator:Kaijin","animator:RoryMercury","animator:AcuraAkari+1","animator:Geryuganshoop","animator:AcuraAkari","animator:Berserker+1","animator:ZankiKiguchi"],"relics":["animator:LivingPicture","animator:TheMissingPiece","animator:PurgingStone","Strawberry","Simple Rune","Toy Ornithopter","Gambling Chip","Counterbalance","Potion Belt"],"acts_visited":["Exordium"],"potions_floor_usage":[4,16,16],"damage_taken":[{"damage":9,"enemies":"Gensokyo:Gryphon","floor":1,"turns":5},{"damage":15,"enemies":"Gensokyo:3_Fairies","floor":4,"turns":6},{"damage":12,"enemies":"Gensokyo:Cirno","floor":7,"turns":6},{"damage":11,"enemies":"Gensokyo:Python","floor":12,"turns":3},{"damage":7,"enemies":"Gensokyo:Mamizou","floor":13,"turns":8},{"damage":0,"enemies":"Gensokyo:5_Fairies","floor":14,"turns":5},{"damage":60,"enemies":"Gensokyo:Yukari","floor":16,"turns":11}],"seed_played":"-5783626265579872260","potions_obtained":[{"floor":1,"key":"ColorlessPotion"},{"floor":7,"key":"Energy Potion"},{"floor":14,"key":"Block Potion"}],"is_trial":false,"path_per_floor":["M","?","?","M","T","R","E","R","T","?","R","M","E","M","R","B"],"character_chosen":"THE_ANIMATOR","items_purchased":[],"campfire_rested":2,"item_purchase_floors":[],"current_hp_per_floor":[50,31,53,38,38,59,47,47,47,47,68,57,50,50,50,0,0],"gold":87,"neow_bonus":"RANDOM_COLORLESS_2","is_daily":false,"chose_seed":false,"campfire_upgraded":2,"win_rate":0.0,"timestamp":1609113791,"path_taken":["M","?","?","?","?","R","E","R","T","?","R","M","E","?","R","BOSS"],"items_purchased_type":[],"build_version":"2020-12-22","purchased_purges":0,"victory":false,"max_hp_per_floor":[66,73,73,73,73,73,73,73,73,73,73,73,73,73,73,73,73],"card_choices":[{"not_picked":["animator:Patchouli","animator:Lelouch"],"picked":"animator:TanyaDegurechaff","floor":0},{"not_picked":["animator:Tyuule","animator:Azekura"],"picked":"animator:Verdia","floor":1},{"not_picked":["animator:Shuna","animator:Genos"],"picked":"animator:Kaijin","floor":2},{"not_picked":["animator:SilverFang","animator:Viivi"],"picked":"animator:RoryMercury","floor":2},{"not_picked":["animator:Cocytus","animator:Souei"],"picked":"animator:AcuraAkari","floor":4},{"not_picked":["animator:YunYun","animator:ItamiYouji"],"picked":"animator:Geryuganshoop","floor":7},{"not_picked":["animator:Gillette","animator:Guy"],"picked":"animator:AcuraAkari","floor":12},{"not_picked":["animator:Kuribayashi","animator:Hitei"],"picked":"animator:Berserker","floor":13},{"not_picked":["animator:Azekura","animator:EmiyaShirou"],"picked":"animator:ZankiKiguchi","floor":14}],"player_experience":810458,"relics_obtained":[{"floor":2,"key":"Strawberry"},{"floor":5,"key":"Simple Rune"},{"floor":7,"key":"Toy Ornithopter"},{"floor":9,"key":"Gambling Chip"},{"floor":13,"key":"Potion Belt"}],"event_choices":[],"is_beta":false,"boss_relics":[],"items_purged_floors":[],"is_endless":false,"potions_floor_spawned":[1,7,14],"killed_by":"Gensokyo:Yukari","ascension_level":10}}