{"host":"zv85muor2723jdwz","time":1609115166,"event":{"mods":["Arknights The Spire","BaseMod","Better Vampires","CapriCore","Decade(王小明)","KinomotoSakuraMod(木之本樱)","KomeijiMod","Marisa（F雨　魔理沙）","Marked Mod","Minty Spire (QoL Compilation)","Reimu（博丽灵梦）","Remilia（蕾米莉亚）","StSLib","The Cursed","The Immortal","The Runesmith","The Servant 0.9.4","WarShipGirlsR/战舰少女R mod","Yakumo Yukari mod","Youmu（魂魄妖梦）","Yuri Mod","Yuyuko","【遗物卡牌】REMEMod"],"gold_per_floor":[180,192,192,192,205,205,240,240,240,254,254,254],"floor_reached":11,"playtime":555,"items_purged":[],"score":73,"play_id":"760c2251-ea40-46f8-a96f-9cb209e332a8","local_time":"20201228082606","is_ascension_mode":false,"campfire_choices":[{"data":"Warpath","floor":6,"key":"SMITH"}],"circlet_count":0,"master_deck":["Strike_Remiria","Strike_Remiria","Strike_Remiria","Strike_Remiria","Defend_Remirira","Defend_Remirira+1","Defend_Remirira","Defend_Remirira","Absorbed","Scratch+1","Terror","Warpath+1","BloodCollect","BloodCollect","NightDance","CombatMeter"],"relics":["ThirstyCrossSpe","REME_ComplimentaryCards","NeowsBlessing","ats:Originium","Sundial","Omamori"],"acts_visited":["Exordium"],"potions_floor_usage":[10,11],"damage_taken":[{"damage":0,"enemies":"Small Slimes","floor":1,"turns":1},{"damage":0,"enemies":"Jaw Worm","floor":2,"turns":1},{"damage":0,"enemies":"2 Louse","floor":5,"turns":1},{"damage":21,"enemies":"Gremlin Nob","floor":7,"turns":4},{"damage":12,"enemies":"2 Fungi Beasts","floor":10,"turns":5},{"damage":49,"enemies":"3 Sentries","floor":11,"turns":8}],"seed_played":"-4168342057690627474","potions_obtained":[{"floor":1,"key":"EssenceOfSteel"},{"floor":5,"key":"GrandPatriotsElixir:ReiMu"},{"floor":10,"key":"Explosive Potion"}],"is_trial":false,"path_per_floor":["M","M","?","?","M","R","E","?","T","M","E"],"character_chosen":"RemiriaScarlet","items_purchased":[],"campfire_rested":0,"item_purchase_floors":[],"current_hp_per_floor":[100,100,100,80,80,80,59,64,64,52,3,3],"gold":254,"neow_bonus":"THREE_ENEMY_KILL","is_daily":false,"chose_seed":false,"campfire_upgraded":1,"win_rate":0.0,"timestamp":1609115166,"path_taken":["M","M","?","?","?","R","E","?","T","M","E"],"items_purchased_type":[],"build_version":"2020-12-22","purchased_purges":0,"victory":false,"max_hp_per_floor":[100,100,100,100,100,100,100,105,105,105,105,105],"card_choices":[{"not_picked":["Feint","BathedInBlood"],"picked":"Warpath","floor":1},{"not_picked":["StigmaNizer","FierceSweep"],"picked":"BloodCollect","floor":2},{"not_picked":["Feint","Warpath"],"picked":"BloodCollect","floor":5},{"not_picked":["BloodCollect","FateMeister"],"picked":"NightDance","floor":7},{"not_picked":["FierceSweep","NightDance"],"picked":"CombatMeter","floor":10}],"player_experience":42118,"relics_obtained":[{"floor":7,"key":"ats:Originium"},{"floor":7,"key":"Sundial"},{"floor":9,"key":"Omamori"}],"event_choices":[{"damage_healed":0,"gold_gain":0,"player_choice":"Entered Light","damage_taken":20,"max_hp_gain":0,"max_hp_loss":0,"event_name":"Shining Light","floor":4,"gold_loss":0,"cards_upgraded":["Scratch","Defend_Remirira"]},{"damage_healed":0,"gold_gain":0,"player_choice":"Donut","damage_taken":0,"max_hp_gain":5,"max_hp_loss":0,"event_name":"Big Fish","floor":8,"gold_loss":0}],"is_beta":false,"boss_relics":[],"items_purged_floors":[],"is_endless":false,"potions_floor_spawned":[1,5,10],"killed_by":"3 Sentries","ascension_level":0}}