{"host":"f5uumzf5hfexzk8l","time":1609193654,"event":{"mods":["BaseMod","Colored Map","Googly Eyes","Highlight Path","Minty Spire (QoL Compilation)","Permanent Neow","StSLib","SuperFastMode","Unceasing Turn Reminder"],"gold_per_floor":[110,110,135,146,160,195,195,45,100,130,130,149,164,181,181,284,284,295,305,305,316,334,334],"floor_reached":22,"playtime":1311,"items_purged":["Defend_P"],"score":315,"play_id":"2e300492-c268-4388-8178-9c3dd617c14c","local_time":"20201228141414","is_ascension_mode":true,"campfire_choices":[{"data":"Eruption","floor":7.0,"key":"SMITH"},{"data":"ClearTheMind","floor":11.0,"key":"SMITH"},{"data":"EmptyFist","floor":15.0,"key":"SMITH"}],"circlet_count":0,"master_deck":["Strike_P","Strike_P","Strike_P","Defend_P","Defend_P","Defend_P","Eruption+1","Vigilance","ClearTheMind+1","FlurryOfBlows","Wallop","ThirdEye","Consecrate","CrushJoints","EmptyFist+1","Devotion","Evaluate"],"relics":["PureWater","Turnip","Oddly Smooth Stone","Strawberry","Potion Belt","Bag of Marbles","SlaversCollar"],"acts_visited":["Exordium","TheCity"],"potions_floor_usage":[19,21,22],"damage_taken":[{"damage":1.0,"enemies":"2 Louse","floor":1.0,"turns":4.0},{"damage":0.0,"enemies":"Jaw Worm","floor":4.0,"turns":1.0},{"damage":0.0,"enemies":"Small Slimes","floor":5.0,"turns":5.0},{"damage":0.0,"enemies":"Gremlin Nob","floor":6.0,"turns":2.0},{"damage":7.0,"enemies":"Lagavulin","floor":10.0,"turns":5.0},{"damage":0.0,"enemies":"Blue Slaver","floor":12.0,"turns":3.0},{"damage":0.0,"enemies":"Red Slaver","floor":13.0,"turns":3.0},{"damage":0.0,"enemies":"3 Louse","floor":14.0,"turns":1.0},{"damage":4.0,"enemies":"Slime Boss","floor":16.0,"turns":6.0},{"damage":1,"enemies":"Shell Parasite","floor":18,"turns":2},{"damage":21,"enemies":"3 Byrds","floor":19,"turns":6},{"damage":29,"enemies":"Shelled Parasite and Fungi","floor":21,"turns":5},{"damage":19,"enemies":"3 Cultists","floor":22,"turns":5}],"seed_played":"8072606403781103543","potions_obtained":[{"floor":1.0,"key":"BlessingOfTheForge"},{"floor":4.0,"key":"ColorlessPotion"},{"floor":5.0,"key":"SteroidPotion"},{"floor":14.0,"key":"Fruit Juice"},{"floor":16.0,"key":"FairyPotion"},{"floor":18,"key":"Explosive Potion"},{"floor":19,"key":"StancePotion"},{"floor":21,"key":"AttackPotion"}],"is_trial":false,"path_per_floor":["M","?","T","M","M","E","R","$","T","E","R","M","M","M","R","B",null,"M","M","?","M","M"],"character_chosen":"WATCHER","items_purchased":["Wallop"],"campfire_rested":0,"item_purchase_floors":[8],"current_hp_per_floor":[46,39,39,39,39,46,46,46,46,39,39,39,39,44,44,40,73,72,51,51,22,3,3],"gold":334,"neow_bonus":"ONE_RARE_RELIC","is_daily":false,"chose_seed":false,"campfire_upgraded":3,"win_rate":0.0,"timestamp":1609193654,"path_taken":["M","?","?","M","M","E","R","$","T","E","R","M","M","M","R","BOSS","M","M","?","M","M"],"items_purchased_type":["Card"],"build_version":"2020-12-22","purchased_purges":1,"victory":false,"max_hp_per_floor":[72,72,72,72,72,79,79,79,79,79,79,79,79,84,84,84,84,84,84,84,84,84,84],"card_choices":[{"not_picked":["Wireheading","LikeWater","Halt"],"picked":"SKIP","floor":1.0},{"not_picked":["Evaluate","Perseverance"],"picked":"ClearTheMind","floor":4.0},{"not_picked":["Fasting2","FlyingSleeves"],"picked":"FlurryOfBlows","floor":5.0},{"not_picked":["Prostrate","Alpha","PathToVictory"],"picked":"SKIP","floor":6.0},{"not_picked":["Evaluate","Adaptation"],"picked":"ThirdEye","floor":10.0},{"not_picked":["Prostrate","ClearTheMind"],"picked":"Consecrate","floor":12.0},{"not_picked":["TalkToTheHand","WheelKick"],"picked":"CrushJoints","floor":13.0},{"not_picked":["JustLucky","ReachHeaven"],"picked":"EmptyFist","floor":14.0},{"not_picked":["Blasphemy","Wish"],"picked":"Devotion","floor":16.0},{"not_picked":["PathToVictory+1","Nirvana"],"picked":"Evaluate","floor":18},{"not_picked":["Wireheading","Consecrate+1","JustLucky+1"],"picked":"SKIP","floor":19},{"not_picked":["Swivel","SashWhip","FollowUp"],"picked":"SKIP","floor":21}],"player_experience":321863,"relics_obtained":[{"floor":3.0,"key":"Oddly Smooth Stone"},{"floor":6.0,"key":"Strawberry"},{"floor":9.0,"key":"Potion Belt"},{"floor":10.0,"key":"Bag of Marbles"}],"event_choices":[{"cards_removed":["Strike_P"],"damage_healed":0.0,"max_hp_gain":0.0,"max_hp_loss":0.0,"gold_gain":0.0,"event_name":"Golden Wing","player_choice":"Card Removal","floor":2.0,"gold_loss":0.0,"damage_taken":7.0},{"damage_healed":0,"gold_gain":0,"player_choice":"Ignored","damage_taken":0,"max_hp_gain":0,"max_hp_loss":0,"event_name":"Ghosts","floor":20,"gold_loss":0}],"is_beta":false,"boss_relics":[{"not_picked":["Runic Dome","Calling Bell"],"picked":"SlaversCollar"}],"items_purged_floors":[8],"is_endless":false,"potions_floor_spawned":[1,4,5,14,16,18,19,21],"killed_by":"3 Cultists","ascension_level":8}}