{"host":"6pgtslebjnyv5xmi","time":1609130084,"event":{"mods":["AchievementEnabler","BaseMod","Colored Map","Minty Spire (QoL Compilation)","Rare Cards Sparkle","StSLib","SuperFastMode","everything is the same but u backflip on backflip"],"gold_per_floor":[134,134,309,84,119,119,119,119,119,159,184,84,139,179,179,279,279,294,334,399,59,59,59,124,189,189,229,154,34,34,34,34,159,159,224,264,124,0,50,50,50,50,50,65,80,80,120,175,175,175,175],"floor_reached":50,"playtime":6480,"items_purged":["Doubt","Defend_P","Defend_P","Strike_P","Strike_P"],"score":620,"play_id":"a74b4c2c-6e77-4b2d-9970-eb760b00a453","local_time":"20201228133444","daily_mods":["Allstar","Colorless Cards","Night Terrors"],"is_ascension_mode":false,"campfire_choices":[{"data":"Eruption","floor":6.0,"key":"SMITH"},{"data":"CrushJoints","floor":8.0,"key":"SMITH"},{"floor":15.0,"key":"REST"},{"floor":23.0,"key":"REST"},{"floor":32.0,"key":"REST"},{"data":"Crescendo","floor":40.0,"key":"SMITH"},{"data":"Madness","floor":42.0,"key":"SMITH"},{"floor":49.0,"key":"REST"}],"circlet_count":0,"master_deck":["Defend_P+1","Eruption+1","Vigilance","Chrysalis","Dark Shackles","HandOfGreed+1","Apotheosis+1","Impatience","EmptyBody","CrushJoints+1","EmptyBody","Madness+1","Blind","HandOfGreed","ThirdEye+1","MentalFortress","Panacea+1","Blasphemy","Sadistic Nature","Violence","SignatureMove+1","Perseverance+1","Crescendo+1","Writhe","Madness+1","CrushJoints+1","Finesse+1"],"relics":["PureWater","Art of War","Pear","Dream Catcher","The Courier","SlaversCollar","Lantern","Vajra","Potion Belt","Gremlin Horn","Cursed Key","Red Mask","FossilizedHelix","Bottled Lightning","Mercury Hourglass"],"acts_visited":["Exordium","TheCity","TheBeyond"],"potions_floor_usage":[50],"damage_taken":[{"damage":0.0,"enemies":"Small Slimes","floor":1.0,"turns":5.0},{"damage":1.0,"enemies":"2 Louse","floor":5.0,"turns":2.0},{"damage":0.0,"enemies":"Jaw Worm","floor":10.0,"turns":1.0},{"damage":0.0,"enemies":"Gremlin Nob","floor":13.0,"turns":1.0},{"damage":2.0,"enemies":"Exordium Wildlife","floor":14.0,"turns":3.0},{"damage":0.0,"enemies":"Slime Boss","floor":16.0,"turns":6.0},{"damage":8.0,"enemies":"2 Thieves","floor":18.0,"turns":4.0},{"damage":23.0,"enemies":"Shell Parasite","floor":19.0,"turns":6.0},{"damage":28.0,"enemies":"Shelled Parasite and Fungi","floor":20.0,"turns":8.0},{"damage":15.0,"enemies":"3 Cultists","floor":24.0,"turns":6.0},{"damage":26.0,"enemies":"Centurion and Healer","floor":25.0,"turns":7.0},{"damage":22.0,"enemies":"Snake Plant","floor":27.0,"turns":3.0},{"damage":61.0,"enemies":"Collector","floor":33.0,"turns":5.0},{"damage":1.0,"enemies":"3 Shapes","floor":35.0,"turns":3.0},{"damage":13.0,"enemies":"3 Darklings","floor":36.0,"turns":5.0},{"damage":13.0,"enemies":"2 Orb Walkers","floor":39.0,"turns":5.0},{"damage":0.0,"enemies":"Maw","floor":44.0,"turns":6.0},{"damage":3.0,"enemies":"Spire Growth","floor":45.0,"turns":5.0},{"damage":12.0,"enemies":"3 Darklings","floor":47.0,"turns":6.0},{"damage":0.0,"enemies":"Giant Head","floor":48.0,"turns":7.0},{"damage":87,"enemies":"Awakened One","floor":50,"turns":8}],"seed_played":"3313543068594885719","potions_obtained":[{"floor":5.0,"key":"SkillPotion"},{"floor":10.0,"key":"DuplicationPotion"},{"floor":14.0,"key":"LiquidMemories"},{"floor":16.0,"key":"Explosive Potion"},{"floor":18.0,"key":"Regen Potion"},{"floor":19.0,"key":"EssenceOfSteel"},{"floor":25.0,"key":"AttackPotion"},{"floor":27.0,"key":"StancePotion"},{"floor":35.0,"key":"Dexterity Potion"},{"floor":36.0,"key":"Ancient Potion"},{"floor":45.0,"key":"LiquidMemories"}],"is_trial":false,"path_per_floor":["M","?","?","$","M","R","?","R","T","M","T","$","E","M","R","B",null,"M","M","M","$","?","R","M","M","T","M","?","$","?","$","R","B",null,"M","M","$","?","?","R","?","R","T","M","M","$","M","E","R","B"],"character_chosen":"WATCHER","items_purchased":["Art of War","Lantern","Vajra"],"campfire_rested":4,"item_purchase_floors":[4,21,21],"current_hp_per_floor":[72,72,72,72,71,71,57,57,67,67,67,67,67,65,77,77,77,69,46,33,33,33,72,57,31,31,9,9,9,9,9,67,6,67,66,53,53,53,40,40,40,40,40,40,37,37,25,25,62,0,0],"gold":175,"neow_bonus":"","is_daily":true,"chose_seed":false,"campfire_upgraded":4,"win_rate":0.0,"timestamp":1609130084,"path_taken":["M","?","?","$","?","R","?","R","T","M","?","$","E","M","R","BOSS","M","M","M","$","?","R","M","M","T","M","?","$","?","?","R","BOSS","M","M","$","?","?","R","?","R","T","?","M","?","M","E","R","BOSS"],"items_purchased_type":["Relic","Relic","Relic"],"build_version":"2020-12-22","purchased_purges":5,"victory":false,"max_hp_per_floor":[72,72,72,72,72,72,72,72,82,82,82,82,82,82,77,77,77,77,77,77,77,77,72,72,72,72,72,72,72,72,72,67,67,67,67,67,67,67,67,67,67,67,67,67,67,67,67,67,62,62,62],"card_choices":[{"not_picked":["Dark Shackles","Consecrate"],"picked":"EmptyBody","floor":1.0},{"not_picked":["Protect","Conclude"],"picked":"CrushJoints","floor":5.0},{"not_picked":["FlyingSleeves","Deep Breath"],"picked":"EmptyBody","floor":10.0},{"not_picked":["SandsOfTime","EmptyBody"],"picked":"Madness","floor":13.0},{"not_picked":["Conclude","FlyingSleeves"],"picked":"Blind","floor":14.0},{"not_picked":["Alpha","LessonLearned"],"picked":"HandOfGreed","floor":16.0},{"not_picked":["Impatience","EmptyBody"],"picked":"ThirdEye+1","floor":18.0},{"not_picked":["FollowUp","JustLucky"],"picked":"MentalFortress","floor":19.0},{"not_picked":["EmptyBody","Pray","Establishment"],"picked":"SKIP","floor":20.0},{"not_picked":["FlurryOfBlows","CrushJoints"],"picked":"Panacea+1","floor":23.0},{"not_picked":["FlyingSleeves","PathToVictory","Prostrate"],"picked":"SKIP","floor":24.0},{"not_picked":["Dramatic Entrance","Scrawl","WheelKick"],"picked":"SKIP","floor":25.0},{"not_picked":["CutThroughFate","Halt","Fasting2+1"],"picked":"SKIP","floor":27.0},{"not_picked":["Metamorphosis","Judgement"],"picked":"Violence","floor":33.0},{"not_picked":["SashWhip","EmptyBody+1"],"picked":"SignatureMove+1","floor":35.0},{"not_picked":["Pray+1","Wireheading+1"],"picked":"Perseverance+1","floor":36.0},{"not_picked":["Study","Prostrate+1"],"picked":"Crescendo","floor":39.0},{"not_picked":["Finesse","Nirvana+1","Collect+1"],"picked":"SKIP","floor":44.0},{"not_picked":["Evaluate+1","Protect","JustLucky+1"],"picked":"SKIP","floor":45.0},{"not_picked":["Brilliance","PathToVictory+1"],"picked":"Madness+1","floor":47.0},{"not_picked":["PathToVictory","Protect"],"picked":"CrushJoints+1","floor":48.0},{"not_picked":["ClearTheMind+1","CrushJoints"],"picked":"Finesse+1","floor":49.0}],"player_experience":535622,"relics_obtained":[{"floor":9.0,"key":"Pear"},{"floor":11.0,"key":"Dream Catcher"},{"floor":13.0,"key":"The Courier"},{"floor":26.0,"key":"Gremlin Horn"},{"floor":39.0,"key":"FossilizedHelix"},{"floor":43.0,"key":"Bottled Lightning"},{"floor":48.0,"key":"Mercury Hourglass"}],"event_choices":[{"damage_healed":0.0,"max_hp_gain":0.0,"max_hp_loss":0.0,"gold_gain":0.0,"event_name":"Living Wall","player_choice":"Grow","floor":2.0,"gold_loss":0.0,"damage_taken":0.0,"cards_upgraded":["Apotheosis"]},{"damage_healed":0.0,"max_hp_gain":0.0,"max_hp_loss":0.0,"gold_gain":175.0,"event_name":"Liars Game","player_choice":"AGREE","floor":3.0,"gold_loss":0.0,"damage_taken":0.0,"cards_obtained":["Doubt"]},{"damage_healed":0.0,"max_hp_gain":0.0,"max_hp_loss":0.0,"gold_gain":0.0,"event_name":"Shining Light","player_choice":"Entered Light","floor":7.0,"gold_loss":0.0,"damage_taken":14.0,"cards_upgraded":["Defend_P","HandOfGreed"]},{"damage_healed":0.0,"max_hp_gain":0.0,"max_hp_loss":0.0,"gold_gain":0.0,"event_name":"Addict","player_choice":"Stole Relic","floor":22.0,"gold_loss":0.0,"damage_taken":0.0,"relics_obtained":["Potion Belt"],"cards_obtained":["Shame"]},{"cards_removed":["Defend_P"],"damage_healed":0.0,"max_hp_gain":0.0,"max_hp_loss":0.0,"gold_gain":0.0,"event_name":"Beggar","player_choice":"Gave Gold","floor":28.0,"gold_loss":75.0,"damage_taken":0.0},{"damage_healed":0.0,"max_hp_gain":0.0,"max_hp_loss":0.0,"gold_gain":0.0,"cards_transformed":["Strike_P","Strike_P"],"event_name":"Drug Dealer","player_choice":"Became Test Subject","floor":30.0,"gold_loss":0.0,"damage_taken":0.0,"cards_obtained":["Blasphemy","Sadistic Nature"]},{"damage_healed":0.0,"max_hp_gain":0.0,"max_hp_loss":0.0,"gold_gain":0.0,"event_name":"Tomb of Lord Red Mask","player_choice":"Paid","floor":38.0,"gold_loss":124.0,"damage_taken":0.0,"relics_obtained":["Red Mask"]},{"damage_healed":0.0,"max_hp_gain":0.0,"max_hp_loss":0.0,"gold_gain":0.0,"event_name":"Mysterious Sphere","player_choice":"Fight","floor":39.0,"gold_loss":0.0,"damage_taken":0.0},{"cards_removed":["Shame"],"damage_healed":0.0,"max_hp_gain":0.0,"max_hp_loss":0.0,"gold_gain":0.0,"event_name":"Fountain of Cleansing","player_choice":"Removed Curses","floor":41.0,"gold_loss":0.0,"damage_taken":0.0}],"is_beta":false,"boss_relics":[{"not_picked":["Snecko Eye","Astrolabe"],"picked":"SlaversCollar"},{"not_picked":["Sozu","Coffee Dripper"],"picked":"Cursed Key"}],"items_purged_floors":[4,12,21,29,37],"is_endless":false,"potions_floor_spawned":[5,10,14,16,18,19,25,27,35,36,45],"killed_by":"Awakened One","ascension_level":0}}