{"host":"b0l902yh1rk3g5bq","time":1609175197,"event":{"mods":["AchievementEnabler","Act Like it!","Aspiration","BaseMod","Better Match","Better Sensory Stone","Better Skull","Better Third Choice","BetterRewards","Challenge The Spire","Colored Map","Colored Powertips","Conspire","Downfall","Energized Spire","GifTheSpireLib","Halation","Hubris","Infinite Spire","Minty Spire (QoL Compilation)","Quick Restart","Rare Cards Sparkle","Replay The Spire","StSLib","Stuff the Spire","Trackpad","Virulent Crown","Wandering Minibosses","egg","everything is the same but u backflip on backflip","vexMod"],"gold_per_floor":[99,115,127,127,140,180,180,217,238,238,272,109,130,166,181,183,183,183],"floor_reached":16,"playtime":801,"items_purged":[],"score":122,"play_id":"1873cd57-c600-4735-8b99-0f99318acbd6","local_time":"20201228180637","is_ascension_mode":false,"campfire_choices":[{"data":"Guardian:TwinSlam","floor":1,"key":"SMITH"},{"data":"Guardian:CurlUp","floor":10,"key":"SMITH"}],"circlet_count":0,"master_deck":["Guardian:Strike_Guardian","Guardian:Strike_Guardian","Guardian:Strike_Guardian","Guardian:Defend_Guardian","Guardian:Defend_Guardian","Guardian:Defend_Guardian","Guardian:Defend_Guardian","Guardian:CurlUp+1","Guardian:TwinSlam+1","Guardian:FloatingOrbs+1","Guardian:TimeBomb","Guardian:SentryBeam","Guardian:EvasiveProtocol","Guardian:Gem_Green","Guardian:Gem_Cyan","Guardian:Repulse"],"relics":["Guardian:ModeShifter","conspire:Boomerang","infinitespire:Midas Blood","Gremlin Food","Garlic","Oddly Smooth Stone","infinitespire:ShieldingShard"],"acts_visited":["Exordium"],"potions_floor_usage":[13,15],"damage_taken":[{"damage":1,"enemies":"Jaw Worm","floor":2,"turns":5},{"damage":2,"enemies":"Small Slimes","floor":3,"turns":4},{"damage":1,"enemies":"Cultist","floor":5,"turns":4},{"damage":16,"enemies":"conspire:MimicChest","floor":6,"turns":5},{"damage":14,"enemies":"3 Sentries","floor":8,"turns":4},{"damage":12,"enemies":"Gremlin Gang","floor":9,"turns":4},{"damage":7,"enemies":"Lagavulin","floor":11,"turns":7},{"damage":0,"enemies":"downfall:FleeingMerchant","floor":12,"turns":4},{"damage":2,"enemies":"Exordium Thugs","floor":13,"turns":3},{"damage":11,"enemies":"Gremlin Nob","floor":14,"turns":4},{"damage":0,"enemies":"2 Fungi Beasts","floor":15,"turns":2},{"damage":14,"enemies":"downfall:Defect","floor":16,"turns":4}],"seed_played":"1727622521015092509","potions_obtained":[{"floor":2,"key":"Swift Potion"},{"floor":5,"key":"Fire Potion"},{"floor":13,"key":"SpeedPotion"},{"floor":14,"key":"Explosive Potion"}],"is_trial":false,"path_per_floor":["R","M","M","?","M","?","T","E","M","R","E","$","M","E","M","B"],"character_chosen":"GUARDIAN","items_purchased":["Oddly Smooth Stone"],"campfire_rested":0,"item_purchase_floors":[12],"current_hp_per_floor":[80,79,77,77,76,60,60,46,34,34,27,27,25,14,14,0,0,0],"gold":183,"neow_bonus":"REMOVE_CARD","is_daily":false,"chose_seed":false,"campfire_upgraded":2,"win_rate":0.0,"timestamp":1609175197,"path_taken":["R","M","M","?","M","?","T","E","?","R","E","$","M","E","M","BOSS"],"items_purchased_type":["Relic"],"build_version":"2020-12-22","purchased_purges":0,"victory":false,"max_hp_per_floor":[80,80,80,80,80,80,80,80,80,80,80,80,80,80,80,80,80,80],"card_choices":[{"not_picked":["Guardian:VentSteam","Guardian:ShieldCharger"],"picked":"Guardian:FloatingOrbs","floor":2},{"not_picked":["Guardian:WalkerClaw","Guardian:Incinerate"],"picked":"Guardian:TimeBomb","floor":3},{"not_picked":["Guardian:Incinerate","Guardian:BronzeOrb"],"picked":"Guardian:SentryBeam","floor":5},{"not_picked":["Guardian:Preprogram","Guardian:ShieldCharger"],"picked":"Guardian:EvasiveProtocol","floor":6},{"not_picked":["Guardian:RollAttack","Guardian:TemporalStrike","Guardian:PrimingBeam"],"picked":"SKIP","floor":8},{"not_picked":["Guardian:ConstructionForm","Guardian:TemporalStrike"],"picked":"Guardian:Gem_Green","floor":9},{"not_picked":["Guardian:Incinerate","Guardian:Clone","Guardian:BronzeOrb"],"picked":"SKIP","floor":11},{"not_picked":["Guardian:Gem_Lightblue","Guardian:PrimingBeam"],"picked":"Guardian:Gem_Cyan","floor":12},{"not_picked":["Guardian:Gem_Red","Guardian:TemporalStrike","Guardian:VentSteam"],"picked":"SKIP","floor":13},{"not_picked":["Guardian:Gem_Cyan","Guardian:Suspension"],"picked":"Guardian:Repulse","floor":14},{"not_picked":["Guardian:BronzeOrb","Guardian:PrismaticBeam","Guardian:Recover"],"picked":"SKIP","floor":15}],"player_experience":602073,"relics_obtained":[{"floor":6,"key":"conspire:Boomerang"},{"floor":7,"key":"infinitespire:Midas Blood"},{"floor":8,"key":"Gremlin Food"},{"floor":11,"key":"Garlic"},{"floor":14,"key":"infinitespire:ShieldingShard"}],"event_choices":[],"is_beta":false,"boss_relics":[],"items_purged_floors":[],"is_endless":false,"potions_floor_spawned":[2,5,13,14],"killed_by":"downfall:Defect","ascension_level":0}}