{"host":"0cgp910o8339lr91","time":1609175138,"event":{"mods":["BaseMod","Colored Map","Filter the Spire","Minty Spire (QoL Compilation)","Relic Stats","Slay-I","ojb\u0027s Better Paths Mod","ojb\u0027s Info Mod"],"gold_per_floor":[112,130,140,140,215,215,234,259,331,331,356,370,395,407,407,510,510,525,72,92,102,102,128,138,138,138,152,167,167,167,196,196,296,296,309,309,328,328,180,212,212,212,212,212,231,264,264,299,299,299,299,299,95,128,128,128],"floor_reached":55,"playtime":6156,"items_purged":["Crescendo+1"],"score":1391,"play_id":"50e42246-1f83-4a35-ad14-bf8130918832","local_time":"20201228180538","is_ascension_mode":true,"campfire_choices":[{"data":"Perseverance","floor":6.0,"key":"SMITH"},{"floor":15.0,"key":"RECALL"},{"data":"Shame","floor":32.0,"key":"PURGE"},{"floor":41.0,"key":"DIG"},{"floor":44.0,"key":"DIG"},{"floor":49.0,"key":"DIG"},{"floor":52.0,"key":"DIG"}],"circlet_count":0,"master_deck":["Eruption+1","Vigilance+1","Swivel+1","DeusExMachina+1","Perseverance+1","ReachHeaven+1","LessonLearned+1","ReachHeaven+1","CrushJoints+1","ThirdEye+1","Protect+1","Adaptation+1","Protect+1","Blasphemy+1","Consecrate+1","DeceiveReality+1","Omniscience+1","CurseOfTheBell","Tantrum+1","ClearTheMind+1","Crescendo+1","BattleHymn","Meditate","InnerPeace+1"],"relics":["Pandora\u0027s Box","Peace Pipe","Meat on the Bone","Nunchaku","Smiling Mask","SlaversCollar","Gambling Chip","Oddly Smooth Stone","Lizard Tail","Gremlin Horn","Yang","Blood Vial","Kunai","Calling Bell","PreservedInsect","Pear","Shovel","Orrery","War Paint","Orichalcum","TeardropLocket","Damaru","Strawberry","Singing Bowl","Blue Candle","Mercury Hourglass","Centennial Puzzle"],"acts_visited":["Exordium","TheCity","TheBeyond","TheEnding"],"potions_floor_usage":[55],"damage_taken":[{"damage":0.0,"enemies":"Small Slimes","floor":1.0,"turns":3.0},{"damage":4.0,"enemies":"Jaw Worm","floor":2.0,"turns":2.0},{"damage":0.0,"enemies":"Cultist","floor":3.0,"turns":4.0},{"damage":1.0,"enemies":"Blue Slaver","floor":7.0,"turns":3.0},{"damage":0.0,"enemies":"Lagavulin","floor":8.0,"turns":5.0},{"damage":3.0,"enemies":"3 Sentries","floor":11.0,"turns":5.0},{"damage":0.0,"enemies":"Exordium Wildlife","floor":12.0,"turns":4.0},{"damage":0.0,"enemies":"Lagavulin","floor":13.0,"turns":4.0},{"damage":0.0,"enemies":"Red Slaver","floor":14.0,"turns":3.0},{"damage":0.0,"enemies":"Slime Boss","floor":16.0,"turns":3.0},{"damage":0.0,"enemies":"Shell Parasite","floor":18.0,"turns":1.0},{"damage":1.0,"enemies":"3 Byrds","floor":20.0,"turns":4.0},{"damage":1.0,"enemies":"3 Cultists","floor":21.0,"turns":5.0},{"damage":12.0,"enemies":"Book of Stabbing","floor":23.0,"turns":3.0},{"damage":2.0,"enemies":"Cultist and Chosen","floor":24.0,"turns":6.0},{"damage":0.0,"enemies":"Shelled Parasite and Fungi","floor":27.0,"turns":4.0},{"damage":6.0,"enemies":"Centurion and Healer","floor":28.0,"turns":4.0},{"damage":5.0,"enemies":"Slavers","floor":31.0,"turns":2.0},{"damage":0.0,"enemies":"Champ","floor":33.0,"turns":5.0},{"damage":0.0,"enemies":"3 Shapes","floor":35.0,"turns":6.0},{"damage":0.0,"enemies":"Orb Walker","floor":37.0,"turns":2.0},{"damage":0.0,"enemies":"Nemesis","floor":40.0,"turns":3.0},{"damage":17.0,"enemies":"Jaw Worm Horde","floor":45.0,"turns":2.0},{"damage":2.0,"enemies":"Giant Head","floor":46.0,"turns":4.0},{"damage":23.0,"enemies":"Nemesis","floor":48.0,"turns":5.0},{"damage":33.0,"enemies":"Time Eater","floor":50.0,"turns":10.0},{"damage":15.0,"enemies":"Shield and Spear","floor":54.0,"turns":3.0},{"damage":128,"enemies":"The Heart","floor":55,"turns":5}],"seed_played":"-2141749821670262439","potions_obtained":[{"floor":2.0,"key":"Dexterity Potion"},{"floor":3.0,"key":"AttackPotion"},{"floor":12.0,"key":"SneckoOil"},{"floor":21.0,"key":"BottledMiracle"},{"floor":23.0,"key":"Fruit Juice"},{"floor":27.0,"key":"SmokeBomb"},{"floor":28.0,"key":"Ancient Potion"},{"floor":37.0,"key":"LiquidBronze"},{"floor":48.0,"key":"Swift Potion"}],"is_trial":false,"path_per_floor":["M","M","M","$","?","R","M","E","T","?","E","M","E","M","R","B",null,"M","$","M","M","?","E","M","?","T","M","M","?","?","E","R","B",null,"M","?","M","?","$","E","R","T","T","R","M","E","?","E","R","B",null,"R","$","E","B"],"character_chosen":"WATCHER","items_purchased":["Gambling Chip","Oddly Smooth Stone","Orrery","BattleHymn","Meditate"],"campfire_rested":0,"item_purchase_floors":[19,19,39,53,53],"current_hp_per_floor":[65,61,61,61,50,50,49,49,49,35,44,44,44,44,44,44,65,65,65,64,63,63,51,49,72,72,77,71,71,71,68,68,70,85,87,87,87,87,87,87,87,87,87,87,70,77,77,58,58,39,82,82,82,69,0,0],"gold":128,"neow_bonus":"BOSS_RELIC","is_daily":false,"chose_seed":false,"campfire_upgraded":1,"win_rate":0.0,"timestamp":1609175138,"path_taken":["M","M","M","$","?","R","M","E","T","?","E","M","E","M","R","BOSS","M","$","M","M","?","E","M","?","T","M","?","?","?","E","R","BOSS","M","?","?","?","$","E","R","?","T","R","M","E","?","E","R","BOSS","R","$","E","BOSS"],"items_purchased_type":["Relic","Relic","Relic","Card","Card"],"build_version":"2020-12-22","purchased_purges":1,"victory":false,"max_hp_per_floor":[72,72,72,72,72,72,72,72,72,72,72,72,72,72,72,72,72,72,72,72,72,72,72,72,72,72,77,77,77,77,77,77,77,87,87,87,87,87,87,87,87,87,87,87,87,94,94,96,96,96,96,96,96,96,96,96],"relic_stats":{"Gremlin Horn":[7,7],"Singing Bowl":2,"counters":[28,110],"Blue Candle":[2],"Yang":[99],"PreservedInsect":307,"War Paint":[],"Orichalcum":[24],"Smiling Mask":25,"Mercury Hourglass":[27],"Peace Pipe":3,"Blood Vial":16,"Nunchaku":[15],"Lizard Tail":48,"Centennial Puzzle":[3],"Shovel":4,"Gambling Chip":[44],"Pandora\u0027s Box":["Swivel","DeusExMachina","Perseverance","ReachHeaven","LessonLearned","ReachHeaven","CrushJoints","ThirdEye"],"Kunai":[16],"obtain_stats":[{"Gremlin Horn":23,"Singing Bowl":48,"Yang":26,"TeardropLocket":42,"Smiling Mask":13,"Blood Vial":30,"Nunchaku":11,"Lizard Tail":22,"Centennial Puzzle":54,"Shovel":34,"Gambling Chip":19,"Strawberry":46,"Kunai":31,"Pear":34,"Blue Candle":49,"Oddly Smooth Stone":19,"Damaru":44,"PreservedInsect":34,"War Paint":40,"Orichalcum":41,"Mercury Hourglass":52,"Peace Pipe":8,"Calling Bell":34,"SlaversCollar":17,"Orrery":39,"Pandora\u0027s Box":0,"PureWater":0,"Meat on the Bone":9},{"Gremlin Horn":14,"Singing Bowl":25,"Yang":15,"TeardropLocket":22,"Smiling Mask":8,"Blood Vial":17,"Nunchaku":6,"Lizard Tail":13,"Centennial Puzzle":27,"Shovel":19,"Gambling Chip":11,"Strawberry":24,"Kunai":18,"Pear":19,"Blue Candle":25,"Oddly Smooth Stone":11,"Damaru":22,"PreservedInsect":19,"War Paint":22,"Orichalcum":22,"Mercury Hourglass":26,"Peace Pipe":5,"Calling Bell":19,"SlaversCollar":10,"Orrery":21,"Pandora\u0027s Box":0,"PureWater":0,"Meat on the Bone":5},{"Gremlin Horn":49,"Singing Bowl":92,"Yang":55,"TeardropLocket":81,"Smiling Mask":30,"Blood Vial":63,"Nunchaku":22,"Lizard Tail":46,"Centennial Puzzle":105,"Shovel":70,"Gambling Chip":37,"Strawberry":87,"Kunai":65,"Pear":70,"Blue Candle":92,"Oddly Smooth Stone":37,"Damaru":81,"PreservedInsect":70,"War Paint":81,"Orichalcum":81,"Mercury Hourglass":102,"Peace Pipe":17,"Calling Bell":70,"SlaversCollar":36,"Orrery":78,"Pandora\u0027s Box":0,"PureWater":0,"Meat on the Bone":17}],"Meat on the Bone":24},"card_choices":[{"not_picked":["Consecrate","FlurryOfBlows","BowlingBash"],"picked":"SKIP","floor":1.0},{"not_picked":["Crescendo","FollowUp","ThirdEye"],"picked":"SKIP","floor":2.0},{"not_picked":["Protect","WaveOfTheHand","PathToVictory"],"picked":"SKIP","floor":3.0},{"not_picked":["WaveOfTheHand","PathToVictory"],"picked":"Protect","floor":3.0},{"not_picked":["MentalFortress","Consecrate"],"picked":"Adaptation","floor":7.0},{"not_picked":["Collect","CrushJoints","Consecrate"],"picked":"SKIP","floor":8.0},{"not_picked":["Brilliance","ForeignInfluence","PathToVictory"],"picked":"SKIP","floor":11.0},{"not_picked":["JustLucky","ClearTheMind"],"picked":"Protect","floor":12.0},{"not_picked":["FearNoEvil","EmptyBody","Weave"],"picked":"SKIP","floor":13.0},{"not_picked":["Consecrate","EmptyBody","Halt"],"picked":"SKIP","floor":14.0},{"not_picked":["LessonLearned","Alpha"],"picked":"Blasphemy","floor":16.0},{"not_picked":["CutThroughFate","Nirvana","BowlingBash"],"picked":"SKIP","floor":18.0},{"not_picked":["JustLucky","CarveReality","Protect"],"picked":"SKIP","floor":20.0},{"not_picked":["ClearTheMind+1","EmptyMind"],"picked":"Consecrate+1","floor":21.0},{"not_picked":["JustLucky","EmptyFist"],"picked":"DeceiveReality+1","floor":23.0},{"not_picked":["Adaptation","Evaluate"],"picked":"Conclude","floor":24.0},{"not_picked":["Study+1","FlurryOfBlows+1","ThirdEye+1"],"picked":"SKIP","floor":27.0},{"not_picked":["Consecrate","BowlingBash","FollowUp"],"picked":"SKIP","floor":28.0},{"not_picked":["Conclude","Collect","PathToVictory"],"picked":"SKIP","floor":31.0},{"not_picked":["Ragnarok","Blasphemy"],"picked":"Omniscience","floor":33.0},{"not_picked":["Indignation","SignatureMove","CutThroughFate"],"picked":"SKIP","floor":35.0},{"not_picked":["CutThroughFate","Halt+1","Consecrate+1"],"picked":"SKIP","floor":37.0},{"not_picked":["ForeignInfluence","Indignation"],"picked":"Tantrum+1","floor":39.0},{"not_picked":["Evaluate","Protect"],"picked":"ClearTheMind+1","floor":39.0},{"not_picked":["FollowUp+1","BowlingBash"],"picked":"Crescendo+1","floor":40.0},{"not_picked":["Evaluate","BowlingBash","MentalFortress"],"picked":"SKIP","floor":45.0},{"not_picked":["EmptyBody+1","Pray+1"],"picked":"Crescendo+1","floor":46.0},{"not_picked":["ThirdEye","WheelKick+1","FollowUp+1"],"picked":"Singing Bowl","floor":48.0},{"not_picked":["Halt+1","SashWhip"],"picked":"InnerPeace+1","floor":54.0}],"player_experience":1076888,"relics_obtained":[{"floor":8.0,"key":"Peace Pipe"},{"floor":9.0,"key":"Meat on the Bone"},{"floor":11.0,"key":"Nunchaku"},{"floor":13.0,"key":"Smiling Mask"},{"floor":23.0,"key":"Gremlin Horn"},{"floor":26.0,"key":"Yang"},{"floor":31.0,"key":"Kunai"},{"floor":34.0,"key":"PreservedInsect"},{"floor":34.0,"key":"Pear"},{"floor":34.0,"key":"Shovel"},{"floor":40.0,"key":"War Paint"},{"floor":41.0,"key":"Orichalcum"},{"floor":42.0,"key":"TeardropLocket"},{"floor":44.0,"key":"Damaru"},{"floor":46.0,"key":"Strawberry"},{"floor":48.0,"key":"Singing Bowl"},{"floor":49.0,"key":"Blue Candle"},{"floor":52.0,"key":"Mercury Hourglass"},{"floor":54.0,"key":"Centennial Puzzle"}],"event_choices":[{"damage_healed":0.0,"max_hp_gain":0.0,"max_hp_loss":0.0,"gold_gain":75.0,"event_name":"World of Goop","player_choice":"Gather Gold","floor":5.0,"gold_loss":0.0,"damage_taken":11.0},{"damage_healed":0.0,"max_hp_gain":0.0,"max_hp_loss":0.0,"gold_gain":0.0,"event_name":"Shining Light","player_choice":"Entered Light","floor":10.0,"gold_loss":0.0,"damage_taken":14.0,"cards_upgraded":["CrushJoints","Vigilance"]},{"damage_healed":0.0,"max_hp_gain":0.0,"max_hp_loss":0.0,"gold_gain":0.0,"event_name":"The Mausoleum","player_choice":"Opened","floor":22.0,"gold_loss":0.0,"damage_taken":0.0,"relics_obtained":["Lizard Tail"]},{"damage_healed":23.0,"max_hp_gain":0.0,"max_hp_loss":0.0,"gold_gain":0.0,"event_name":"Wheel of Change","player_choice":"Full Heal","floor":25.0,"gold_loss":0.0,"damage_taken":0.0},{"damage_healed":0.0,"max_hp_gain":0.0,"max_hp_loss":0.0,"gold_gain":0.0,"event_name":"Vampires","player_choice":"Ignored","floor":29.0,"gold_loss":0.0,"damage_taken":0.0},{"damage_healed":0.0,"max_hp_gain":0.0,"max_hp_loss":0.0,"gold_gain":0.0,"event_name":"Addict","player_choice":"Stole Relic","floor":30.0,"gold_loss":0.0,"damage_taken":0.0,"relics_obtained":["Blood Vial"],"cards_obtained":["Shame"]},{"damage_healed":0.0,"max_hp_gain":0.0,"max_hp_loss":0.0,"gold_gain":0.0,"event_name":"Upgrade Shrine","player_choice":"Ignored","floor":36.0,"gold_loss":0.0,"damage_taken":0.0},{"damage_healed":0.0,"max_hp_gain":0.0,"max_hp_loss":0.0,"gold_gain":0.0,"event_name":"Tomb of Lord Red Mask","player_choice":"Ignored","floor":38.0,"gold_loss":0.0,"damage_taken":0.0},{"cards_removed":["Conclude"],"damage_healed":0.0,"max_hp_gain":0.0,"max_hp_loss":0.0,"gold_gain":0.0,"event_name":"Falling","player_choice":"Removed Attack","floor":47.0,"gold_loss":0.0,"damage_taken":0.0}],"is_beta":false,"boss_relics":[{"not_picked":["VioletLotus","Busted Crown"],"picked":"SlaversCollar"},{"not_picked":["Philosopher\u0027s Stone","Astrolabe"],"picked":"Calling Bell"}],"items_purged_floors":[53],"is_endless":false,"potions_floor_spawned":[2,3,12,13,21,23,27,28,37,46,48],"killed_by":"The Heart","ascension_level":8}}