{"host":"h7xtspmc2x3i8s2i","time":1609141389,"event":{"mods":["2.2 Compatiblity","AchievementEnabler","Act Like it!","AlwaysNeverKeys","Aspiration","Astrologer","BaseMod","Beaked The Cultist","Bestiary","Better Altar","Better Match","Better Note","Better Sensory Stone","Better Skull","Better Third Choice","Better Vampires","Better-Laid Plans","BetterRewards","Challenge The Spire","Colored Map","Colored Powertips","Colorless Booster Pack","Curses Come First","Defuse TimeMaze Blight","Dio Mod","Disable Question Mark Monsters","Downfall","Duelist Mod","EXCEPTION","Emptier Cage","Energized Spire","Friendly Minions","GifTheSpireLib","Gold Saver","Gremlin Skip","Halation","Hubris","Ironclad Rager","Jedi Mod","Key Reminder","Marked Mod","Minty Spire (QoL Compilation)","Permanent Neow","Potion Indicator Mod","Quick Restart","Random Character Button","Random Character Mod","Rare Cards Sparkle","Relic Filter","Relic Stats","Replay The Spire","SacredBarkPlus","Shop Mod","Somnambulant","Spicy Shops","Spikes Relics","Spire Birthday Party","StSLib","Steal the Spire","Stuff the Spire","SuperFastMode","The Awakened One except there are too many feathers","The Blue Laboratory","The Cursed","The Death Knight","The Dragon Tamer","The Edgeheg","The Hierophant","The Problem Sleuth","The Runesmith","The Wild Card","TheVelvet","Transform Curses","Uncapped","Unceasing Turn Reminder","Virulent Crown","everything is the same but u backflip on backflip","slay the spire mod where everything is the same but ironclad has a cowboy hat","vexMod"],"gold_per_floor":[414,433,774,774,774,774,802,802,802,111,144,154,173,173,173,270,270,286,286,261,11,24,24,24,24,51,61,78,78,110,110,110,213,213,250,301,301,301,6,36,36,61,61,73,5,16,44,57,107,107,107,34,60,60,60],"floor_reached":54,"playtime":2566,"items_purged":["beaked:Strike_Y"],"score":1070,"play_id":"b7d82edd-0406-4295-95ed-818b711ebe9b","local_time":"20201228024309","is_ascension_mode":true,"campfire_choices":[{"floor":6.0,"key":"REST"},{"floor":15.0,"key":"RECALL"},{"floor":23,"key":"REST"},{"floor":25,"key":"REST"},{"data":"Magnetism","floor":29,"key":"SMITH"},{"data":"beaked:CrazyRituals","floor":32,"key":"SMITH"},{"data":"beaked:CrazyRituals","floor":41,"key":"SMITH"},{"data":"beaked:ScreechingChant","floor":51,"key":"SMITH"}],"circlet_count":0,"master_deck":["beaked:Strike_Y+1","beaked:Strike_Y","beaked:Strike_Y","beaked:Strike_Y+1","beaked:Defend_Y","beaked:Defend_Y","beaked:Defend_Y","beaked:Defend_Y","beaked:Ceremony","beaked:Ceremony","beaked:Ceremony","beaked:Insight","theWildCard:Metatron+1","beaked:MaddeningMurmurs+1","Magnetism+1","beaked:CrazyRituals+1","beaked:CrazyRituals+1","beaked:ScreechingChant+1","GremboGang","beaked:MimicHuntress","beaked:MimicMachine+1","beaked:KnowThyFoe","beaked:MachineSpirit+1","beaked:MachineEssence","beaked:ScreechingChant","beaked:MimicWarrior","beaked:Insight","beaked:Insight"],"relics":["beaked:BlessedCoat","theEdgeheg:CSGunRelic","Rawhide","hubris:ToyBattleship","Iron Hammer","MerchantsRug","Medical Kit","BrokenLever","aspiration:MobileForge","halation:PinkSoulGem","champ:DuelingGlove","Bag of Preparation","StuffTheSpire:PointBlank","halation:BlackBeret","vexMod:HeadHunter","halation:EternalFortune","StuffTheSpire:GreaterSneckoEye","StuffTheSpire:RubySignet","DeathKnight:PutricidesVial","Regal Pillow","Replay:Mystery Machine","Garlic","jedi:matchstick","StuffTheSpire:HistoryBook","Replay:Bottled Steam"],"acts_visited":["Exordium","TheCity","TheBeyond","TheEnding"],"potions_floor_usage":[18,27,28,28,36,36,47,47,47,49],"damage_taken":[{"damage":0.0,"enemies":"2 Louse","floor":1.0,"turns":3.0},{"damage":1.0,"enemies":"Jaw Worm","floor":2.0,"turns":6.0},{"damage":13.0,"enemies":"3 Sentries","floor":7.0,"turns":4.0},{"damage":1.0,"enemies":"Lagavulin","floor":11.0,"turns":8.0},{"damage":0.0,"enemies":"Small Slimes","floor":12.0,"turns":2.0},{"damage":4.0,"enemies":"2 Fungi Beasts","floor":13.0,"turns":2.0},{"damage":0.0,"enemies":"Hexaghost","floor":16.0,"turns":9.0},{"damage":4,"enemies":"Shell Parasite","floor":18,"turns":5},{"damage":40,"enemies":"2 Thieves","floor":22,"turns":4},{"damage":2,"enemies":"3 Cultists","floor":27,"turns":3},{"damage":7,"enemies":"Shelled Parasite and Fungi","floor":28,"turns":8},{"damage":0,"enemies":"Gremlin Leader","floor":30,"turns":7},{"damage":21,"enemies":"StardustCrusaders","floor":33,"turns":7},{"damage":26,"enemies":"3 Darklings","floor":35,"turns":5},{"damage":68,"enemies":"2 Orb Walkers","floor":36,"turns":6},{"damage":10,"enemies":"R_Hoarder","floor":40,"turns":5},{"damage":0,"enemies":"Giant Head","floor":42,"turns":5},{"damage":3,"enemies":"3 Shapes","floor":44,"turns":2},{"damage":8,"enemies":"Spire Growth","floor":46,"turns":3},{"damage":0,"enemies":"Nemesis","floor":47,"turns":7},{"damage":12,"enemies":"Maw","floor":48,"turns":6},{"damage":9,"enemies":"Mind Bloom Boss Battle","floor":49,"turns":2},{"damage":0,"enemies":"hubris:GrandSnecko","floor":49,"turns":4},{"damage":28,"enemies":"Shield and Spear","floor":53,"turns":4},{"damage":65,"enemies":"The Heart","floor":54,"turns":3}],"seed_played":"7064342898536254446","potions_obtained":[{"floor":1.0,"key":"blueLaboratory:LouseDecoction"},{"floor":12.0,"key":"ColorlessPotion"},{"floor":13.0,"key":"DistilledChaos"},{"floor":16.0,"key":"blueLaboratory:FrostheartPotion"},{"floor":24,"key":"SneckoOil"},{"floor":24,"key":"blueLaboratory:ForbiddenFruitJuice"},{"floor":24,"key":"DeathKnight:RimePotion"},{"floor":27,"key":"AttackPotion"},{"floor":30,"key":"FearPotion"},{"floor":35,"key":"blueLaboratory:BottleOfVodka"},{"floor":42,"key":"jedi:tentaclejuice"},{"floor":44,"key":"Strength Potion"},{"floor":48,"key":"LifebloodPotion"}],"is_trial":false,"path_per_floor":["M","M","?","?","?","R","E","?","T","$","E","M","M","T","R","B",null,"M","?","?","?","M","R","?","R","T","M","M","R","E","T","R","B",null,"M","?","?","?","$","E","R","E","T","M","$","M","E","M","R_BF",null,"R","$","E","B"],"character_chosen":"BEAKED_THE_CULTIST","items_purchased":["MerchantsRug","Whetstone","Guide Book","Magnetism","Medical Kit","StuffTheSpire:RubySignet","DeathKnight:PutricidesVial","beaked:MimicWarrior","StuffTheSpire:HistoryBook"],"campfire_rested":3,"item_purchase_floors":[10,10,10,10,10,39,39,45,52],"current_hp_per_floor":[50,50,30,23,23,38,37,36,36,36,50,50,47,47,47,50,50,50,50,50,50,18,33,33,48,48,50,50,50,50,50,50,50,50,49,27,30,10,10,41,41,43,43,43,43,46,46,46,46,46,46,46,46,0,0],"gold":60,"neow_bonus":"NOSTALGIA","is_daily":false,"chose_seed":false,"campfire_upgraded":4,"win_rate":0.0,"timestamp":1609141389,"path_taken":["M","M","?","?","?","R","E","?","T","?","E","M","M","?","R","BOSS","M","?","?","?","M","R","?","R","T","M","?","R","E","?","R","BOSS","M","?","?","?","$","E","R","E","T","M","$","M","E","M","R_BF","BOSS","R","$","E","BOSS"],"items_purchased_type":["Relic","Relic","Relic","Card","Relic","Relic","Relic","Card","Relic"],"build_version":"2020-12-22","purchased_purges":1,"victory":false,"max_hp_per_floor":[50,50,50,50,50,50,50,50,50,50,50,50,50,50,50,50,50,50,50,50,50,50,50,50,50,50,50,50,50,50,50,50,50,50,50,40,43,43,43,43,43,43,43,43,43,46,46,46,46,46,46,46,46,46,46],"relic_stats":{"Regal Pillow":0,"counters":[25,120],"Bag of Preparation":[32],"Medical Kit":[19],"obtain_stats":[{"halation:BlackBeret":31,"champ:DuelingGlove":20,"Regal Pillow":40,"Rawhide":7,"BrokenLever":11,"Bag of Preparation":26,"Whetstone":10,"Replay:Mystery Machine":42,"beaked:BlessedCoat":34,"Old Coin":3,"aspiration:MobileForge":17,"jedi:matchstick":49,"Iron Hammer":9,"Replay:Bottled Steam":53,"MerchantsRug":10,"aspiration:Nostalgia":0,"theEdgeheg:CSGunRelic":0,"Guide Book":10,"Medical Kit":10,"keyreminder:keyreminder":14,"StuffTheSpire:HistoryBook":52,"vexMod:HeadHunter":36,"halation:EternalFortune":37,"StuffTheSpire:GreaterSneckoEye":38,"DeathKnight:PutricidesVial":39,"hubris:ToyBattleship":8,"StuffTheSpire:PointBlank":30,"StuffTheSpire:RubySignet":39,"Garlic":43,"beaked:MendingPlumage":0,"halation:PinkSoulGem":19},{"halation:BlackBeret":12,"champ:DuelingGlove":8,"Regal Pillow":16,"Rawhide":3,"BrokenLever":4,"Bag of Preparation":9,"Whetstone":3,"Replay:Mystery Machine":17,"beaked:BlessedCoat":13,"Old Coin":2,"aspiration:MobileForge":7,"jedi:matchstick":22,"Iron Hammer":3,"Replay:Bottled Steam":24,"MerchantsRug":3,"aspiration:Nostalgia":0,"theEdgeheg:CSGunRelic":0,"Guide Book":3,"Medical Kit":3,"keyreminder:keyreminder":6,"StuffTheSpire:HistoryBook":23,"vexMod:HeadHunter":15,"halation:EternalFortune":15,"StuffTheSpire:GreaterSneckoEye":15,"DeathKnight:PutricidesVial":15,"hubris:ToyBattleship":3,"StuffTheSpire:PointBlank":12,"StuffTheSpire:RubySignet":15,"Garlic":17,"beaked:MendingPlumage":0,"halation:PinkSoulGem":8},{"halation:BlackBeret":61,"champ:DuelingGlove":39,"Regal Pillow":84,"Rawhide":13,"BrokenLever":21,"Bag of Preparation":43,"Whetstone":13,"Replay:Mystery Machine":89,"beaked:BlessedCoat":68,"Old Coin":9,"aspiration:MobileForge":34,"jedi:matchstick":109,"Iron Hammer":13,"Replay:Bottled Steam":117,"MerchantsRug":13,"aspiration:Nostalgia":0,"theEdgeheg:CSGunRelic":0,"Guide Book":13,"Medical Kit":13,"keyreminder:keyreminder":25,"StuffTheSpire:HistoryBook":113,"vexMod:HeadHunter":79,"halation:EternalFortune":79,"StuffTheSpire:GreaterSneckoEye":79,"DeathKnight:PutricidesVial":79,"hubris:ToyBattleship":13,"StuffTheSpire:PointBlank":61,"StuffTheSpire:RubySignet":79,"Garlic":89,"beaked:MendingPlumage":0,"halation:PinkSoulGem":39}]},"card_choices":[{"not_picked":["beaked:Roost","beaked:BraceForImpact","beaked:Tweet"],"picked":"SKIP","floor":1.0},{"not_picked":["beaked:Resilience","beaked:Replenish"],"picked":"beaked:Insight","floor":2.0},{"not_picked":["beaked:TuckingFeathers","beaked:Recite"],"picked":"beaked:MaddeningMurmurs","floor":7.0},{"not_picked":["beaked:StunningBlow","beaked:Tradeoff","beaked:Recite"],"picked":"SKIP","floor":11.0},{"not_picked":["beaked:DarkTribute","beaked:Windmill"],"picked":"beaked:CrazyRituals","floor":12.0},{"not_picked":["beaked:CursingBlood","beaked:Poke"],"picked":"beaked:CrazyRituals","floor":13.0},{"not_picked":["beaked:Brainwash","beaked:SacrificialScars"],"picked":"beaked:ScreechingChant","floor":16.0},{"not_picked":["beaked:DigDeep","beaked:Tradeoff","beaked:Tweet"],"picked":"SKIP","floor":18},{"not_picked":["beaked:FeelMyPain","ReplayTheSpireMod:RavenHex","beaked:TuckingFeathers+1"],"picked":"SKIP","floor":22},{"not_picked":["beaked:Foresight","beaked:Cower"],"picked":"beaked:MimicHuntress","floor":27},{"not_picked":["beaked:FullHouse","beaked:Replenish","ReplayTheSpireMod:RavenHex+1"],"picked":"SKIP","floor":28},{"not_picked":["beaked:BraceForImpact","beaked:WarriorEssence"],"picked":"beaked:MimicMachine+1","floor":30},{"not_picked":["beaked:Brainwash","beaked:ScreechingChant"],"picked":"beaked:KnowThyFoe","floor":33},{"not_picked":["beaked:Cower","beaked:VigorBurst","beaked:Windmill+1"],"picked":"SKIP","floor":35},{"not_picked":["beaked:Insight+1","beaked:DigDeep"],"picked":"beaked:MachineSpirit+1","floor":36},{"not_picked":["beaked:ShadowFade","beaked:DarkTribute"],"picked":"beaked:MachineEssence","floor":40},{"not_picked":["beaked:RitualOfBody+1","beaked:Resilience+1","beaked:Redirect+1"],"picked":"SKIP","floor":40},{"not_picked":["beaked:DarkPact","beaked:Caw"],"picked":"beaked:ScreechingChant","floor":42},{"not_picked":["beaked:Tradeoff+1","beaked:Redirect+1","beaked:Cower"],"picked":"SKIP","floor":42},{"not_picked":["beaked:WarriorSpirit+1","beaked:WarriorEssence","beaked:Resilience+1"],"picked":"SKIP","floor":44},{"not_picked":["beaked:SurvivalInstinct","beaked:Poke+1"],"picked":"beaked:Insight","floor":46},{"not_picked":["beaked:CursingBlood","beaked:Poke+1"],"picked":"beaked:Insight","floor":47},{"not_picked":["beaked:ShadowFade","beaked:DarkTribute","beaked:SacrificialScars"],"picked":"SKIP","floor":47},{"not_picked":["beaked:Mantra+1","beaked:Tradeoff+1","beaked:Redirect+1"],"picked":"SKIP","floor":48},{"not_picked":["ReplayTheSpireMod:Owlgaze","beaked:Caw","beaked:WildInstinct"],"picked":"SKIP","floor":53},{"not_picked":["beaked:DarkPact","beaked:SurvivalInstinct+1","beaked:FeelMyPain"],"picked":"SKIP","floor":53}],"player_experience":597361,"relics_obtained":[{"floor":3.0,"key":"Old Coin"},{"floor":7.0,"key":"Rawhide"},{"floor":9.0,"key":"Iron Hammer"},{"floor":11.0,"key":"BrokenLever"},{"floor":26,"key":"Bag of Preparation"},{"floor":30,"key":"StuffTheSpire:PointBlank"},{"floor":31,"key":"halation:BlackBeret"},{"floor":36,"key":"vexMod:HeadHunter"},{"floor":38,"key":"StuffTheSpire:GreaterSneckoEye"},{"floor":40,"key":"Regal Pillow"},{"floor":42,"key":"Replay:Mystery Machine"},{"floor":43,"key":"Garlic"},{"floor":46,"key":"halation:EternalFortune"},{"floor":49,"key":"jedi:matchstick"},{"floor":53,"key":"Replay:Bottled Steam"}],"event_choices":[{"cards_removed":["beaked:Strike_Y"],"damage_healed":0.0,"max_hp_gain":0.0,"max_hp_loss":0.0,"gold_gain":0.0,"event_name":"Golden Wing","player_choice":"Card Removal","floor":4.0,"gold_loss":0.0,"damage_taken":7.0},{"damage_healed":0,"gold_gain":0,"player_choice":"Got Potions","damage_taken":0,"max_hp_gain":0,"max_hp_loss":0,"event_name":"Lab","floor":24,"gold_loss":0},{"damage_healed":0,"gold_gain":0,"player_choice":"Fight","damage_taken":0,"max_hp_gain":0,"max_hp_loss":0,"event_name":"Mysterious Sphere","floor":36,"gold_loss":0},{"damage_healed":0,"gold_gain":0,"player_choice":"Fight","damage_taken":0,"max_hp_gain":0,"max_hp_loss":0,"event_name":"MindBloom","floor":49,"gold_loss":0}],"is_beta":false,"boss_relics":[{"not_picked":["Snecko Eye","StuffTheSpire:RunicHypercube"],"picked":"aspiration:MobileForge"},{"not_picked":["halation:PinkAlligatorPlush","hubris:TerracottaHorce"],"picked":"beaked:BlessedCoat"}],"items_purged_floors":[39],"is_endless":false,"potions_floor_spawned":[1,12,13,16,27,30,35,42,44,48],"killed_by":"The Heart","ascension_level":1}}