{"host":"1hv1kueuvc4r3rdp","time":1609192758,"event":{"mods":["AchievementEnabler","BaseMod","DeckTracker","Highlight Path","Minty Spire (QoL Compilation)","Permanent Neow","StSLib"],"gold_per_floor":[116,129,141,4,23,23,23,23,23,50,69,69,88,100,100,201,201,214,233,233],"floor_reached":19,"playtime":728,"items_purged":[],"score":173,"play_id":"f39c8b4d-3375-4581-a1df-1377859f59f5","local_time":"20201228155918","daily_mods":["Uncertain Future"],"is_ascension_mode":false,"campfire_choices":[{"data":"Sunder","floor":6,"key":"SMITH"},{"data":"Static Discharge","floor":12,"key":"SMITH"},{"data":"Glacier","floor":15,"key":"SMITH"}],"circlet_count":0,"master_deck":["Strike_B","Strike_B","Strike_B","Strike_B","Defend_B","Defend_B","Defend_B","Defend_B","Zap","Dualcast","Cold Snap","Sweeping Beam","Glacier+1","Sunder+1","Ball Lightning","Static Discharge+1","BootSequence","Compile Driver","Capacitor","Turbo","Machine Learning","Auto Shields"],"relics":["Cracked Core","InkBottle","Symbiotic Virus","SlaversCollar"],"acts_visited":["Exordium","TheCity"],"potions_floor_usage":[],"damage_taken":[{"damage":0,"enemies":"Cultist","floor":1,"turns":3},{"damage":1,"enemies":"2 Louse","floor":2,"turns":3},{"damage":10,"enemies":"Small Slimes","floor":3,"turns":3},{"damage":2,"enemies":"Gremlin Gang","floor":5,"turns":3},{"damage":15,"enemies":"3 Sentries","floor":10,"turns":6},{"damage":0,"enemies":"Large Slime","floor":11,"turns":4},{"damage":0,"enemies":"Red Slaver","floor":13,"turns":3},{"damage":0,"enemies":"Exordium Thugs","floor":14,"turns":4},{"damage":17,"enemies":"Hexaghost","floor":16,"turns":8},{"damage":8,"enemies":"Spheric Guardian","floor":18,"turns":3},{"damage":17,"enemies":"3 Byrds","floor":19,"turns":3}],"seed_played":"1893291366829472","potions_obtained":[{"floor":2,"key":"Swift Potion"},{"floor":5,"key":"BlessingOfTheForge"},{"floor":13,"key":"AttackPotion"}],"is_trial":true,"path_per_floor":["M","M","M","$","M","R","$","?","T","E","M","R","M","M","R","B",null,"M","M"],"character_chosen":"DEFECT","items_purchased":["Glacier","Sunder"],"campfire_rested":0,"item_purchase_floors":[4,4],"current_hp_per_floor":[75,74,64,64,62,62,62,62,62,47,47,47,47,47,47,30,75,67,50,50],"gold":233,"neow_bonus":"","is_daily":false,"chose_seed":true,"campfire_upgraded":3,"win_rate":0.0,"timestamp":1609192758,"path_taken":["M","M","M","?","M","R","$","?","T","E","?","R","M","M","R","BOSS","M","M"],"items_purchased_type":["Card","Card"],"build_version":"2020-12-22","purchased_purges":0,"victory":false,"max_hp_per_floor":[75,75,75,75,75,75,75,75,75,75,75,75,75,75,75,75,75,75,75,75],"card_choices":[{"not_picked":["Rebound","Self Repair"],"picked":"Cold Snap","floor":1},{"not_picked":["Double Energy","Go for the Eyes","Fusion"],"picked":"SKIP","floor":2},{"not_picked":["Double Energy","Go for the Eyes","Fusion"],"picked":"SKIP","floor":2},{"not_picked":["Beam Cell","Chaos"],"picked":"Sweeping Beam","floor":3},{"not_picked":["Skim","Storm"],"picked":"Ball Lightning","floor":5},{"not_picked":["Hologram","Heatsinks"],"picked":"BootSequence","floor":10},{"not_picked":["Beam Cell","Coolheaded"],"picked":"Compile Driver","floor":11},{"not_picked":["Leap","Cold Snap"],"picked":"Capacitor","floor":13},{"not_picked":["Sweeping Beam","Hologram"],"picked":"Turbo","floor":14},{"not_picked":["Core Surge","Meteor Strike"],"picked":"Machine Learning","floor":16},{"not_picked":["Ball Lightning","Redo+1"],"picked":"Auto Shields","floor":18},{"not_picked":["Conserve Battery","Cold Snap","Steam+1"],"picked":"SKIP","floor":19}],"player_experience":1112831,"relics_obtained":[{"floor":9,"key":"InkBottle"},{"floor":10,"key":"Symbiotic Virus"}],"event_choices":[{"damage_healed":0,"gold_gain":0,"player_choice":"1 cards matched","damage_taken":0,"max_hp_gain":0,"max_hp_loss":0,"event_name":"Match and Keep!","floor":8,"gold_loss":0,"cards_obtained":["Static Discharge"]}],"is_beta":false,"boss_relics":[{"not_picked":["Coffee Dripper","SacredBark"],"picked":"SlaversCollar"}],"items_purged_floors":[],"is_endless":false,"potions_floor_spawned":[2,5,13,18],"killed_by":"3 Byrds","ascension_level":0}}