{"host":"uc9rcmnrswh1l0kc","time":1609127780,"event":{"mods":["2.2 Compatiblity","A Magickal Journey","Aspiration","BaseMod","Bestiary","Better Altar","Better Third Choice","BetterRewards","Block Reminder","Colorless Booster Pack","Conspire","Defective Defect","Defuse TimeMaze Blight","Displayed Cursed Tome","Ekko","Energized Spire","GifTheSpireLib","Infinite Spire","Ironclad Rager","Minty Spire (QoL Compilation)","Rare Cards Sparkle","Red Circlet Mod","Relic Stats","Replay The Spire","SacredBarkPlus","Shop Mod","Spicy Shops","StSLib","Stuff the Spire","The Blackbeard","The Bladedancer","The Blue Laboratory","The Cursed","The Death Knight","The Edgeheg","The Necromancer","Uncapped","Watcher Patcher","everything is the same but u backflip on backflip","vexMod"],"gold_per_floor":[119,119,119,134,134,168,168,184,184,41,52,62,76,86,86,189,189,202,218,253,253],"floor_reached":20,"playtime":1114,"items_purged":[],"score":253,"play_id":"8c093eca-b576-4739-a3b5-cd1ca0ef7ed5","local_time":"20201227225620","is_ascension_mode":false,"campfire_choices":[{"data":"Discovery","floor":7,"key":"SMITH"},{"data":"DeathKnight:Pestilence","floor":15,"key":"SMITH"}],"circlet_count":0,"master_deck":["DeathKnight:Strike_DeathKnight","DeathKnight:Strike_DeathKnight","DeathKnight:Strike_DeathKnight","DeathKnight:Strike_DeathKnight","DeathKnight:Strike_DeathKnight","DeathKnight:Defend_DeathKnight","DeathKnight:Defend_DeathKnight","DeathKnight:Defend_DeathKnight","DeathKnight:Defend_DeathKnight","DeathKnight:Defend_DeathKnight","DeathKnight:RuneTap","DeathKnight:RuneStrike","DeathKnight:PathOfFrost","DeathKnight:Pestilence+1","Discovery+1","blackbeard:GoldenDefense","Steam","Conserve Battery","Blood_Wake"],"relics":["DeathKnight:BrokenRuneblade","NeowsBlessing","aspiration:ChemicalBlood","PrismaticShard","aspiration:TomeofQuesting","StoneCalendar","DeathKnight:CorpseWagon","vexMod:BigBerry"],"acts_visited":["Exordium","TheCity"],"potions_floor_usage":[14,16,18,20,20,20],"damage_taken":[{"damage":0,"enemies":"Jaw Worm","floor":1,"turns":1},{"damage":0,"enemies":"conspire:RoseBush","floor":4,"turns":1},{"damage":0,"enemies":"3 Sentries","floor":6,"turns":2},{"damage":0,"enemies":"2 Louse","floor":8,"turns":3},{"damage":5,"enemies":"conspire:2 RoseBushes","floor":11,"turns":7},{"damage":17,"enemies":"Lots of Slimes","floor":12,"turns":7},{"damage":6,"enemies":"Red Slaver","floor":13,"turns":5},{"damage":0,"enemies":"Looter","floor":14,"turns":4},{"damage":15,"enemies":"Hexaghost","floor":16,"turns":6},{"damage":32,"enemies":"3 Byrds","floor":18,"turns":5},{"damage":6,"enemies":"conspire:FuzzyDice","floor":19,"turns":6},{"damage":80,"enemies":"3 Cultists","floor":20,"turns":6}],"seed_played":"-8389321135581287995","potions_obtained":[{"floor":1,"key":"Block Potion"},{"floor":8,"key":"blueLaboratory:BottleOfVodka"},{"floor":12,"key":"infinitespire:BlackPotion"},{"floor":14,"key":"AttackPotion"},{"floor":18,"key":"blueLaboratory:BottleOfVodka"},{"floor":19,"key":"LiquidBronze"},{"floor":20,"key":"Energy Potion"}],"is_trial":false,"path_per_floor":["M","?","?","M","?","E","R","M","T","$","M","M","M","M","R","B",null,"M","M","M"],"character_chosen":"DEATH_KNIGHT","items_purchased":["DeathKnight:CorpseWagon"],"campfire_rested":0,"item_purchase_floors":[10],"current_hp_per_floor":[75,75,72,72,72,72,72,72,72,72,67,50,44,44,44,29,105,73,67,0,0],"gold":253,"neow_bonus":"THREE_ENEMY_KILL","is_daily":false,"chose_seed":false,"campfire_upgraded":2,"win_rate":0.0,"timestamp":1609127780,"path_taken":["M","?","?","M","?","E","R","?","T","$","M","?","M","M","R","BOSS","M","M","M"],"items_purchased_type":["Relic"],"build_version":"2020-12-22","purchased_purges":0,"victory":false,"max_hp_per_floor":[75,75,75,75,75,75,75,75,75,75,75,75,75,75,75,75,105,105,105,105,105],"relic_stats":{"counters":[12,53],"StoneCalendar":[8],"obtain_stats":[{"NeowsBlessing":0,"aspiration:TomeofQuesting":6,"StoneCalendar":9,"DeathKnight:CorpseWagon":10,"PrismaticShard":5,"DeathKnight:BrokenRuneblade":0,"aspiration:ChemicalBlood":3,"vexMod:BigBerry":17},{"NeowsBlessing":0,"aspiration:TomeofQuesting":3,"StoneCalendar":4,"DeathKnight:CorpseWagon":4,"PrismaticShard":2,"DeathKnight:BrokenRuneblade":0,"aspiration:ChemicalBlood":1,"vexMod:BigBerry":9},{"NeowsBlessing":0,"aspiration:TomeofQuesting":4,"StoneCalendar":7,"DeathKnight:CorpseWagon":7,"PrismaticShard":2,"DeathKnight:BrokenRuneblade":0,"aspiration:ChemicalBlood":1,"vexMod:BigBerry":36}]},"card_choices":[{"not_picked":["DeathKnight:UnholyPresence","DeathKnight:Pestilence"],"picked":"DeathKnight:PathOfFrost","floor":1},{"not_picked":["DeathKnight:Culling","DeathKnight:DeathCoil"],"picked":"DeathKnight:Pestilence","floor":4},{"not_picked":["Coolheaded","Deadly Poison"],"picked":"Discovery","floor":6},{"not_picked":["theEdgeheg:ChaosKatana","StuffTheSpire:BumpUp"],"picked":"blackbeard:GoldenDefense","floor":8},{"not_picked":["ReplayTheSpireMod:LeadingStrike","DeathKnight:Culling"],"picked":"Steam","floor":11},{"not_picked":["blackbeard:Dagger","Toxin Wave","Eclipse"],"picked":"SKIP","floor":12},{"not_picked":["blackbeard:CloakAndCannonball","Quick Slash"],"picked":"Conserve Battery","floor":13},{"not_picked":["Flesh_Made_Foul","Dagger Throw","theEdgeheg:OkSo8"],"picked":"SKIP","floor":14},{"not_picked":["Night Terror","conspire:Purge"],"picked":"Blood_Wake","floor":16},{"not_picked":["TheCursedMod:SpitefulStrike","blackbeard:Dagger+1","ReplayTheSpireMod:Shiv Toss"],"picked":"SKIP","floor":18},{"not_picked":["blackbeard:Fencing","theEdgeheg:BloodyNodachi","Bone_Shift"],"picked":"SKIP","floor":19}],"player_experience":454308,"relics_obtained":[{"floor":6,"key":"aspiration:TomeofQuesting"},{"floor":9,"key":"StoneCalendar"}],"event_choices":[{"damage_healed":0,"gold_gain":0,"player_choice":"Leave","damage_taken":0,"max_hp_gain":0,"max_hp_loss":0,"event_name":"The Cleric","floor":2,"gold_loss":0}],"is_beta":false,"boss_relics":[{"not_picked":["StuffTheSpire:ModemDavis","energizedSpire:CursedPentagram"],"picked":"vexMod:BigBerry"}],"items_purged_floors":[],"is_endless":false,"potions_floor_spawned":[1,8,12,14,19],"killed_by":"3 Cultists","ascension_level":0}}