{"host":"6vv0uythevi5qk1w","time":1609139826,"event":{"mods":["Act Like it!","BaseMod","Downfall","Gensokyo","Minty Spire (QoL Compilation)","Remilia£®¿Ÿ√◊¿Ú—«£©","Replay The Spire","StSLib","Yakumo Yukari mod"],"gold_per_floor":[119,119,130,146,173,173,173,173,173,173,17,30,30,30,30,92,92,488,488,544,604,1,56,56,85,147,221,246,246,271,330,389,4,4,151,151,216,216,410,410,236,236,942,1001,1001,1021,1094,194,134,181,181,181,181,181,0,33,33],"floor_reached":58,"playtime":7371,"items_purged":["Strike_B","Defend_B"],"score":1940,"play_id":"b22bb4a7-dae4-48f5-995a-56e820e7d4e8","local_time":"20201228151706","is_ascension_mode":true,"campfire_choices":[{"data":"Coolheaded","floor":6.0,"key":"SMITH"},{"data":"Chaos","floor":8.0,"key":"SMITH"},{"data":"Creative AI","floor":17.0,"key":"SMITH"},{"floor":29.0,"key":"RECALL"},{"data":"Scrape","floor":34.0,"key":"SMITH"},{"data":"Gensokyo:GreaterSplit","floor":42.0,"key":"SMITH"},{"data":"Gensokyo:SevenSchoolMysteries","floor":51,"key":"SMITH"},{"data":"Electrodynamics","floor":54,"key":"SMITH"}],"circlet_count":0,"master_deck":["Defend_B","Zap","Dualcast","Coolheaded+1","Chaos+1","Double Energy+1","Hologram+1","ReplayTheSpireMod:System Scan+1","Creative AI+1","BootSequence+1","Reboot+1","Apotheosis+1","Electrodynamics+1","Coolheaded+1","Recycle+1","Recycle+1","Fission+1","Reinforced Body+1","Turbo+1","Scrape+1","Coolheaded+1","Core Surge","Glacier+1","Doubt","Gensokyo:Dawn+1","Mirror Shield+1","White Noise+1","Clumsy","Gensokyo:AllTheWorldsEvil","Gensokyo:SevenSchoolMysteries+1","Gensokyo:CustomPotion"],"relics":["Philosopher\u0027s Stone","Mango","Toxic Egg 2","ReplayTheSpireMod:Ring of Challenge","ReplayTheSpireMod:Ring of Collecting","Gensokyo:OccultBall","Snecko Eye","Incense Burner","Vajra","Quantum Egg","Orrery","Centennial Puzzle","ReplayTheSpireMod:Lightbulb","Pen Nib","ReplayTheSpireMod:Ring of Exchange","ReplayTheSpireMod:TigerMarble","Smiling Mask","Inserter","Blue Candle","Membership Card","Happy Flower","OrangePellets","DataDisk","StrikeDummy","Akabeko","Dream Catcher","sneckomod:SneckoTalon","Kintsugi","Orichalcum","ReplayTheSpireMod:Ring of Addiction","Chameleon Ring","SacredBark","Symbiotic Virus","Blue Doll"],"acts_visited":["Exordium","Gensokyo:Gensokyo","Gensokyo:Gensokyoer","TheEnding"],"potions_floor_usage":[57,57,57],"damage_taken":[{"damage":11.0,"enemies":"Gensokyo:Gryphon","floor":1.0,"turns":3.0},{"damage":1.0,"enemies":"Gensokyo:Python","floor":3.0,"turns":4.0},{"damage":3.0,"enemies":"Gensokyo:2_Kodama","floor":4.0,"turns":3.0},{"damage":0.0,"enemies":"Gensokyo:Mamizou","floor":5.0,"turns":7.0},{"damage":0.0,"enemies":"Gensokyo:LivingMonolith","floor":12.0,"turns":3.0},{"damage":14.0,"enemies":"Gensokyo:Python_and_Kodama","floor":16.0,"turns":5.0},{"damage":29.0,"enemies":"Gensokyo:Yukari","floor":18.0,"turns":10.0},{"damage":5.0,"enemies":"Gensokyo:CosmicMonolith","floor":20.0,"turns":9.0},{"damage":12.0,"enemies":"Gensokyo:2_Gloops","floor":21.0,"turns":4.0},{"damage":0.0,"enemies":"Gensokyo:Mirror_and_Dog","floor":23.0,"turns":5.0},{"damage":24.0,"enemies":"Gensokyo:Tenshi","floor":25.0,"turns":7.0},{"damage":0.0,"enemies":"Gensokyo:Wraith","floor":26.0,"turns":4.0},{"damage":0.0,"enemies":"Gensokyo:Reisen","floor":27.0,"turns":11.0},{"damage":9.0,"enemies":"Gensokyo:Tenshi","floor":30.0,"turns":8.0},{"damage":0.0,"enemies":"Gensokyo:Swordslinger","floor":31.0,"turns":8.0},{"damage":0.0,"enemies":"Gensokyo:3_Gloops","floor":32.0,"turns":5.0},{"damage":25.0,"enemies":"Gensokyo:Eiki","floor":35.0,"turns":9.0},{"damage":0.0,"enemies":"Gensokyo:3_Boulders","floor":37.0,"turns":8.0},{"damage":6.0,"enemies":"Gensokyo:3_Boulders","floor":40.0,"turns":6.0},{"damage":37.0,"enemies":"Gensokyo:Doremy","floor":43.0,"turns":7.0},{"damage":0.0,"enemies":"Gensokyo:AncientGuardian","floor":44.0,"turns":5.0},{"damage":0.0,"enemies":"Gensokyo:Dusk_and_Dawn","floor":46.0,"turns":4.0},{"damage":0,"enemies":"Gensokyo:Kasen","floor":47,"turns":6},{"damage":5,"enemies":"Gensokyo:Shinki","floor":52,"turns":9},{"damage":0,"enemies":"Shield and Spear","floor":56,"turns":6},{"damage":29,"enemies":"The Heart","floor":57,"turns":8}],"seed_played":"-7196986652250589365","potions_obtained":[{"floor":3.0,"key":"LifebloodPotion"},{"floor":12.0,"key":"Block Potion"},{"floor":18.0,"key":"Regen Potion"},{"floor":23.0,"key":"Strength Potion"},{"floor":25.0,"key":"SpeedPotion"},{"floor":26.0,"key":"SteroidPotion"},{"floor":50,"key":"SkillPotion"},{"floor":50,"key":"LiquidMemories"},{"floor":56,"key":"Swift Potion"}],"is_trial":false,"path_per_floor":["M","?","M","M","?","R","?","R","T","?","COS","M","PTL","PTL","?","M","R","B",null,"M","M","$","M","?","E","M","E","T","R","E","M","M","COS","R","B",null,"M","?","?","?","$","R","E","M","T","M","E","COS","?","T","R","B",null,"R","$","E","B",null],"character_chosen":"DEFECT","items_purchased":["Quantum Egg","Apotheosis+1","Orrery","OrangePellets","Mirror Shield+1","Symbiotic Virus"],"campfire_rested":0,"item_purchase_floors":[22,22,22,41,41,55],"current_hp_per_floor":[57,50,49,46,46,46,46,46,46,46,46,46,46,46,46,32,32,3,68,63,63,63,63,63,39,39,39,39,39,30,30,30,30,30,5,68,68,68,68,68,68,68,37,37,37,37,37,37,37,37,37,32,75,75,75,75,46],"gold":33,"neow_bonus":"BOSS_RELIC","is_daily":false,"chose_seed":false,"campfire_upgraded":7,"win_rate":0.0,"timestamp":1609139826,"path_taken":["M","?","M","M","?","R","?","R","T","?","COS","?","PTL","PTL","?","M","R","BOSS","M","M","$","M","?","E","M","E","T","R","E","M","M","COS","R","BOSS","M","?","?","?","?","R","E","M","T","M","E","COS","?","?","R","BOSS","R","$","E","BOSS"],"items_purchased_type":["Relic","Card","Relic","Relic","Card","Relic"],"build_version":"2020-12-22","purchased_purges":2,"victory":true,"max_hp_per_floor":[75,89,89,89,89,89,89,89,89,89,89,89,89,89,89,89,89,89,89,89,89,89,89,89,89,89,89,89,89,89,89,89,89,89,89,89,89,89,89,89,89,89,89,89,89,89,89,89,89,89,89,89,89,87,87,87,85],"card_choices":[{"not_picked":["Redo","ReplayTheSpireMod:System Scan"],"picked":"Coolheaded","floor":1.0},{"not_picked":["FIFO Queue","Conserve Battery"],"picked":"Chaos","floor":3.0},{"not_picked":["Cold Snap","ReplayGash","Steam"],"picked":"SKIP","floor":4.0},{"not_picked":["Turbo+1","Auto Shields+1"],"picked":"Rainbow+1","floor":5.0},{"not_picked":["Ball Lightning","Darkness+1"],"picked":"Double Energy+1","floor":7.0},{"not_picked":["Go for the Eyes","Stack+1"],"picked":"Hologram+1","floor":7.0},{"not_picked":["ReplayGash","Storm"],"picked":"ReplayTheSpireMod:System Scan+1","floor":12.0},{"not_picked":["ReplayRNGCard","Multi-Cast"],"picked":"Creative AI","floor":16.0},{"not_picked":["FIFO Queue","Rebound"],"picked":"BootSequence+1","floor":16.0},{"not_picked":["ReplayRNGCard+1","Thunder Strike"],"picked":"Reboot+1","floor":18.0},{"not_picked":["Leap+1","Barrage","BasicCrystalCard+1"],"picked":"SKIP","floor":20.0},{"not_picked":["Steam+1","Barrage","Time Bomb+1"],"picked":"SKIP","floor":21.0},{"not_picked":["Go for the Eyes+1","Self Repair+1"],"picked":"Electrodynamics","floor":22.0},{"not_picked":["Beam Cell+1","Panic Button+1"],"picked":"Coolheaded+1","floor":22.0},{"not_picked":["Go for the Eyes","Turbo+1"],"picked":"Recycle+1","floor":22.0},{"not_picked":["Panic Button+1","BasicCrystalCard+1"],"picked":"Recycle+1","floor":22.0},{"not_picked":["Ball Lightning+1","Conserve Battery+1","Loop"],"picked":"SKIP","floor":23.0},{"not_picked":["Ball Lightning+1","Conserve Battery+1","Loop"],"picked":"SKIP","floor":23.0},{"not_picked":["Barrage","Steam Power+1"],"picked":"Fission+1","floor":25.0},{"not_picked":["Reprogram+1","ReplayTheSpireMod:GoodbyeWorld"],"picked":"Reinforced Body+1","floor":26.0},{"not_picked":["Self Repair","Panic Button+1"],"picked":"Turbo+1","floor":27.0},{"not_picked":["Storm","Leap+1"],"picked":"Scrape","floor":30.0},{"not_picked":["Barrage","Conserve Battery+1"],"picked":"Coolheaded+1","floor":31.0},{"not_picked":["Conserve Battery+1","Panic Button+1","FTL"],"picked":"SKIP","floor":32.0},{"not_picked":["Multi-Cast+1","Fission+1"],"picked":"Core Surge","floor":35.0},{"not_picked":["Coolheaded+1","Heatsinks"],"picked":"Glacier+1","floor":37.0},{"not_picked":["Gensokyo:HouraiInAPot+1","Gensokyo:MorningStar+1"],"picked":"Gensokyo:Dawn+1","floor":40.0},{"not_picked":["Genetic Algorithm+1","Beam Cell+1","Self Repair"],"picked":"SKIP","floor":43.0},{"not_picked":["Genetic Algorithm+1","Beam Cell+1","Self Repair"],"picked":"SKIP","floor":43.0},{"not_picked":["Undo+1","Hyperbeam","Steam+1"],"picked":"SKIP","floor":44.0},{"not_picked":["Leap+1","Stack+1"],"picked":"White Noise+1","floor":46.0},{"not_picked":["Static Discharge","BasicCrystalCard+1","Leap+1"],"picked":"SKIP","floor":47},{"not_picked":["BasicCrystalCard+1","Redo+1","Gash+1"],"picked":"SKIP","floor":56}],"player_experience":437264,"relics_obtained":[{"floor":5.0,"key":"Toxic Egg 2"},{"floor":10.0,"key":"ReplayTheSpireMod:Ring of Challenge"},{"floor":10.0,"key":"ReplayTheSpireMod:Ring of Collecting"},{"floor":18.0,"key":"Gensokyo:OccultBall"},{"floor":21.0,"key":"Vajra"},{"floor":25.0,"key":"Centennial Puzzle"},{"floor":27.0,"key":"ReplayTheSpireMod:Lightbulb"},{"floor":27.0,"key":"Pen Nib"},{"floor":28.0,"key":"ReplayTheSpireMod:Ring of Exchange"},{"floor":28.0,"key":"ReplayTheSpireMod:TigerMarble"},{"floor":30.0,"key":"Smiling Mask"},{"floor":35.0,"key":"Blue Candle"},{"floor":35.0,"key":"Gensokyo:OccultBall"},{"floor":43.0,"key":"Gensokyo:OccultBall"},{"floor":43.0,"key":"DataDisk"},{"floor":45.0,"key":"StrikeDummy"},{"floor":47,"key":"Akabeko"},{"floor":47,"key":"Dream Catcher"},{"floor":50,"key":"Orichalcum"},{"floor":50,"key":"ReplayTheSpireMod:Ring of Addiction"},{"floor":50,"key":"Chameleon Ring"},{"floor":50,"key":"SacredBark"},{"floor":56,"key":"Blue Doll"}],"event_choices":[],"is_beta":false,"boss_relics":[{"not_picked":["Runic Pyramid","ChewingGum"],"picked":"Snecko Eye"},{"not_picked":["ReplayTheSpireMod:DimensionalGlitch","Cauldron"],"picked":"Membership Card"}],"items_purged_floors":[41,55],"is_endless":false,"potions_floor_spawned":[3,12,18,23,25,26,31,37,46,56],"ascension_level":8}}