{"host":"mcdusr64esz012l0","time":1609115204,"event":{"mods":["BaseMod","Minty Spire (QoL Compilation)","Relic Stats"],"gold_per_floor":[117,133,283,20,20,20,53,66,66,66,97,7,40,57,57,134,134,154,204,26,26,46,46,79,79,79,12,12,26,38,38,38,113,113,132,132,132,145,159,159,187,187,187,216,241,267,283,296,296,296,296,296,296,69,103,103],"floor_reached":57,"playtime":5324,"items_purged":["Doubt","Strike_B","Strike_B"],"score":2727,"play_id":"a3f5b06f-d4d0-4212-9584-d4e1d1d2d0a8","local_time":"20201227192644","is_ascension_mode":true,"campfire_choices":[{"floor":6,"key":"REST"},{"data":"Defragment","floor":15,"key":"SMITH"},{"data":"Seek","floor":23,"key":"SMITH"},{"data":"Loop","floor":28,"key":"SMITH"},{"data":"Creative AI","floor":32,"key":"SMITH"},{"data":"Amplify","floor":40,"key":"SMITH"},{"floor":42,"key":"RECALL"},{"data":"Loop","floor":49,"key":"SMITH"},{"data":"Seek","floor":53,"key":"SMITH"}],"circlet_count":0,"master_deck":["AscendersBane","Strike_B","Defend_B","Defend_B","Defend_B","Defend_B","Zap","Dualcast","All For One","Ball Lightning","Streamline","Coolheaded","Cold Snap","Hologram","Defragment+1","Steam","Go for the Eyes","Amplify+1","Hologram","Seek+1","Genetic Algorithm","Loop+1","Leap+1","Heatsinks","Echo Form","Recycle","Creative AI+1","Seek+1","Glacier","Glacier+1","Chill+1","Loop+1","BootSequence","Reinforced Body+1","Seek"],"relics":["Membership Card","Calipers","Mercury Hourglass","Bird Faced Urn","Bag of Marbles","Coffee Dripper","Bottled Lightning","Nloth\u0027s Gift","Omamori","Pear","Sozu","WarpedTongs","MealTicket","Dream Catcher","Ice Cream","Frozen Egg 2","FossilizedHelix","Pen Nib"],"acts_visited":["Exordium","TheCity","TheBeyond","TheEnding"],"potions_floor_usage":[7,11,16,16,24,29,30],"damage_taken":[{"damage":12,"enemies":"Jaw Worm","floor":1,"turns":3},{"damage":4,"enemies":"Small Slimes","floor":2,"turns":3},{"damage":21,"enemies":"Lagavulin","floor":7,"turns":7},{"damage":9,"enemies":"2 Louse","floor":8,"turns":2},{"damage":10,"enemies":"Gremlin Nob","floor":11,"turns":4},{"damage":9,"enemies":"Lagavulin","floor":13,"turns":6},{"damage":0,"enemies":"Looter","floor":14,"turns":2},{"damage":4,"enemies":"The Guardian","floor":16,"turns":9},{"damage":18,"enemies":"3 Byrds","floor":18,"turns":4},{"damage":12,"enemies":"Shell Parasite","floor":22,"turns":2},{"damage":30,"enemies":"Book of Stabbing","floor":24,"turns":8},{"damage":6,"enemies":"3 Cultists","floor":29,"turns":7},{"damage":17,"enemies":"Snake Plant","floor":30,"turns":5},{"damage":25,"enemies":"Champ","floor":33,"turns":15},{"damage":22,"enemies":"3 Shapes","floor":35,"turns":6},{"damage":13,"enemies":"Orb Walker","floor":38,"turns":7},{"damage":21,"enemies":"Jaw Worm Horde","floor":39,"turns":8},{"damage":0,"enemies":"Reptomancer","floor":41,"turns":7},{"damage":26,"enemies":"Nemesis","floor":44,"turns":11},{"damage":0,"enemies":"Mind Bloom Boss Battle","floor":45,"turns":8},{"damage":47,"enemies":"Reptomancer","floor":46,"turns":10},{"damage":0,"enemies":"Spire Growth","floor":47,"turns":6},{"damage":0,"enemies":"3 Darklings","floor":48,"turns":6},{"damage":2,"enemies":"Time Eater","floor":50,"turns":10},{"damage":10,"enemies":"Donu and Deca","floor":51,"turns":14},{"damage":6,"enemies":"Shield and Spear","floor":55,"turns":9},{"damage":16,"enemies":"The Heart","floor":56,"turns":13}],"seed_played":"-1766787044827653810","potions_obtained":[{"floor":7,"key":"EssenceOfDarkness"},{"floor":8,"key":"Block Potion"},{"floor":14,"key":"Swift Potion"},{"floor":16,"key":"Dexterity Potion"},{"floor":24,"key":"DistilledChaos"},{"floor":29,"key":"SteroidPotion"}],"is_trial":false,"path_per_floor":["M","M","?","$","?","R","E","M","T","?","E","$","E","M","R","B",null,"M","?","$","?","M","R","E","?","T","$","R","M","M","?","R","B",null,"M","?","?","M","M","R","E","R","T","E","?","E","M","M","R","B","B",null,"R","$","E","B",null],"character_chosen":"DEFECT","items_purchased":["Membership Card","Fire Potion","Coolheaded","Steam","Go for the Eyes","Loop","Bottled Lightning","Echo Form","ColorlessPotion","FossilizedHelix"],"campfire_rested":1,"item_purchase_floors":[4,4,4,12,12,20,20,27,27,54],"current_hp_per_floor":[52,48,48,48,48,69,48,39,39,62,52,52,45,45,45,43,64,46,46,46,46,34,34,10,10,20,20,20,32,31,31,31,81,81,81,81,81,81,81,81,81,81,81,81,81,81,81,81,81,81,81,81,81,81,81,81],"gold":103,"neow_bonus":"ONE_RANDOM_RARE_CARD","is_daily":false,"chose_seed":false,"campfire_upgraded":7,"win_rate":0.0,"timestamp":1609115204,"path_taken":["M","M","?","$","?","R","E","M","T","?","E","$","E","M","R","BOSS","M","?","$","?","?","R","E","?","T","$","R","?","M","?","R","BOSS","M","?","?","?","M","R","E","R","T","E","?","E","M","M","R","BOSS","BOSS","R","$","E","BOSS"],"items_purchased_type":["Relic","Potion","Card","Card","Card","Card","Relic","Card","Potion","Relic"],"build_version":"2020-12-22","purchased_purges":3,"victory":true,"max_hp_per_floor":[71,71,71,71,71,71,71,71,71,71,71,71,71,71,71,71,71,71,71,71,71,71,71,71,71,81,81,81,81,81,81,81,81,81,81,81,81,81,81,81,81,81,81,81,81,81,81,81,81,81,81,81,81,81,81,81],"relic_stats":{"Sozu":6,"Dream Catcher":0,"counters":[27,187],"Bird Faced Urn":[282],"MealTicket":0,"Pen Nib":[0],"Nloth\u0027s Gift":8,"obtain_stats":[{"Ice Cream":45,"Calipers":7,"Pear":26,"Pen Nib":55,"Omamori":24,"Frozen Egg 2":46,"Mercury Hourglass":9,"WarpedTongs":37,"Sozu":34,"Dream Catcher":44,"Bird Faced Urn":11,"MealTicket":41,"Bag of Marbles":13,"Coffee Dripper":17,"Nloth\u0027s Gift":21,"Membership Card":4,"Bottled Lightning":20,"Cracked Core":0,"FossilizedHelix":54},{"Ice Cream":20,"Calipers":3,"Pear":11,"Pen Nib":26,"Omamori":11,"Frozen Egg 2":21,"Mercury Hourglass":4,"WarpedTongs":15,"Sozu":14,"Dream Catcher":19,"Bird Faced Urn":5,"MealTicket":18,"Bag of Marbles":6,"Coffee Dripper":8,"Nloth\u0027s Gift":9,"Membership Card":2,"Bottled Lightning":9,"Cracked Core":0,"FossilizedHelix":25},{"Ice Cream":121,"Calipers":13,"Pear":49,"Pen Nib":175,"Omamori":49,"Frozen Egg 2":131,"Mercury Hourglass":15,"WarpedTongs":80,"Sozu":74,"Dream Catcher":113,"Bird Faced Urn":19,"MealTicket":102,"Bag of Marbles":24,"Coffee Dripper":35,"Nloth\u0027s Gift":39,"Membership Card":6,"Bottled Lightning":39,"Cracked Core":0,"FossilizedHelix":166}],"Mercury Hourglass":[574],"WarpedTongs":[107]},"card_choices":[{"not_picked":["Steam","White Noise"],"picked":"Ball Lightning","floor":1},{"not_picked":["Double Energy","Cold Snap"],"picked":"Streamline","floor":2},{"not_picked":["Barrage","Go for the Eyes"],"picked":"Cold Snap","floor":7},{"not_picked":["Barrage","Conserve Battery"],"picked":"Hologram","floor":8},{"not_picked":["Gash","Lockon"],"picked":"Defragment","floor":11},{"not_picked":["Static Discharge","Gash"],"picked":"Amplify","floor":13},{"not_picked":["Rip and Tear","Go for the Eyes"],"picked":"Hologram","floor":14},{"not_picked":["Reboot","Multi-Cast"],"picked":"Seek","floor":16},{"not_picked":["Conserve Battery","Sweeping Beam"],"picked":"Genetic Algorithm","floor":18},{"not_picked":["Fusion","Hyperbeam"],"picked":"Leap+1","floor":22},{"not_picked":["Meteor Strike","Go for the Eyes"],"picked":"Heatsinks","floor":24},{"not_picked":["Sweeping Beam","Redo"],"picked":"Recycle","floor":29},{"not_picked":["Hologram+1","Rip and Tear"],"picked":"Creative AI","floor":30},{"not_picked":["Biased Cognition","Core Surge"],"picked":"Seek","floor":33},{"not_picked":["Hologram+1","Skim"],"picked":"Glacier","floor":35},{"not_picked":["Hyperbeam","Fusion+1"],"picked":"Glacier+1","floor":38},{"not_picked":["Cold Snap","Redo+1"],"picked":"Chill+1","floor":39},{"not_picked":["Reboot","Heatsinks","Leap"],"picked":"SKIP","floor":41},{"not_picked":["Turbo","Coolheaded"],"picked":"Loop","floor":44},{"not_picked":["Machine Learning+1","Conserve Battery","Leap+1"],"picked":"SKIP","floor":46},{"not_picked":["Cold Snap","Coolheaded+1"],"picked":"BootSequence","floor":47},{"not_picked":["Hello World+1","Beam Cell+1"],"picked":"Reinforced Body+1","floor":48},{"not_picked":["Machine Learning+1","Go for the Eyes"],"picked":"Seek","floor":55}],"player_experience":1003950,"relics_obtained":[{"floor":7,"key":"Calipers"},{"floor":9,"key":"Mercury Hourglass"},{"floor":11,"key":"Bird Faced Urn"},{"floor":13,"key":"Bag of Marbles"},{"floor":24,"key":"Omamori"},{"floor":26,"key":"Pear"},{"floor":41,"key":"MealTicket"},{"floor":44,"key":"Dream Catcher"},{"floor":45,"key":"Ice Cream"},{"floor":46,"key":"Frozen Egg 2"},{"floor":55,"key":"Pen Nib"}],"event_choices":[{"damage_healed":0,"gold_gain":150,"player_choice":"AGREE","damage_taken":0,"max_hp_gain":0,"max_hp_loss":0,"event_name":"Liars Game","floor":3,"gold_loss":0,"cards_obtained":["Doubt"]},{"damage_healed":0,"gold_gain":0,"player_choice":"Fled","damage_taken":0,"max_hp_gain":0,"max_hp_loss":0,"event_name":"Scrap Ooze","floor":5,"gold_loss":0},{"damage_healed":23,"gold_gain":0,"player_choice":"Banana","damage_taken":0,"max_hp_gain":0,"max_hp_loss":0,"event_name":"Big Fish","floor":10,"gold_loss":0},{"damage_healed":0,"gold_gain":50,"player_choice":"Stole From Cult","damage_taken":0,"max_hp_gain":0,"max_hp_loss":0,"event_name":"Nest","floor":19,"gold_loss":0},{"damage_healed":0,"gold_gain":0,"player_choice":"Traded Relic","damage_taken":0,"relics_obtained":["Nloth\u0027s Gift"],"max_hp_gain":0,"max_hp_loss":0,"event_name":"N\u0027loth","floor":21,"relics_lost":["Cracked Core"],"gold_loss":0},{"cards_removed":["Strike_B"],"damage_healed":0,"gold_gain":0,"player_choice":"Card Removal","damage_taken":0,"max_hp_gain":0,"max_hp_loss":0,"event_name":"Wheel of Change","floor":25,"gold_loss":0},{"damage_healed":0,"gold_gain":0,"player_choice":"Ignored","damage_taken":0,"max_hp_gain":0,"max_hp_loss":0,"event_name":"Vampires","floor":31,"gold_loss":0},{"damage_healed":16,"gold_gain":0,"player_choice":"Writhe","damage_taken":0,"max_hp_gain":0,"max_hp_loss":0,"event_name":"Winding Halls","floor":36,"gold_loss":0,"cards_obtained":["Writhe"]},{"damage_healed":0,"gold_gain":0,"player_choice":"Rummage","damage_taken":0,"relics_obtained":["WarpedTongs"],"max_hp_gain":0,"max_hp_loss":0,"event_name":"Accursed Blacksmith","floor":37,"gold_loss":0,"cards_obtained":["Pain"]},{"damage_healed":0,"gold_gain":0,"player_choice":"Fight","damage_taken":0,"max_hp_gain":0,"max_hp_loss":0,"event_name":"MindBloom","floor":45,"gold_loss":0}],"is_beta":false,"boss_relics":[{"not_picked":["SacredBark","Calling Bell"],"picked":"Coffee Dripper"},{"not_picked":["SlaversCollar","Astrolabe"],"picked":"Sozu"}],"items_purged_floors":[4,12,54],"is_endless":false,"potions_floor_spawned":[7,8,14,16,24,29,39,41,45,46,48,55],"ascension_level":20}}