{"host":"ilxricga2547gmyy","time":1609197143,"event":{"mods":["AchievementEnabler","BaseMod","Minty Spire (QoL Compilation)","Quick Restart","StSLib"],"gold_per_floor":[116,116,132,146,163,193,204,204,204,181,191,191,210,241,241,344,344,361,38,138,148,148,148],"floor_reached":22,"playtime":474,"items_purged":["Fire Breathing+1"],"score":297,"play_id":"e911a3e6-8779-4209-ad12-9a7c18f50939","local_time":"20201229001223","is_ascension_mode":true,"campfire_choices":[{"floor":8,"key":"REST"},{"floor":12,"key":"REST"},{"floor":15,"key":"REST"}],"circlet_count":0,"master_deck":["AscendersBane","Strike_R","Strike_R","Strike_R","Defend_R","Defend_R","Bash","Whirlwind","Spot Weakness","Carnage","Thunderclap","Evolve","Inflame","Rage","Immolate","Infernal Blade+1","Barricade+1","Pummel"],"relics":["Runic Dome","Bronze Scales","Kunai","Shuriken","Astrolabe","Meat on the Bone"],"acts_visited":["Exordium","TheCity"],"potions_floor_usage":[5,6,14,21],"damage_taken":[{"damage":3,"enemies":"2 Louse","floor":1,"turns":3},{"damage":1,"enemies":"Cultist","floor":3,"turns":3},{"damage":12,"enemies":"Jaw Worm","floor":4,"turns":2},{"damage":22,"enemies":"Lots of Slimes","floor":5,"turns":3},{"damage":15,"enemies":"3 Sentries","floor":6,"turns":3},{"damage":0,"enemies":"Gremlin Gang","floor":7,"turns":1},{"damage":11,"enemies":"Looter","floor":11,"turns":2},{"damage":9,"enemies":"Red Slaver","floor":13,"turns":2},{"damage":32,"enemies":"Gremlin Nob","floor":14,"turns":4},{"damage":33,"enemies":"The Guardian","floor":16,"turns":9},{"damage":11,"enemies":"Spheric Guardian","floor":18,"turns":3},{"damage":46,"enemies":"Shell Parasite","floor":21,"turns":5},{"damage":29,"enemies":"Snake Plant","floor":22,"turns":3}],"seed_played":"-8090583139947567780","potions_obtained":[{"floor":3,"key":"Fire Potion"},{"floor":4,"key":"Swift Potion"},{"floor":11,"key":"ElixirPotion"},{"floor":13,"key":"Regen Potion"},{"floor":18,"key":"SteroidPotion"},{"floor":21,"key":"Fruit Juice"}],"is_trial":false,"path_per_floor":["M","?","M","M","M","E","M","R","T","?","M","R","M","E","R","B",null,"M","$","?","M","M"],"character_chosen":"IRONCLAD","items_purchased":["Meat on the Bone"],"campfire_rested":3,"item_purchase_floors":[19],"current_hp_per_floor":[69,69,68,56,34,19,19,43,43,43,32,56,47,27,51,18,65,54,54,54,25,0,0],"gold":148,"neow_bonus":"BOSS_RELIC","is_daily":false,"chose_seed":false,"campfire_upgraded":0,"win_rate":0.0,"timestamp":1609197143,"path_taken":["M","?","M","M","M","E","?","R","T","?","M","R","M","E","R","BOSS","M","$","?","M","M"],"items_purchased_type":["Relic"],"build_version":"2020-12-22","purchased_purges":1,"victory":false,"max_hp_per_floor":[80,80,80,80,80,80,80,80,80,80,80,80,80,80,80,80,80,80,80,80,85,85,85],"card_choices":[{"not_picked":["Warcry","Armaments"],"picked":"Whirlwind","floor":1},{"not_picked":["Shrug It Off","Headbutt"],"picked":"Spot Weakness","floor":3},{"not_picked":["Havoc","Wild Strike"],"picked":"Carnage","floor":4},{"not_picked":["Body Slam","Rampage","Headbutt"],"picked":"SKIP","floor":5},{"not_picked":["Body Slam","Searing Blow","Heavy Blade"],"picked":"SKIP","floor":6},{"not_picked":["Perfected Strike","Clothesline"],"picked":"Thunderclap","floor":7},{"not_picked":["Uppercut","Searing Blow"],"picked":"Evolve","floor":11},{"not_picked":["Thunderclap","Clash"],"picked":"Inflame","floor":13},{"not_picked":["Power Through","Exhume"],"picked":"Rage","floor":14},{"not_picked":["Exhume","Offering"],"picked":"Immolate","floor":16},{"not_picked":["True Grit","Pommel Strike","Rage"],"picked":"SKIP","floor":18},{"not_picked":["Combust","Thunderclap"],"picked":"Pummel","floor":21}],"player_experience":263152,"relics_obtained":[{"floor":6,"key":"Bronze Scales"},{"floor":9,"key":"Kunai"},{"floor":14,"key":"Shuriken"}],"event_choices":[{"cards_removed":["Strike_R"],"damage_healed":0,"gold_gain":0,"player_choice":"Purged","damage_taken":0,"max_hp_gain":0,"max_hp_loss":0,"event_name":"Purifier","floor":2,"gold_loss":0},{"damage_healed":0,"gold_gain":0,"player_choice":"Left Gold","damage_taken":0,"max_hp_gain":0,"max_hp_loss":0,"event_name":"World of Goop","floor":10,"gold_loss":23},{"damage_healed":0,"gold_gain":100,"player_choice":"Pray","damage_taken":0,"max_hp_gain":0,"max_hp_loss":0,"event_name":"Golden Shrine","floor":20,"gold_loss":0}],"is_beta":false,"boss_relics":[{"not_picked":["Runic Pyramid","Tiny House"],"picked":"Astrolabe"}],"items_purged_floors":[19],"is_endless":false,"potions_floor_spawned":[3,4,11,13,18,21],"killed_by":"Snake Plant","ascension_level":10}}