{"host":"640uue19m79c7wbt","time":1609188639,"event":{"mods":["BaseMod","Colored Map","Googly Eyes","Highlight Path","Minty Spire (QoL Compilation)","Quick Restart","StSLib"],"gold_per_floor":[115,35,210,210,223,258,258,293,293,328,328,328,253,265,265,364,364,382,398,48,48,48,81,99,14,14,14,14,14],"floor_reached":28,"playtime":1066,"items_purged":["Doubt","Strike_G"],"score":584,"play_id":"2ffae6df-a6de-450a-a2af-10d03f2f597a","local_time":"20201228155039","is_ascension_mode":true,"campfire_choices":[{"data":"Predator","floor":7.0,"key":"SMITH"},{"data":"Envenom","floor":12.0,"key":"SMITH"},{"data":"Venomology","floor":15.0,"key":"SMITH"},{"data":"Enlightenment","floor":27,"key":"SMITH"}],"circlet_count":0,"master_deck":["AscendersBane","Strike_G+1","Strike_G","Strike_G","Defend_G","Defend_G","Defend_G+1","Defend_G+1","Defend_G","Survivor+1","Neutralize","Eviscerate","Predator","Backflip","Predator+1","Glass Knife","Venomology+1","Envenom+1","Cloak And Dagger","After Image","PiercingWail","Blur","Well Laid Plans","Enlightenment+1","Phantasmal Killer","Prepared"],"relics":["Ring of the Snake","NeowsBlessing","Gambling Chip","Strawberry","Calipers","Matryoshka","WristBlade","Membership Card","War Paint","Vajra","Dream Catcher"],"acts_visited":["Exordium","TheCity"],"potions_floor_usage":[23,23,24,24,24,28],"damage_taken":[{"damage":0.0,"enemies":"2 Louse","floor":1.0,"turns":1.0},{"damage":0.0,"enemies":"Small Slimes","floor":5.0,"turns":1.0},{"damage":0.0,"enemies":"3 Sentries","floor":6.0,"turns":1.0},{"damage":0.0,"enemies":"Gremlin Nob","floor":8.0,"turns":2.0},{"damage":0.0,"enemies":"3 Sentries","floor":10.0,"turns":6.0},{"damage":0.0,"enemies":"Jaw Worm","floor":14.0,"turns":2.0},{"damage":0.0,"enemies":"Slime Boss","floor":16.0,"turns":9.0},{"damage":6.0,"enemies":"Shell Parasite","floor":18.0,"turns":4.0},{"damage":11.0,"enemies":"Spheric Guardian","floor":19.0,"turns":3.0},{"damage":16,"enemies":"Slavers","floor":23,"turns":8},{"damage":24,"enemies":"Snake Plant","floor":24,"turns":5},{"damage":0,"enemies":"Gremlin Leader","floor":28,"turns":3}],"seed_played":"-1128224774028187414","potions_obtained":[{"floor":5.0,"key":"Strength Potion"},{"floor":6.0,"key":"EntropicBrew"},{"floor":14.0,"key":"Energy Potion"},{"floor":18.0,"key":"Dexterity Potion"},{"floor":19.0,"key":"Energy Potion"},{"floor":23,"key":"Regen Potion"}],"is_trial":false,"path_per_floor":["M","$","?","?","M","E","R","E","T","E","?","R","$","M","R","B",null,"M","M","$","?","?","E","M","?","T","R","E"],"character_chosen":"THE_SILENT","items_purchased":["Predator","Membership Card","Well Laid Plans","Enlightenment","Phantasmal Killer"],"campfire_rested":0,"item_purchase_floors":[2,20,20,20,20],"current_hp_per_floor":[63,63,63,49,49,49,49,56,56,56,56,56,56,56,56,56,72,66,55,55,55,77,61,52,52,52,52,52,52],"gold":14,"neow_bonus":"THREE_ENEMY_KILL","is_daily":false,"chose_seed":false,"campfire_upgraded":4,"win_rate":0.0,"timestamp":1609188639,"path_taken":["M","$","?","?","M","E","R","E","T","E","?","R","$","M","R","BOSS","M","M","$","?","?","E","?","?","T","R","E"],"items_purchased_type":["Card","Relic","Card","Card","Card"],"build_version":"2020-12-22","purchased_purges":2,"victory":false,"max_hp_per_floor":[70,70,70,70,70,70,70,77,77,77,77,77,77,77,77,77,77,77,77,77,77,77,77,77,77,77,77,77,77],"card_choices":[{"not_picked":["Backflip","Deflect"],"picked":"Eviscerate","floor":1.0},{"not_picked":["Outmaneuver","Quick Slash"],"picked":"Backflip","floor":5.0},{"not_picked":["Deflect","Dodge and Roll"],"picked":"Predator","floor":6.0},{"not_picked":["Deadly Poison","Outmaneuver"],"picked":"Glass Knife","floor":8.0},{"not_picked":["Bane","Flying Knee"],"picked":"Venomology","floor":10.0},{"not_picked":["Backflip","Flying Knee"],"picked":"Cloak And Dagger","floor":14.0},{"not_picked":["Grand Finale","A Thousand Cuts"],"picked":"After Image","floor":16.0},{"not_picked":["Cloak And Dagger","Backflip"],"picked":"PiercingWail","floor":18.0},{"not_picked":["Dagger Spray","Dagger Throw"],"picked":"Blur","floor":19.0},{"not_picked":["Backflip","Masterful Stab+1"],"picked":"Prepared","floor":23},{"not_picked":["Acrobatics+1","Predator","Prepared"],"picked":"SKIP","floor":24}],"player_experience":1246129,"relics_obtained":[{"floor":6.0,"key":"Gambling Chip"},{"floor":8.0,"key":"Strawberry"},{"floor":9.0,"key":"Calipers"},{"floor":10.0,"key":"Matryoshka"},{"floor":23,"key":"War Paint"},{"floor":26,"key":"Dream Catcher"}],"event_choices":[{"damage_healed":0.0,"max_hp_gain":0.0,"max_hp_loss":0.0,"gold_gain":175.0,"event_name":"Liars Game","player_choice":"AGREE","floor":3.0,"gold_loss":0.0,"damage_taken":0.0,"cards_obtained":["Doubt"]},{"damage_healed":0.0,"max_hp_gain":0.0,"max_hp_loss":0.0,"gold_gain":0.0,"event_name":"Shining Light","player_choice":"Entered Light","floor":4.0,"gold_loss":0.0,"damage_taken":14.0,"cards_upgraded":["Survivor","Strike_G"]},{"damage_healed":0.0,"max_hp_gain":0.0,"max_hp_loss":0.0,"gold_gain":0.0,"cards_transformed":["Strike_G"],"event_name":"Living Wall","player_choice":"Change","floor":11.0,"gold_loss":0.0,"damage_taken":0.0,"cards_obtained":["Envenom"]},{"damage_healed":0.0,"max_hp_gain":0.0,"max_hp_loss":0.0,"gold_gain":0.0,"event_name":"Ghosts","player_choice":"Ignored","floor":21.0,"gold_loss":0.0,"damage_taken":0.0},{"damage_healed":25.0,"max_hp_gain":0.0,"max_hp_loss":0.0,"gold_gain":0.0,"event_name":"The Library","player_choice":"Heal","floor":22.0,"gold_loss":0.0,"damage_taken":0.0},{"damage_healed":0,"gold_gain":0,"player_choice":"Obtained Relic","damage_taken":0,"relics_obtained":["Vajra"],"max_hp_gain":0,"max_hp_loss":0,"event_name":"Addict","floor":25,"gold_loss":85}],"is_beta":false,"boss_relics":[{"not_picked":["Runic Dome","Snecko Eye"],"picked":"WristBlade"}],"items_purged_floors":[13,20],"is_endless":false,"potions_floor_spawned":[5,6,14,18,19,23],"killed_by":"Gremlin Leader","ascension_level":11}}