{"host":"8jwif9mna8ud19ho","time":1609135812,"event":{"mods":["BaseMod","Better Vampires","Lobotomy","Marisa£¨ìFÓê¡¡Ä§ÀíÉ³£©","Minty Spire (QoL Compilation)","Reimu£¨²©ÀöÁéÃÎ£©","RumiaBox-Â¶Ã×æ«µÄÉñÃØºÐ×Ó","StSLib","¡¾ÒÅÎï¿¨ÅÆ¡¿REMEMod"],"gold_per_floor":[113,124,124,142,156,185,200,200,200],"floor_reached":8,"playtime":217,"items_purged":[],"score":120,"play_id":"bee6c9ac-32bf-4a21-8669-27f6f0c76a97","local_time":"20201228141012","is_ascension_mode":true,"campfire_choices":[],"circlet_count":0,"master_deck":["AscendersBane","Strike_MRS","Strike_MRS","Strike_MRS+1","Strike_MRS","Defend_MRS","Defend_MRS","Defend_MRS","Defend_MRS","MasterSpark","UpSweep","Phantasmal Killer","Scorched","GalacticHalo+1","UniverseFragment","ChargingUp","Singularity","Parasite","Parasite","MHz"],"relics":["MiniHakkero","REME_ComplimentaryCards","CogitoBucket","ShroomBag","FleshIdol"],"acts_visited":["Exordium"],"potions_floor_usage":[],"damage_taken":[{"damage":7,"enemies":"Jaw Worm","floor":1,"turns":3},{"damage":3,"enemies":"Small Slimes","floor":2,"turns":2},{"damage":0,"enemies":"Cultist","floor":4,"turns":2},{"damage":0,"enemies":"Exordium Thugs","floor":5,"turns":2},{"damage":18,"enemies":"Gremlin Nob","floor":6,"turns":4},{"damage":0,"enemies":"Looter","floor":7,"turns":1},{"damage":12,"enemies":"3 Sentries","floor":8,"turns":2}],"seed_played":"3660407589923493927","potions_obtained":[{"floor":5,"key":"Ancient Potion"},{"floor":6,"key":"ZuzhouPotion:ReiMu"}],"is_trial":false,"path_per_floor":["M","M","?","M","M","E","M","E"],"character_chosen":"MARISA","items_purchased":[],"campfire_rested":0,"item_purchase_floors":[],"current_hp_per_floor":[56,53,32,32,32,14,14,4,4],"gold":200,"neow_bonus":"","is_daily":false,"chose_seed":false,"campfire_upgraded":0,"win_rate":0.0,"timestamp":1609135812,"path_taken":["M","M","?","M","M","E","M","E"],"items_purchased_type":[],"build_version":"2020-12-22","purchased_purges":0,"victory":false,"max_hp_per_floor":[70,70,70,70,70,70,70,70,70],"card_choices":[{"not_picked":["MHz","SpiderBud"],"picked":"Scorched","floor":1},{"not_picked":["WitchLeyline","OrrerysSun","EnergyRecoil"],"picked":"SKIP","floor":1},{"not_picked":["6A","WitchOfGreed"],"picked":"GalacticHalo","floor":2},{"not_picked":["SpiderBud","PunishingBird"],"picked":"UniverseFragment","floor":4},{"not_picked":["MilkyWay","DarkMatter"],"picked":"ChargingUp","floor":4},{"not_picked":["StarBarrage","GrandCross"],"picked":"Singularity","floor":5},{"not_picked":["Occultation","SprinkleStarSeal","UnstableBomb"],"picked":"SKIP","floor":6},{"not_picked":["GreedKing","OSAHOGD"],"picked":"MHz","floor":7},{"not_picked":["ChargingUp","WitchLeyline","DeepEcoloBomb"],"picked":"SKIP","floor":7}],"player_experience":1102692,"relics_obtained":[{"floor":6,"key":"ShroomBag"}],"event_choices":[{"damage_healed":0,"gold_gain":0,"player_choice":"Entered Light","damage_taken":21,"max_hp_gain":0,"max_hp_loss":0,"event_name":"Shining Light","floor":3,"gold_loss":0,"cards_upgraded":["GalacticHalo","Strike_MRS"]}],"is_beta":false,"boss_relics":[],"items_purged_floors":[],"is_endless":false,"potions_floor_spawned":[5,6],"killed_by":"3 Sentries","ascension_level":20}}