{"host":"j3h0p3l2xgzxhnx7","time":1609148646,"event":{"mods":["BaseMod","Luminous","Marisa????????","Minty Spire (QoL Compilation)","StSLib","The Bug Knight","The Cursed","The Servant 0.9.4"],"gold_per_floor":[113,113,113,124,138,138,138,138,138,168,180,198,163,174,174,279,279,289,314,59,59,59,59,72,88,114,114,114,134,154,167,167,264,264,275,290,300,318,318,318],"floor_reached":39,"playtime":2793,"items_purged":[],"score":387,"play_id":"65ce0ff6-bffa-4a5b-b59b-8dc9ba195814","local_time":"20201228174406","is_ascension_mode":false,"campfire_choices":[{"data":"SilverBlades","floor":6,"key":"SMITH"},{"data":"KidneyShot","floor":8,"key":"SMITH"},{"data":"SurpressingFire","floor":15,"key":"SMITH"},{"data":"FlawlessForm","floor":23,"key":"SMITH"},{"data":"Rearm","floor":27,"key":"SMITH"},{"data":"Moonlight","floor":32,"key":"SMITH"}],"circlet_count":0,"master_deck":["Strike_S","Strike_S","Strike_S","Strike_S","Defend_S","Defend_S","Defend_S","Defend_S","KidneyShot+1","Exchange","Starlight+1","SilverBlades+1","Rearm","SurpressingFire+1","Moonlight+1","Rearm+1","GearUp","FlawlessForm+1","ShatteredReality+1","Starlight","Shame","Comet+1","BottledTime+1","BestPractice+1","DoubleEdge+1","FanOfKnives+1","Moonlight+1","TheWorld","Replace+1","Rearm+1","DualDimension+1","Contraction"],"relics":["SplendidAttire","NeowsBlessing","NlothsMask","Eternal Feather","CaptainsWheel","Red Mask","Meat on the Bone","Molten Egg 2","Toy Ornithopter","StoneMask"],"acts_visited":["Exordium","TheCity","TheBeyond"],"potions_floor_usage":[16,16,19,33,36,36,36,38,39,39],"damage_taken":[{"damage":0,"enemies":"2 Louse","floor":1,"turns":1},{"damage":0,"enemies":"Cultist","floor":4,"turns":1},{"damage":0,"enemies":"Small Slimes","floor":5,"turns":1},{"damage":14,"enemies":"Gremlin Nob","floor":10,"turns":4},{"damage":2,"enemies":"Exordium Wildlife","floor":11,"turns":3},{"damage":16,"enemies":"Gremlin Gang","floor":12,"turns":5},{"damage":8,"enemies":"Large Slime","floor":14,"turns":3},{"damage":22,"enemies":"The Guardian","floor":16,"turns":7},{"damage":2,"enemies":"Shell Parasite","floor":18,"turns":6},{"damage":10,"enemies":"Masked Bandits","floor":19,"turns":4},{"damage":6,"enemies":"Chosen","floor":24,"turns":6},{"damage":0,"enemies":"Centurion and Healer","floor":25,"turns":6},{"damage":7,"enemies":"Snake Plant","floor":29,"turns":4},{"damage":16,"enemies":"3 Cultists","floor":30,"turns":5},{"damage":6,"enemies":"Cultist and Chosen","floor":31,"turns":6},{"damage":14,"enemies":"Collector","floor":33,"turns":8},{"damage":37,"enemies":"3 Shapes","floor":35,"turns":5},{"damage":6,"enemies":"3 Darklings","floor":36,"turns":5},{"damage":14,"enemies":"Sphere and 2 Shapes","floor":37,"turns":6},{"damage":22,"enemies":"Transient","floor":38,"turns":5},{"damage":61,"enemies":"2 Orb Walkers","floor":39,"turns":4}],"seed_played":"-9010665098441789585","potions_obtained":[{"floor":4,"key":"DistilledChaos"},{"floor":12,"key":"PowerPotion"},{"floor":14,"key":"EssenceOfSteel"},{"floor":18,"key":"DistilledChaos"},{"floor":19,"key":"Dexterity Potion"},{"floor":29,"key":"SpeedPotion"},{"floor":31,"key":"SkillPotion"},{"floor":33,"key":"Energy Potion"},{"floor":35,"key":"EntropicBrew"}],"is_trial":false,"path_per_floor":["M","?","?","M","M","R","?","R","T","E","M","M","?","M","R","B",null,"M","?","$","?","?","R","M","M","T","R","?","M","M","M","R","B",null,"M","M","M","M","?"],"character_chosen":"THE_SERVANT","items_purchased":["Meat on the Bone"],"campfire_rested":0,"item_purchase_floors":[20],"current_hp_per_floor":[65,65,65,65,65,65,65,65,65,51,49,33,49,41,50,28,65,63,53,53,53,53,65,59,59,59,65,65,58,42,36,51,42,65,37,49,44,42,0,0],"gold":318,"neow_bonus":"THREE_ENEMY_KILL","is_daily":false,"chose_seed":false,"campfire_upgraded":6,"win_rate":0.0,"timestamp":1609148646,"path_taken":["M","?","?","?","M","R","?","R","T","E","M","?","?","M","R","BOSS","M","?","$","?","?","R","M","M","T","R","?","?","M","M","R","BOSS","M","?","M","M","?"],"items_purchased_type":["Relic"],"build_version":"2020-12-22","purchased_purges":0,"victory":false,"max_hp_per_floor":[65,65,65,65,65,65,65,65,65,65,65,65,65,65,65,65,65,65,65,65,65,65,65,65,65,65,65,65,65,65,65,65,65,65,68,69,72,73,73,73],"card_choices":[{"not_picked":["Alleviate","Ricochet"],"picked":"Starlight","floor":1},{"not_picked":["Reset","Moondial"],"picked":"SilverBlades","floor":4},{"not_picked":["FanOfKnives","Unruled"],"picked":"Rearm","floor":5},{"not_picked":["Desolation","Advance"],"picked":"SurpressingFire","floor":10},{"not_picked":["Advance","BottledTime"],"picked":"Moonlight","floor":11},{"not_picked":["Unruled","Sunlight"],"picked":"Rearm","floor":12},{"not_picked":["Replace","FanOfKnives"],"picked":"GearUp","floor":14},{"not_picked":["Sunlight","Embodiment"],"picked":"FlawlessForm","floor":16},{"not_picked":["Luminosity","Defy"],"picked":"ShatteredReality+1","floor":18},{"not_picked":["Gouge+1","Alleviate"],"picked":"Starlight","floor":19},{"not_picked":["Potential+1","Luminosity+1"],"picked":"BottledTime+1","floor":24},{"not_picked":["Advance+1","Gouge+1"],"picked":"BestPractice+1","floor":25},{"not_picked":["Foresight","Alleviate"],"picked":"DoubleEdge+1","floor":29},{"not_picked":["StarChef","Rearm"],"picked":"FanOfKnives+1","floor":30},{"not_picked":["GearUp","ReturningBlade+1"],"picked":"Moonlight+1","floor":31},{"not_picked":["SoulSculpture+1","KillingDoll+1"],"picked":"TheWorld","floor":33},{"not_picked":["Defy","ReturningBlade+1"],"picked":"Replace+1","floor":35},{"not_picked":["Replace+1","Revamp+1"],"picked":"Rearm+1","floor":36},{"not_picked":["Defy+1","Rewind+1"],"picked":"DualDimension+1","floor":37},{"not_picked":["TimeWarp+1","Alleviate+1"],"picked":"Contraction","floor":38}],"player_experience":9606,"relics_obtained":[{"floor":10,"key":"CaptainsWheel"},{"floor":19,"key":"Red Mask"},{"floor":26,"key":"Toy Ornithopter"}],"event_choices":[{"damage_healed":0,"gold_gain":0,"player_choice":"Grow","damage_taken":0,"max_hp_gain":0,"max_hp_loss":0,"event_name":"Living Wall","floor":2,"gold_loss":0,"cards_upgraded":["Starlight"]},{"damage_healed":0,"gold_gain":0,"player_choice":"Trade","damage_taken":0,"relics_obtained":["NlothsMask"],"max_hp_gain":0,"max_hp_loss":0,"event_name":"FaceTrader","floor":3,"gold_loss":0},{"damage_healed":0,"gold_gain":0,"player_choice":"Gave Potion","damage_taken":0,"relics_obtained":["Eternal Feather"],"max_hp_gain":0,"max_hp_loss":0,"event_name":"WeMeetAgain","floor":7,"gold_loss":0},{"damage_healed":16,"gold_gain":0,"player_choice":"Healed","damage_taken":0,"max_hp_gain":0,"max_hp_loss":0,"event_name":"The Cleric","floor":13,"gold_loss":35},{"damage_healed":0,"gold_gain":0,"player_choice":"Fought Bandits","damage_taken":0,"max_hp_gain":0,"max_hp_loss":0,"event_name":"Masked Bandits","floor":19,"gold_loss":0},{"damage_healed":0,"gold_gain":0,"player_choice":"Stole Relic","damage_taken":0,"relics_obtained":["Molten Egg 2"],"max_hp_gain":0,"max_hp_loss":0,"event_name":"Addict","floor":21,"gold_loss":0,"cards_obtained":["Shame"]},{"damage_healed":0,"gold_gain":0,"player_choice":"Read","damage_taken":0,"max_hp_gain":0,"max_hp_loss":0,"event_name":"The Library","floor":22,"gold_loss":0,"cards_obtained":["Comet"]},{"damage_healed":0,"gold_gain":0,"player_choice":"Ignored","damage_taken":0,"max_hp_gain":0,"max_hp_loss":0,"event_name":"Ghosts","floor":28,"gold_loss":0},{"damage_healed":0,"gold_gain":0,"player_choice":"Fight","damage_taken":0,"max_hp_gain":0,"max_hp_loss":0,"event_name":"Mysterious Sphere","floor":39,"gold_loss":0}],"is_beta":false,"boss_relics":[{"not_picked":["Philosopher\u0027s Stone","MysterySword"],"picked":"SplendidAttire"},{"not_picked":["Fusion Hammer","Runic Pyramid"],"picked":"StoneMask"}],"items_purged_floors":[],"is_endless":false,"potions_floor_spawned":[4,12,14,18,19,29,31,33,35,37],"killed_by":"2 Orb Walkers","ascension_level":0}}