{"host":"ab2s6ezjqdgtrlyf","time":1609161148,"event":{"mods":["BaseMod","Colored Map","Downfall","Highlight Path","Marked Mod","Minty Spire (QoL Compilation)","Quick Restart","Relic Stats","Spicy Shops","StSLib","Waifu the Spire","vexMod","¡¾ÒÅÎï¿¨ÅÆ¡¿REMEMod"],"gold_per_floor":[16,91,91,91,102,134,134,59,59,70,70,93,110,130,130,207,207,224,242,166,166,179,208,208,240,240,240,240,260,260,276,276,276,276],"floor_reached":33,"playtime":1492,"items_purged":["Defend_P"],"score":485,"play_id":"4779fa51-4511-4475-af81-b97066b18387","local_time":"20201228211228","is_ascension_mode":true,"campfire_choices":[{"data":"Eruption","floor":7.0,"key":"SMITH"},{"floor":15.0,"key":"REST"},{"floor":27,"key":"REST"},{"floor":32,"key":"REST"}],"circlet_count":0,"master_deck":["AscendersBane","Strike_P+1","Defend_P+1","Eruption+1","Vigilance","BattleHymn","Wallop+1","FlurryOfBlows"],"relics":["PureWater","REME_ComplimentaryCards","Kunai","REME_HourglassOfDeath","Odd Mushroom","VioletLotus","Blood Vial","The Courier","Eternal Feather","Whetstone","Frozen Egg 2"],"acts_visited":["Exordium","TheCity"],"potions_floor_usage":[25],"damage_taken":[{"damage":2.0,"enemies":"Jaw Worm","floor":1.0,"turns":3.0},{"damage":0.0,"enemies":"Small Slimes","floor":5.0,"turns":3.0},{"damage":24.0,"enemies":"Lagavulin","floor":6.0,"turns":6.0},{"damage":0.0,"enemies":"2 Louse","floor":10.0,"turns":2.0},{"damage":0.0,"enemies":"The Mushroom Lair","floor":12.0,"turns":3.0},{"damage":0.0,"enemies":"Large Slime","floor":13.0,"turns":2.0},{"damage":0.0,"enemies":"2 Fungi Beasts","floor":14.0,"turns":3.0},{"damage":8.0,"enemies":"The Guardian","floor":16.0,"turns":10.0},{"damage":4.0,"enemies":"Chosen","floor":18.0,"turns":3.0},{"damage":4.0,"enemies":"3 Byrds","floor":19.0,"turns":3.0},{"damage":0.0,"enemies":"Centurion and Healer","floor":22.0,"turns":3.0},{"damage":35.0,"enemies":"Slavers","floor":23.0,"turns":7.0},{"damage":15,"enemies":"Book of Stabbing","floor":25,"turns":5},{"damage":0,"enemies":"3 Cultists","floor":29,"turns":4},{"damage":4,"enemies":"Cultist and Chosen","floor":31,"turns":3},{"damage":0,"enemies":"Champ","floor":33,"turns":1}],"seed_played":"-1327850460105959413","potions_obtained":[{"floor":5.0,"key":"Swift Potion"},{"floor":12.0,"key":"DistilledChaos"},{"floor":13.0,"key":"Weak Potion"},{"floor":14.0,"key":"Slimebound:ThreeZeroPotion"},{"floor":23.0,"key":"Fire Potion"},{"floor":29,"key":"SteroidPotion"},{"floor":31,"key":"SpeedPotion"}],"is_trial":false,"path_per_floor":["M","?","?","?","M","E","R","$","T","M","?","?","M","M","R","B",null,"M","M","$","?","M","E","?","E","T","R","T","M","?","M","R","B"],"character_chosen":"WATCHER","items_purchased":["Blood Vial"],"campfire_rested":3,"item_purchase_floors":[20],"current_hp_per_floor":[59,48,34,34,34,10,10,10,10,10,3,3,3,3,23,15,55,51,47,47,47,49,16,16,3,3,26,26,28,28,26,49,51,51],"gold":276,"neow_bonus":"REMOVE_TWO","is_daily":false,"chose_seed":false,"campfire_upgraded":1,"win_rate":0.0,"timestamp":1609161148,"path_taken":["M","?","?","?","M","E","R","$","T","M","?","?","?","M","R","BOSS","M","M","$","?","?","E","?","E","T","R","?","?","?","M","R","BOSS"],"items_purchased_type":["Relic"],"build_version":"2020-12-22","purchased_purges":1,"victory":false,"max_hp_per_floor":[68,68,68,68,68,68,68,68,68,68,68,68,68,68,68,68,68,68,68,68,68,68,68,68,68,68,68,68,68,68,68,68,68,68],"relic_stats":{"Blood Vial":12,"counters":[16,60],"Eternal Feather":6,"VioletLotus":[8],"Kunai":[19],"Whetstone":["Wallop"],"obtain_stats":[{"Blood Vial":20,"REME_HourglassOfDeath":9,"Eternal Feather":25,"VioletLotus":17,"The Courier":23,"Kunai":6,"Whetstone":26,"PureWater":0,"Odd Mushroom":12,"Frozen Egg 2":28,"REME_ComplimentaryCards":0},{"Blood Vial":10,"REME_HourglassOfDeath":3,"Eternal Feather":13,"VioletLotus":8,"The Courier":12,"Kunai":3,"Whetstone":13,"PureWater":0,"Odd Mushroom":5,"Frozen Egg 2":13,"REME_ComplimentaryCards":0},{"Blood Vial":38,"REME_HourglassOfDeath":12,"Eternal Feather":53,"VioletLotus":32,"The Courier":48,"Kunai":12,"Whetstone":53,"PureWater":0,"Odd Mushroom":17,"Frozen Egg 2":53,"REME_ComplimentaryCards":0}]},"card_choices":[{"not_picked":["SashWhip","ClearTheMind","Prostrate"],"picked":"SKIP","floor":1.0},{"not_picked":["SashWhip","LikeWater","Study"],"picked":"SKIP","floor":5.0},{"not_picked":["CutThroughFate","Protect"],"picked":"BattleHymn","floor":6.0},{"not_picked":["BattleHymn","Crescendo"],"picked":"Wallop","floor":10.0},{"not_picked":["MentalFortress","Protect","JustLucky"],"picked":"SKIP","floor":13.0},{"not_picked":["Protect","Prostrate","Nirvana"],"picked":"SKIP","floor":14.0},{"not_picked":["CutThroughFate","EmptyFist","Sanctity"],"picked":"SKIP","floor":18.0},{"not_picked":["PathToVictory+1","EmptyFist","ThirdEye"],"picked":"SKIP","floor":19.0},{"not_picked":["ClearTheMind","JustLucky","EmptyBody"],"picked":"SKIP","floor":22.0},{"not_picked":["Worship","Perseverance","SashWhip"],"picked":"SKIP","floor":23.0},{"not_picked":["ClearTheMind+1","Judgement","JustLucky"],"picked":"SKIP","floor":25},{"not_picked":["REME_MusicOfDeath+1","EmptyBody+1"],"picked":"FlurryOfBlows","floor":29},{"not_picked":["BowlingBash","Worship+1","MarkedMod:Acupuncture"],"picked":"SKIP","floor":31}],"player_experience":649011,"relics_obtained":[{"floor":6.0,"key":"Kunai"},{"floor":9.0,"key":"REME_HourglassOfDeath"},{"floor":12.0,"key":"Odd Mushroom"},{"floor":23.0,"key":"The Courier"},{"floor":25,"key":"Eternal Feather"},{"floor":26,"key":"Whetstone"},{"floor":28,"key":"Frozen Egg 2"}],"event_choices":[{"damage_healed":0.0,"max_hp_gain":0.0,"max_hp_loss":0.0,"gold_gain":75.0,"event_name":"World of Goop","player_choice":"Gather Gold","floor":2.0,"gold_loss":0.0,"damage_taken":11.0},{"damage_healed":0.0,"max_hp_gain":0.0,"max_hp_loss":0.0,"gold_gain":0.0,"event_name":"Shining Light","player_choice":"Entered Light","floor":3.0,"gold_loss":0.0,"damage_taken":14.0,"cards_upgraded":["Defend_P","Strike_P"]},{"cards_removed":["Defend_P"],"damage_healed":0.0,"max_hp_gain":0.0,"max_hp_loss":0.0,"gold_gain":0.0,"event_name":"Living Wall","player_choice":"Forget","floor":4.0,"gold_loss":0.0,"damage_taken":0.0},{"cards_removed":["Strike_P"],"damage_healed":0.0,"max_hp_gain":0.0,"max_hp_loss":0.0,"gold_gain":0.0,"event_name":"Golden Wing","player_choice":"Card Removal","floor":11.0,"gold_loss":0.0,"damage_taken":7.0},{"damage_healed":0.0,"max_hp_gain":0.0,"max_hp_loss":0.0,"gold_gain":0.0,"event_name":"Mushrooms","player_choice":"Fought Mushrooms","floor":12.0,"gold_loss":0.0,"damage_taken":0.0},{"cards_removed":["Strike_P"],"damage_healed":0.0,"max_hp_gain":0.0,"max_hp_loss":0.0,"gold_gain":0.0,"event_name":"Wheel of Change","player_choice":"Card Removal","floor":21.0,"gold_loss":0.0,"damage_taken":0.0},{"damage_healed":0.0,"max_hp_gain":0.0,"max_hp_loss":0.0,"gold_gain":0.0,"event_name":"Ghosts","player_choice":"Ignored","floor":24.0,"gold_loss":0.0,"damage_taken":0.0}],"is_beta":false,"boss_relics":[{"not_picked":["vexMod:FluxCapacitor","Fusion Hammer"],"picked":"VioletLotus"}],"items_purged_floors":[8],"is_endless":false,"potions_floor_spawned":[5,12,13,14,23,29,31],"killed_by":"Champ","ascension_level":14}}