{"host":"qy7jow5usmjkdnnq","time":1609198674,"event":{"mods":["BaseMod","Colored Map","Downfall","Minty Spire (QoL Compilation)","Permanent Neow","Relic Stats","StSLib"],"gold_per_floor":[99,112,130,143,173,185,224,265,291,303,45,45,59,21,37,142,142,142,127,153,153,53,67,94,94,119,119,137,153,167,181,197,302,302,302,302,314,314,314,314,314,511,511,543,553,55,70,70,84,84],"floor_reached":51,"playtime":5307,"items_purged":["bronze:DarkDash","bronze:Defend"],"score":777,"play_id":"b70ecfde-94d3-408e-8ee2-8392c3198d41","local_time":"20201229003754","is_ascension_mode":false,"campfire_choices":[{"data":"bronze:Replicate","floor":1.0,"key":"SMITH"},{"data":"bronze:Philosophize","floor":10.0,"key":"SMITH"},{"floor":18.0,"key":"RECALL"},{"data":"bronze:InfiniteLoop","floor":22.0,"key":"SMITH"},{"data":"bronze:Iterate","floor":25.0,"key":"SMITH"},{"data":"bronze:Iterate","floor":27.0,"key":"SMITH"},{"data":"bronze:FollowUp","floor":35,"key":"SMITH"},{"data":"bronze:Constructor","floor":38,"key":"SMITH"},{"data":"bronze:Goto","floor":40,"key":"SMITH"}],"circlet_count":0,"master_deck":["bronze:Strike","bronze:Strike","bronze:Strike","bronze:Defend","bronze:Defend","bronze:Goto+1","bronze:Replicate+1","bronze:Iterate+1","bronze:Constructor+1","bronze:Philosophize+1","bronze:FollowUp+1","bronze:Separator+1","bronze:FineTuning+1","bronze:Invalidate+1","bronze:InfiniteLoop+1","bronze:Turbo+1","bronze:Constructor+1","bronze:Separator+1","bronze:Iterate+1","bronze:ChildClass+1","bronze:BuggyMess+1","bronze:GetLatest+1","bronze:TinkerersToolbox+1","bronze:LegacyCode+1","bronze:Format+1","bronze:Overload+1","bronze:Philosophize+1","bronze:Overload+1"],"relics":["bronze:BronzeCore","Potion Belt","Mercury Hourglass","Toxic Egg 2","Letter Opener","Runic Pyramid","Pear","downfall:HeartBlessingRed","Bag of Preparation","Blood Vial","sneckomod:SneckoTalon","StoneCalendar","Oddly Smooth Stone","bronze:CableSpool","Lantern"],"acts_visited":["Exordium","TheCity","TheBeyond"],"potions_floor_usage":[31,31,31,33,50],"damage_taken":[{"damage":0.0,"enemies":"2 Louse","floor":2.0,"turns":2.0},{"damage":0.0,"enemies":"Cultist","floor":3.0,"turns":2.0},{"damage":0.0,"enemies":"Jaw Worm","floor":4.0,"turns":2.0},{"damage":17.0,"enemies":"Gremlin Nob","floor":5.0,"turns":4.0},{"damage":10.0,"enemies":"Lagavulin","floor":8.0,"turns":4.0},{"damage":3.0,"enemies":"Exordium Wildlife","floor":9.0,"turns":3.0},{"damage":0.0,"enemies":"downfall:FleeingMerchant","floor":11.0,"turns":4.0},{"damage":8.0,"enemies":"Exordium Thugs","floor":13.0,"turns":4.0},{"damage":0.0,"enemies":"downfall:FleeingMerchant","floor":14.0,"turns":4.0},{"damage":0.0,"enemies":"3 Louse","floor":15.0,"turns":2.0},{"damage":25.0,"enemies":"downfall:Ironclad","floor":16.0,"turns":5.0},{"damage":0.0,"enemies":"downfall:FleeingMerchant","floor":19.0,"turns":4.0},{"damage":0.0,"enemies":"Gremlin Leader","floor":20.0,"turns":5.0},{"damage":0.0,"enemies":"Chosen","floor":23.0,"turns":3.0},{"damage":0.0,"enemies":"Book of Stabbing","floor":26.0,"turns":3.0},{"damage":0.0,"enemies":"Spheric Guardian","floor":28.0,"turns":2.0},{"damage":0.0,"enemies":"Centurion and Healer","floor":29.0,"turns":3.0},{"damage":0.0,"enemies":"Shelled Parasite and Fungi","floor":30.0,"turns":2.0},{"damage":6,"enemies":"Snecko","floor":31,"turns":4},{"damage":0,"enemies":"Cultist and Chosen","floor":32,"turns":3},{"damage":14,"enemies":"downfall:Defect","floor":33,"turns":6},{"damage":0,"enemies":"3 Shapes","floor":37,"turns":3},{"damage":8,"enemies":"downfall:FleeingMerchant","floor":42,"turns":3},{"damage":8,"enemies":"Giant Head","floor":44,"turns":5},{"damage":0,"enemies":"Orb Walker","floor":45,"turns":2},{"damage":0,"enemies":"Maw","floor":47,"turns":3},{"damage":0,"enemies":"Jaw Worm Horde","floor":49,"turns":2},{"damage":9,"enemies":"downfall:Silent","floor":50,"turns":5}],"seed_played":"-6967280882921702236","potions_obtained":[{"floor":3.0,"key":"ColorlessPotion"},{"floor":4.0,"key":"Explosive Potion"},{"floor":9.0,"key":"champ:CounterPotion"},{"floor":15.0,"key":"AttackPotion"},{"floor":16.0,"key":"Guardian:BlockOnCardUsePotion"},{"floor":23.0,"key":"Energy Potion"},{"floor":26.0,"key":"Strength Potion"},{"floor":32,"key":"FearPotion"},{"floor":43,"key":"LiquidMemories"},{"floor":43,"key":"SpeedPotion"},{"floor":43,"key":"SneckoOil"},{"floor":44,"key":"bronze:FreeFunctionsPotion"}],"is_trial":false,"path_per_floor":["R","M","M","M","E","?","T","E","M","R","$","?","M","$","M","B",null,"R","$","E","?","R","M","T","R","E","R","M","M","M","M","M","B",null,"R","?","M","R","?","R","T","$","?","E","M","$","M","$","M","B",null],"character_chosen":"THE_AUTOMATON","items_purchased":["Toxic Egg 2","bronze:Invalidate+1","bronze:Overload+1","bronze:CableSpool","Lantern"],"campfire_rested":0,"item_purchase_floors":[11,14,42,46,46],"current_hp_per_floor":[49,49,49,49,32,70,70,60,57,57,57,50,42,42,42,17,70,70,70,80,80,80,80,80,80,80,80,80,80,80,74,76,64,80,80,80,80,80,80,80,80,72,72,66,68,68,70,70,72,65],"gold":84,"neow_bonus":"REMOVE_TWO","is_daily":false,"chose_seed":false,"campfire_upgraded":8,"win_rate":0.0,"timestamp":1609198674,"path_taken":["R","M","M","M","E","?","T","E","?","R","$","?","M","?","M","BOSS","R","$","E","?","R","M","T","R","E","R","M","M","?","M","M","BOSS","R","?","?","R","?","R","T","$","?","E","?","$","M","$","M","BOSS"],"items_purchased_type":["Relic","Card","Card","Relic","Relic"],"build_version":"2020-12-22","purchased_purges":2,"victory":true,"max_hp_per_floor":[70,70,70,70,70,70,70,70,70,70,70,70,70,70,70,70,70,70,70,80,80,80,80,80,80,80,80,80,80,80,80,80,80,80,80,80,80,80,80,80,80,80,80,80,80,80,80,80,80,80],"relic_stats":{"Blood Vial":14,"counters":[28,94],"StoneCalendar":[0],"Bag of Preparation":[28],"Letter Opener":[216],"obtain_stats":[{"Potion Belt":7,"Lantern":46,"bronze:BronzeCore":0,"Pear":20,"downfall:HeartBlessingRed":22,"Oddly Smooth Stone":44,"StoneCalendar":41,"Bag of Preparation":24,"Letter Opener":12,"MawBank":5,"sneckomod:SneckoTalon":34,"Mercury Hourglass":8,"bronze:CableSpool":46,"Blood Vial":26,"Toxic Egg 2":11,"Runic Pyramid":17},{"Potion Belt":4,"Lantern":25,"bronze:BronzeCore":0,"Pear":13,"downfall:HeartBlessingRed":13,"Oddly Smooth Stone":24,"StoneCalendar":22,"Bag of Preparation":14,"Letter Opener":7,"MawBank":4,"sneckomod:SneckoTalon":21,"Mercury Hourglass":5,"bronze:CableSpool":25,"Blood Vial":15,"Toxic Egg 2":7,"Runic Pyramid":11},{"Potion Belt":10,"Lantern":84,"bronze:BronzeCore":0,"Pear":45,"downfall:HeartBlessingRed":45,"Oddly Smooth Stone":82,"StoneCalendar":74,"Bag of Preparation":48,"Letter Opener":21,"MawBank":10,"sneckomod:SneckoTalon":71,"Mercury Hourglass":14,"bronze:CableSpool":84,"Blood Vial":51,"Toxic Egg 2":21,"Runic Pyramid":36}],"Mercury Hourglass":[258]},"card_choices":[{"not_picked":["bronze:Shell","bronze:ItsAFeature"],"picked":"bronze:Iterate","floor":2.0},{"not_picked":["bronze:Shell","bronze:ChildClass"],"picked":"bronze:Constructor","floor":3.0},{"not_picked":["bronze:Iterate","bronze:BugBarrage"],"picked":"bronze:FollowUp","floor":4.0},{"not_picked":["bronze:Allocate","bronze:ChildClass"],"picked":"bronze:Philosophize","floor":5.0},{"not_picked":["bronze:Overheat","bronze:BronzeArmor","bronze:Terminator"],"picked":"SKIP","floor":8.0},{"not_picked":["bronze:NullPointer","bronze:Deprecate"],"picked":"bronze:DarkDash","floor":9.0},{"not_picked":["bronze:Iterate","bronze:ShipIt"],"picked":"bronze:FollowUp","floor":11.0},{"not_picked":["bronze:SearingBeam","bronze:Shield+1"],"picked":"bronze:Separator+1","floor":13.0},{"not_picked":["bronze:FindAndReplace+1","bronze:Branch"],"picked":"bronze:FineTuning+1","floor":14.0},{"not_picked":["bronze:Branch","bronze:WildBeam"],"picked":"bronze:Repulsor","floor":15.0},{"not_picked":["bronze:ShipIt","bronze:Assembly+1"],"picked":"bronze:InfiniteLoop","floor":16.0},{"not_picked":["bronze:Flail","bronze:Allocate+1"],"picked":"bronze:Turbo+1","floor":19.0},{"not_picked":["bronze:WhirlingStrike","bronze:DigitalCarnage"],"picked":"bronze:Constructor+1","floor":20.0},{"not_picked":["bronze:WildBeam","bronze:BugBarrage"],"picked":"bronze:Iterate","floor":23.0},{"not_picked":["bronze:BugBarrage","bronze:Backtrace+1","bronze:Overheat+1"],"picked":"SKIP","floor":26.0},{"not_picked":["bronze:SearingBeam","bronze:BugBarrage","bronze:BitShift+1"],"picked":"SKIP","floor":28.0},{"not_picked":["bronze:LegacyCode+1","bronze:Branch+1"],"picked":"bronze:ChildClass+1","floor":29.0},{"not_picked":["bronze:BugBarrage","bronze:Frontload+1"],"picked":"bronze:BuggyMess+1","floor":30.0},{"not_picked":["bronze:Overheat","bronze:Refactor+1"],"picked":"bronze:GetLatest+1","floor":31},{"not_picked":["bronze:Iterate","bronze:Constructor+1"],"picked":"bronze:TinkerersToolbox+1","floor":32},{"not_picked":["bronze:InfiniteLoop","bronze:Mutator"],"picked":"bronze:LegacyCode+1","floor":33},{"not_picked":["bronze:BitShift+1","bronze:WildBeam+1","bronze:CutThrough"],"picked":"SKIP","floor":37},{"not_picked":["bronze:DarkDash+1","bronze:Safeguard+1","bronze:Return+1"],"picked":"SKIP","floor":42},{"not_picked":["bronze:BitShift+1","bronze:OilSpill","bronze:Fortify"],"picked":"SKIP","floor":44},{"not_picked":["bronze:Frontload+1","bronze:FineTuning+1"],"picked":"bronze:Philosophize+1","floor":45},{"not_picked":["bronze:OilSpill","bronze:BronzeOrb+1","bronze:WildBeam"],"picked":"SKIP","floor":47},{"not_picked":["bronze:DelayedSlice+1","bronze:Shell+1"],"picked":"bronze:Overload+1","floor":49}],"player_experience":548856,"relics_obtained":[{"floor":5.0,"key":"MawBank"},{"floor":7.0,"key":"Potion Belt"},{"floor":8.0,"key":"Mercury Hourglass"},{"floor":20.0,"key":"Pear"},{"floor":24.0,"key":"Bag of Preparation"},{"floor":26.0,"key":"Blood Vial"},{"floor":41,"key":"StoneCalendar"},{"floor":44,"key":"Oddly Smooth Stone"}],"event_choices":[{"cards_removed":["bronze:FollowUp"],"damage_healed":38.0,"max_hp_gain":0.0,"max_hp_loss":0.0,"gold_gain":0.0,"event_name":"Bonfire Elementals","player_choice":"Offered Uncommon","floor":6.0,"gold_loss":0.0,"damage_taken":0.0},{"damage_healed":0.0,"max_hp_gain":0.0,"max_hp_loss":0.0,"gold_gain":0.0,"event_name":"Scrap Ooze","player_choice":"Success","floor":12.0,"gold_loss":0.0,"damage_taken":7.0,"relics_obtained":["Letter Opener"]},{"damage_healed":0.0,"max_hp_gain":0.0,"max_hp_loss":0.0,"gold_gain":0.0,"event_name":"Duplicator","player_choice":"Copied","floor":21.0,"gold_loss":0.0,"damage_taken":0.0,"cards_obtained":["bronze:Separator"]},{"cards_removed":["bronze:Repulsor"],"damage_healed":0,"gold_gain":0,"player_choice":"Removed Power","damage_taken":0,"max_hp_gain":0,"max_hp_loss":0,"event_name":"Falling","floor":39,"gold_loss":0},{"damage_healed":0,"gold_gain":0,"player_choice":"Got Potions","damage_taken":0,"max_hp_gain":0,"max_hp_loss":0,"event_name":"Lab","floor":43,"gold_loss":0}],"is_beta":false,"boss_relics":[{"not_picked":["Empty Cage","SacredBark"],"picked":"Runic Pyramid"},{"not_picked":["Runic Dome","bronze:MakeshiftBattery"],"picked":"sneckomod:SneckoTalon"}],"items_purged_floors":[42,46],"is_endless":false,"potions_floor_spawned":[3,4,9,15,16,23,26,29,30,32,44,47],"ascension_level":0}}