{"host":"eemx8njkng76fu5x","time":1609152427,"event":{"mods":["2.2 Compatiblity","BaseMod","Downfall","Minty Spire (QoL Compilation)","Permanent Neow","StSLib","Unceasing Turn Reminder","Unknown Chances"],"gold_per_floor":[99,116,132,150,214,139,139,139,139,139],"floor_reached":8,"playtime":236,"items_purged":[],"score":60,"play_id":"7c9d90ce-b345-4a33-b42d-18a466b3813a","local_time":"20201228184707","is_ascension_mode":true,"campfire_choices":[{"floor":1,"key":"RECALL"},{"data":"Slimebound:CorrosiveSpit","floor":6,"key":"SMITH"}],"circlet_count":0,"master_deck":["Slimebound:Strike_Slimebound","Slimebound:Strike_Slimebound","Slimebound:Strike_Slimebound","Slimebound:Tackle","Slimebound:Defend_Slimebound","Slimebound:Defend_Slimebound","Slimebound:Defend_Slimebound","Slimebound:Defend_Slimebound","Slimebound:Split","Slimebound:CorrosiveSpit+1","Slimebound:RollThrough","Slimebound:GrowthPunch","Slimebound:HauntingLick"],"relics":["Slimebound:AbsorbEndCombat","Ginger","Omamori","downfall:HeartBlessingRed"],"acts_visited":["Exordium"],"potions_floor_usage":[5],"damage_taken":[{"damage":8,"enemies":"Cultist","floor":2,"turns":3},{"damage":5,"enemies":"2 Louse","floor":3,"turns":3},{"damage":13,"enemies":"Small Slimes","floor":4,"turns":4},{"damage":26,"enemies":"Gremlin Nob","floor":5,"turns":4},{"damage":36,"enemies":"Gremlin Nob","floor":8,"turns":3}],"seed_played":"-8090932552818673060","potions_obtained":[{"floor":2,"key":"Fire Potion"},{"floor":4,"key":"Regen Potion"}],"is_trial":false,"path_per_floor":["R","M","M","M","?","R","T","E"],"character_chosen":"SLIMEBOUND","items_purchased":[],"campfire_rested":0,"item_purchase_floors":[],"current_hp_per_floor":[54,50,53,48,30,30,30,0,0,0],"gold":139,"neow_bonus":"ONE_RARE_RELIC","is_daily":false,"chose_seed":false,"campfire_upgraded":1,"win_rate":0.0,"timestamp":1609152427,"path_taken":["R","M","M","M","?","R","T","E"],"items_purchased_type":[],"build_version":"2020-12-22","purchased_purges":0,"victory":false,"max_hp_per_floor":[54,54,54,54,54,54,54,54,54,54],"card_choices":[{"not_picked":["Slimebound:FlameTackle","Slimebound:DivideAndConquer"],"picked":"Slimebound:RollThrough","floor":2},{"not_picked":["Slimebound:Schlurp","Slimebound:AcidTongue"],"picked":"Slimebound:GrowthPunch","floor":3},{"not_picked":["Slimebound:SlimeSpikes","Slimebound:SplitAcid"],"picked":"Slimebound:HauntingLick","floor":4}],"player_experience":402929,"relics_obtained":[{"floor":5,"key":"Omamori"}],"event_choices":[],"is_beta":false,"boss_relics":[],"items_purged_floors":[],"is_endless":false,"potions_floor_spawned":[2,4],"killed_by":"Gremlin Nob","ascension_level":6}}