{"host":"zpql4quw4g2j1hsh","time":1609167615,"event":{"mods":["Act Like it!","BaseMod","Better-Laid Plans","Challenge The Spire","Decade(王小明)","Lobotomy","LobotomyExtend","Minty Spire (QoL Compilation)","Permanent Neow","Quick Restart","Relic Stats","Spicy Shops","StSLib","SuperFastMode","【遗物卡牌】REMEMod","篝火指南"],"gold_per_floor":[14,33,44,57,72,72,103,103,150,162,182,196,296,310,310,412,412,432,532,547,547,565,595,611,629,709,57,69,69,69,69,69,165,165,178,228,242,241,241,353,122,149,161,208,372,407,510,582,594,1],"floor_reached":51,"playtime":4964,"items_purged":["PrometheusPower+1","FormRideGaruru"],"score":992,"play_id":"de362d74-2290-410b-a1cc-ad00a3f48aa4","local_time":"20201228230015","is_ascension_mode":false,"campfire_choices":[{"data":"RideBooker","floor":6,"key":"SMITH"},{"data":"FormRide","floor":8,"key":"SMITH"},{"data":"RideBooker_Skill_3","floor":15,"key":"SMITH"},{"data":"KamenRideDecade","floor":29,"key":"SMITH"},{"data":"REME_WheelOfFate","floor":32,"key":"SMITH"},{"data":"KamenRide","floor":49,"key":"SMITH"}],"circlet_count":0,"master_deck":["Decade_Attack","Decade_Attack","Decade_Attack+1","KamenRide+1","Decade_SpecialSkill","Decade_Defend","Decade_Defend","Decade_Defend","Backstab+1","FormRide+1","Blade_Metal","RideBooker+1","RideBooker","RideBooker_Skill_3+1","DecadeViolentEmotion","RideBooker_Skill_1","REME_WheelOfFate+1","REME_HeartOfCthun","KamenRideDecade+1","REME_MawOfCthun"],"relics":["Decadriver","TOEIDeficitBill","REME_ComplimentaryCards","Ginger","LetterFromLob","REME_HourglassOfDeath","Juzu Bracelet","REME_LowDesire","Ancient Tea Set","Bronze Scales","Gaze_r","Gremlin Horn","Regal Pillow","Ornamental Fan","Toy Ornithopter","REME_OnlineShoppingPlatform","Potion Belt","Sling","Black Star","Blood Vial","FossilizedHelix","Lizard Tail","MawBank","Oddly Smooth Stone","Lantern","Bottled Lightning","REME_ArchaeologicalTools","Bag of Preparation","Bag of Marbles","Whetstone"],"acts_visited":["Exordium","TheCity","TheBeyond"],"potions_floor_usage":[16,16,20,21,37,37,38,46,46,48,48,48,50,50,50,50,50,50,50,50,50,50,50,50,50,50,50,50,50,50,50,50,50,50,50,50,50,50,50,50,50,50,50],"damage_taken":[{"damage":0,"enemies":"2 Louse","floor":1,"turns":2},{"damage":3,"enemies":"Cultist","floor":2,"turns":3},{"damage":11,"enemies":"Jaw Worm","floor":3,"turns":5},{"damage":0,"enemies":"Looter","floor":4,"turns":2},{"damage":6,"enemies":"3 Louse","floor":5,"turns":4},{"damage":13,"enemies":"3 Sentries","floor":7,"turns":4},{"damage":0,"enemies":"Exordium Thugs","floor":10,"turns":3},{"damage":0,"enemies":"Large Slime","floor":11,"turns":2},{"damage":0,"enemies":"Exordium Wildlife","floor":12,"turns":2},{"damage":0,"enemies":"Blue Slaver","floor":14,"turns":1},{"damage":32,"enemies":"The Guardian","floor":16,"turns":7},{"damage":10,"enemies":"Chosen","floor":18,"turns":2},{"damage":0,"enemies":"Shell Parasite","floor":20,"turns":3},{"damage":1,"enemies":"Chosen and Byrds","floor":21,"turns":2},{"damage":39,"enemies":"Chosen and Byrds","floor":22,"turns":3},{"damage":2,"enemies":"Book of Stabbing","floor":23,"turns":2},{"damage":0,"enemies":"Snecko","floor":24,"turns":2},{"damage":0,"enemies":"Snake Plant","floor":25,"turns":2},{"damage":5,"enemies":"Sentry and Sphere","floor":28,"turns":3},{"damage":32,"enemies":"Automaton","floor":33,"turns":5},{"damage":9,"enemies":"3 Shapes","floor":35,"turns":3},{"damage":0,"enemies":"Mind Bloom Boss Battle","floor":36,"turns":4},{"damage":0,"enemies":"2 Orb Walkers","floor":37,"turns":3},{"damage":0,"enemies":"3 Darklings","floor":38,"turns":3},{"damage":0,"enemies":"Reptomancer","floor":40,"turns":3},{"damage":0,"enemies":"4 Shapes","floor":42,"turns":2},{"damage":0,"enemies":"Nemesis","floor":44,"turns":1},{"damage":0,"enemies":"Jaw Worm Horde","floor":45,"turns":2},{"damage":18,"enemies":"Transient","floor":46,"turns":5},{"damage":6,"enemies":"Sphere and 2 Shapes","floor":47,"turns":2},{"damage":0,"enemies":"Reptomancer","floor":48,"turns":3},{"damage":35,"enemies":"Donu and Deca","floor":50,"turns":2}],"seed_played":"6355988428888620755","potions_obtained":[{"floor":3,"key":"EssenceOfSteel"},{"floor":7,"key":"SpeedPotion"},{"floor":11,"key":"SteroidPotion"},{"floor":12,"key":"BlessingOfTheForge"},{"floor":18,"key":"Dexterity Potion"},{"floor":20,"key":"PowerPotion"},{"floor":33,"key":"BlessingOfTheForge"},{"floor":35,"key":"GamblersBrew"}],"is_trial":false,"path_per_floor":["M","M","M","M","M","R","E","R","T","M","M","M","?","M","R","B",null,"M","?","M","M","M","E","M","M","T","R","M","R","?","?","R","B",null,"M","?","?","M","?","E","R","M","T","E","M","M","M","E","R","B",null],"character_chosen":"Decade","items_purchased":["Toy Ornithopter","KamenRideDecade","REME_OnlineShoppingPlatform","Potion Belt","Sling","Lantern"],"campfire_rested":0,"item_purchase_floors":[27,27,27,27,27,41],"current_hp_per_floor":[70,68,57,57,51,51,38,38,38,43,46,49,49,49,49,47,70,60,60,60,69,31,32,32,37,37,37,41,41,41,41,41,36,70,66,70,70,70,70,70,70,70,70,70,70,67,63,70,70,75],"gold":13,"neow_bonus":"ONE_RARE_RELIC","is_daily":false,"chose_seed":false,"campfire_upgraded":6,"win_rate":0.0,"timestamp":1609167615,"path_taken":["M","M","M","M","M","R","E","R","T","M","M","M","?","M","R","BOSS","M","?","M","M","M","E","M","M","T","R","M","R","?","?","R","BOSS","M","?","?","M","?","E","R","M","T","E","M","M","M","E","R","BOSS"],"items_purchased_type":["Relic","Card","Relic","Relic","Relic","Card"],"build_version":"2020-12-22","purchased_purges":2,"victory":true,"max_hp_per_floor":[70,70,70,70,70,70,70,70,70,70,70,70,70,70,70,70,70,70,70,70,70,70,70,70,70,70,70,70,70,70,70,70,70,70,70,70,70,70,70,70,70,70,70,70,70,70,70,70,70,75],"relic_stats":{"Regal Pillow":0,"Gremlin Horn":[26,26],"counters":[32,90],"Juzu Bracelet":3,"Bag of Preparation":[10],"Ginger":[7],"Whetstone":["Backstab","Decade_Attack"],"MawBank":132,"Blood Vial":4,"Lizard Tail":0,"Ornamental Fan":[200],"Bronze Scales":[100],"Black Star":3,"obtain_stats":[{"Regal Pillow":25,"Lantern":41,"Gremlin Horn":23,"Decadriver":0,"Juzu Bracelet":9,"Bag of Preparation":44,"Ginger":0,"Whetstone":48,"Ancient Tea Set":17,"Sling":27,"Blood Vial":36,"Lizard Tail":37,"REME_ArchaeologicalTools":44,"REME_LowDesire":17,"REME_OnlineShoppingPlatform":27,"Potion Belt":27,"Oddly Smooth Stone":40,"TOEIDeficitBill":0,"MawBank":40,"Gaze_r":21,"REME_HourglassOfDeath":7,"Ornamental Fan":26,"Bronze Scales":17,"LetterFromLob":1,"Black Star":34,"Bag of Marbles":48,"Bottled Lightning":43,"Toy Ornithopter":27,"FossilizedHelix":36,"REME_ComplimentaryCards":0},{"Regal Pillow":18,"Lantern":25,"Gremlin Horn":16,"Decadriver":0,"Juzu Bracelet":6,"Bag of Preparation":27,"Ginger":0,"Whetstone":31,"Ancient Tea Set":11,"Sling":18,"Blood Vial":22,"Lizard Tail":23,"REME_ArchaeologicalTools":27,"REME_LowDesire":11,"REME_OnlineShoppingPlatform":18,"Potion Belt":18,"Oddly Smooth Stone":25,"TOEIDeficitBill":0,"MawBank":25,"Gaze_r":14,"REME_HourglassOfDeath":6,"Ornamental Fan":18,"Bronze Scales":11,"LetterFromLob":1,"Black Star":20,"Bag of Marbles":31,"Bottled Lightning":26,"Toy Ornithopter":18,"FossilizedHelix":22,"REME_ComplimentaryCards":0},{"Regal Pillow":50,"Lantern":73,"Gremlin Horn":46,"Decadriver":0,"Juzu Bracelet":20,"Bag of Preparation":76,"Ginger":0,"Whetstone":88,"Ancient Tea Set":34,"Sling":50,"Blood Vial":62,"Lizard Tail":68,"REME_ArchaeologicalTools":76,"REME_LowDesire":34,"REME_OnlineShoppingPlatform":50,"Potion Belt":50,"Oddly Smooth Stone":73,"TOEIDeficitBill":0,"MawBank":73,"Gaze_r":41,"REME_HourglassOfDeath":20,"Ornamental Fan":50,"Bronze Scales":34,"LetterFromLob":2,"Black Star":58,"Bag of Marbles":88,"Bottled Lightning":75,"Toy Ornithopter":50,"FossilizedHelix":65,"REME_ComplimentaryCards":0}],"Toy Ornithopter":50},"card_choices":[{"not_picked":["DragClaw","KamenRideRyuki"],"picked":"FormRideGaruru","floor":1},{"not_picked":["DenO_Ax","UnarmedAttack3"],"picked":"FormRide","floor":1},{"not_picked":["FormRideTitan","UnarmedAttack3"],"picked":"Blade_Metal","floor":3},{"not_picked":["RideBooker_Skill_1","UnarmedAttack8"],"picked":"RideBooker","floor":5},{"not_picked":["AutoVajin","DenO_Rod"],"picked":"RideBooker","floor":11},{"not_picked":["PrometheusPower","Blade_Metal"],"picked":"RideBooker_Skill_3","floor":12},{"not_picked":["FormRideAxel","Kuuga_Rising"],"picked":"DecadeViolentEmotion","floor":16},{"not_picked":["DragClaw","FormRideTitan","Enlightenment"],"picked":"RideBooker_Skill_1","floor":22},{"not_picked":["KamenRideKiva","KamenRideDenO+1","DenO_Sword"],"picked":"REME_WheelOfFate","floor":22},{"not_picked":["Dragreder","KamenRideAgito","DragClaw"],"picked":"REME_HeartOfCthun","floor":23},{"not_picked":["UnarmedAttack3","FormRideStorm","Panache"],"picked":"PrometheusPower+1","floor":25},{"not_picked":["KamenRideKabuto+1","FormRideAxel","KamenRideKiva"],"picked":"REME_MawOfCthun","floor":38}],"player_experience":1271,"relics_obtained":[{"floor":1,"key":"LetterFromLob"},{"floor":7,"key":"REME_HourglassOfDeath"},{"floor":9,"key":"Juzu Bracelet"},{"floor":17,"key":"Ancient Tea Set"},{"floor":17,"key":"Bronze Scales"},{"floor":23,"key":"Gremlin Horn"},{"floor":26,"key":"Ornamental Fan"},{"floor":36,"key":"FossilizedHelix"},{"floor":37,"key":"Lizard Tail"},{"floor":40,"key":"MawBank"},{"floor":40,"key":"Oddly Smooth Stone"},{"floor":43,"key":"Bottled Lightning"},{"floor":44,"key":"REME_ArchaeologicalTools"},{"floor":44,"key":"Bag of Preparation"},{"floor":48,"key":"Bag of Marbles"},{"floor":48,"key":"Whetstone"}],"event_choices":[{"damage_healed":0,"gold_gain":100,"player_choice":"Pray","damage_taken":0,"max_hp_gain":0,"max_hp_loss":0,"event_name":"Golden Shrine","floor":13,"gold_loss":0},{"damage_healed":0,"gold_gain":100,"player_choice":"Pray","damage_taken":0,"max_hp_gain":0,"max_hp_loss":0,"event_name":"Golden Shrine","floor":19,"gold_loss":0},{"damage_healed":0,"gold_gain":0,"player_choice":"Bought 0 Potions","damage_taken":0,"max_hp_gain":0,"max_hp_loss":0,"event_name":"The Woman in Blue","floor":30,"gold_loss":0},{"cards_removed":["Decade_Defend"],"damage_healed":0,"gold_gain":0,"player_choice":"Offered Basic","damage_taken":0,"max_hp_gain":0,"max_hp_loss":0,"event_name":"Bonfire Elementals","floor":31,"gold_loss":0},{"damage_healed":0,"gold_gain":0,"player_choice":"Fight","damage_taken":0,"max_hp_gain":0,"max_hp_loss":0,"event_name":"MindBloom","floor":36,"gold_loss":0},{"damage_healed":0,"gold_gain":0,"player_choice":"Fight","damage_taken":0,"max_hp_gain":0,"max_hp_loss":0,"event_name":"Mysterious Sphere","floor":37,"gold_loss":0}],"is_beta":false,"boss_relics":[{"not_picked":["Runic Dome","Calling Bell"],"picked":"REME_LowDesire"},{"not_picked":["Busted Crown","Velvet Choker"],"picked":"Black Star"}],"items_purged_floors":[27,41],"is_endless":false,"potions_floor_spawned":[3,7,11,12,14,18,20,21,33,35,38,42,44],"ascension_level":0}}