{"host":"4tnjxquzd1sn7hrw","time":1609141681,"event":{"mods":["BaseMod","Colored Map","Downfall","Hubris","Minty Spire (QoL Compilation)","Quick Restart","StSLib"],"gold_per_floor":[99,110,120,137,237,247,270,285,309,328,338,338,365,465,475,475,475,475],"floor_reached":16,"playtime":657,"items_purged":[],"score":110,"play_id":"02f81029-6f1f-4fd1-afcf-7766a142f12f","local_time":"20201228164801","is_ascension_mode":true,"campfire_choices":[{"data":"champ:Taunt","floor":1,"key":"SMITH"}],"circlet_count":0,"master_deck":["champ:Strike","champ:Strike","champ:Strike","champ:Strike","champ:Defend","champ:Defend","champ:Defend","champ:Defend","champ:Execute","champ:Taunt+1","champ:BerserkersShout","champ:EnragedBash","champ:LastStand","champ:Encircle","champ:BringItOn","champ:HeartStrike"],"relics":["hubris:VirtuousBlindfold","Potion Belt","Strawberry","Happy Flower","CeramicFish"],"acts_visited":["Exordium"],"potions_floor_usage":[6,11,15,15],"damage_taken":[{"damage":5,"enemies":"2 Louse","floor":2,"turns":2},{"damage":14,"enemies":"Cultist","floor":3,"turns":4},{"damage":13,"enemies":"Jaw Worm","floor":4,"turns":3},{"damage":117,"enemies":"downfall:LadyInBlue","floor":5,"turns":12},{"damage":12,"enemies":"Blue Slaver","floor":6,"turns":3},{"damage":12,"enemies":"Large Slime","floor":8,"turns":3},{"damage":16,"enemies":"Red Slaver","floor":10,"turns":4},{"damage":7,"enemies":"Exordium Wildlife","floor":11,"turns":3},{"damage":3,"enemies":"Blue Slaver","floor":15,"turns":2},{"damage":0,"enemies":"downfall:Watcher","floor":16,"turns":1}],"seed_played":"-6484919888234624186","potions_obtained":[{"floor":5,"key":"ColorlessPotion"},{"floor":5,"key":"champ:TechniquePotion"},{"floor":5,"key":"Weak Potion"},{"floor":6,"key":"Dexterity Potion"},{"floor":8,"key":"Fire Potion"},{"floor":11,"key":"SmokeBomb"}],"is_trial":false,"path_per_floor":["R","M","M","M","?","M","T","M","T","M","M","?","T","?","M","B"],"character_chosen":"THE_CHAMP","items_purchased":[],"campfire_rested":0,"item_purchase_floors":[],"current_hp_per_floor":[90,90,89,87,17,13,20,20,20,11,11,4,4,4,4,4,4,4],"gold":475,"neow_bonus":"BOSS_RELIC","is_daily":false,"chose_seed":false,"campfire_upgraded":1,"win_rate":0.0,"timestamp":1609141681,"path_taken":["R","M","M","M","?","?","T","M","?","M","M","?","?","?","M","BOSS"],"items_purchased_type":[],"build_version":"2020-12-22","purchased_purges":0,"victory":false,"max_hp_per_floor":[90,90,90,90,90,90,97,97,97,97,97,97,97,97,97,97,97,97],"card_choices":[{"not_picked":["champ:GladiatorsShout","champ:FanOfKnives"],"picked":"champ:BerserkersShout","floor":2},{"not_picked":["champ:SkillfulDodge","champ:ShieldWall"],"picked":"champ:EnragedBash","floor":3},{"not_picked":["champ:Circumvent","champ:PerfectedStrike"],"picked":"champ:LastStand","floor":4},{"not_picked":["champ:CrookedStrike","champ:ShieldWall"],"picked":"champ:Encircle","floor":6},{"not_picked":["champ:PerfectedStrike","champ:ViciousMockery"],"picked":"champ:BringItOn","floor":8},{"not_picked":["champ:GladiatorStyle","champ:SkillfulDodge"],"picked":"champ:HeartStrike","floor":10},{"not_picked":["champ:Circumvent","champ:Control","champ:CrookedStrike"],"picked":"SKIP","floor":11},{"not_picked":["champ:TornadoPunch","champ:CrookedStrike","champ:StanceDance"],"picked":"SKIP","floor":15}],"player_experience":510595,"relics_obtained":[{"floor":5,"key":"Potion Belt"},{"floor":7,"key":"Strawberry"},{"floor":9,"key":"Happy Flower"},{"floor":13,"key":"CeramicFish"}],"event_choices":[{"damage_healed":0,"gold_gain":0,"player_choice":"Fled","damage_taken":7,"max_hp_gain":0,"max_hp_loss":0,"event_name":"Scrap Ooze","floor":12,"gold_loss":0}],"is_beta":false,"boss_relics":[],"items_purged_floors":[],"is_endless":false,"potions_floor_spawned":[6,8,11],"killed_by":"downfall:Watcher","ascension_level":3}}