{"host":"avjwtc49fhlk6kym","time":1609120771,"event":{"mods":["AchievementEnabler","BaseMod","Better Match","Better Note","Better Third Choice","Colored Map","Colored Powertips","Displayed Cursed Tome","Highlight Path","Minty Spire (QoL Compilation)","Permanent Neow","Quick Restart","StSLib"],"gold_per_floor":[117,134,148,166,186,186,220,220,220,220,220,251,268,295,295,399,399,416,433,32,32,52,52,52,80,80,80,80],"floor_reached":27,"playtime":1099,"items_purged":[],"score":306,"play_id":"0d11afbb-ab19-40a0-a145-f4a866c417d1","local_time":"20201227205931","is_ascension_mode":true,"campfire_choices":[{"data":"Apotheosis","floor":6.0,"key":"SMITH"},{"floor":8.0,"key":"REST"},{"data":"Eruption","floor":10.0,"key":"SMITH"},{"floor":15.0,"key":"REST"},{"floor":23,"key":"REST"}],"circlet_count":0,"master_deck":["Strike_P","Strike_P","Strike_P","Strike_P","Defend_P+1","Defend_P","Defend_P","Defend_P+1","Eruption+1","Vigilance","Apotheosis+1","Sanctity","Wireheading","Consecrate","WindmillStrike","FlurryOfBlows","PathToVictory","BattleHymn","ClearTheMind","ReachHeaven","SandsOfTime+1","FollowUp","Wallop"],"relics":["PureWater","Ornamental Fan","War Paint","Nunchaku","Letter Opener","Busted Crown","Bottled Tornado","Bronze Scales","Juzu Bracelet","MealTicket"],"acts_visited":["Exordium","TheCity"],"potions_floor_usage":[],"damage_taken":[{"damage":0.0,"enemies":"2 Louse","floor":1.0,"turns":2.0},{"damage":0.0,"enemies":"Cultist","floor":2.0,"turns":5.0},{"damage":6.0,"enemies":"Small Slimes","floor":3.0,"turns":4.0},{"damage":1.0,"enemies":"Looter","floor":4.0,"turns":3.0},{"damage":19.0,"enemies":"3 Louse","floor":5.0,"turns":4.0},{"damage":3.0,"enemies":"Lagavulin","floor":7.0,"turns":6.0},{"damage":0.0,"enemies":"Gremlin Nob","floor":12.0,"turns":2.0},{"damage":0.0,"enemies":"Lots of Slimes","floor":13.0,"turns":1.0},{"damage":23.0,"enemies":"3 Sentries","floor":14.0,"turns":7.0},{"damage":14.0,"enemies":"Hexaghost","floor":16.0,"turns":8.0},{"damage":18.0,"enemies":"2 Thieves","floor":18.0,"turns":3.0},{"damage":6.0,"enemies":"Shell Parasite","floor":19.0,"turns":4.0},{"damage":21,"enemies":"Centurion and Healer","floor":22,"turns":4},{"damage":35,"enemies":"Slavers","floor":25,"turns":6}],"seed_played":"-2535419818277581616","potions_obtained":[{"floor":1.0,"key":"ColorlessPotion"},{"floor":5.0,"key":"Explosive Potion"},{"floor":7.0,"key":"Fire Potion"},{"floor":13.0,"key":"ColorlessPotion"},{"floor":14.0,"key":"GamblersBrew"},{"floor":18.0,"key":"Weak Potion"},{"floor":25,"key":"DuplicationPotion"}],"is_trial":false,"path_per_floor":["M","M","M","M","M","R","E","R","T","R","?","E","M","E","R","B",null,"M","M","$","?","M","R","?","E","T","?"],"character_chosen":"WATCHER","items_purchased":["Bottled Tornado","Bronze Scales"],"campfire_rested":3,"item_purchase_floors":[20,20],"current_hp_per_floor":[72,72,66,65,46,46,43,64,64,64,57,57,57,34,55,41,72,54,48,48,48,27,48,48,13,13,0,0],"gold":80,"neow_bonus":"RANDOM_COLORLESS_2","is_daily":false,"chose_seed":false,"campfire_upgraded":2,"win_rate":0.0,"timestamp":1609120771,"path_taken":["M","M","M","M","M","R","E","R","T","R","?","E","M","E","R","BOSS","M","M","$","?","?","R","?","E","T","?"],"items_purchased_type":["Relic","Relic"],"build_version":"2020-12-22","purchased_purges":0,"victory":false,"max_hp_per_floor":[72,72,72,72,72,72,72,72,72,72,72,72,72,72,72,72,72,72,72,72,72,72,72,72,72,72,77,77],"card_choices":[{"not_picked":["Violence","Secret Weapon"],"picked":"Apotheosis","floor":0.0},{"not_picked":["CutThroughFate","Perseverance"],"picked":"Sanctity","floor":1.0},{"not_picked":["EmptyFist","WreathOfFlame"],"picked":"Wireheading","floor":2.0},{"not_picked":["EmptyFist","SashWhip"],"picked":"Consecrate","floor":3.0},{"not_picked":["WreathOfFlame","EmptyBody"],"picked":"WindmillStrike","floor":4.0},{"not_picked":["WheelKick","ThirdEye"],"picked":"FlurryOfBlows","floor":5.0},{"not_picked":["Vault","SashWhip"],"picked":"PathToVictory","floor":7.0},{"not_picked":["Prostrate","DeceiveReality"],"picked":"BattleHymn","floor":12.0},{"not_picked":["Consecrate","Adaptation"],"picked":"ClearTheMind","floor":13.0},{"not_picked":["LessonLearned","Wallop"],"picked":"ReachHeaven","floor":14.0},{"not_picked":[],"picked":"SandsOfTime+1","floor":18.0},{"not_picked":["EmptyBody"],"picked":"SKIP","floor":19.0},{"not_picked":[],"picked":"FollowUp","floor":22},{"not_picked":[],"picked":"Wallop","floor":25}],"player_experience":373744,"relics_obtained":[{"floor":7.0,"key":"Ornamental Fan"},{"floor":9.0,"key":"War Paint"},{"floor":12.0,"key":"Nunchaku"},{"floor":14.0,"key":"Letter Opener"},{"floor":25,"key":"MealTicket"}],"event_choices":[{"cards_removed":["Decay"],"damage_healed":0.0,"max_hp_gain":0.0,"max_hp_loss":0.0,"gold_gain":0.0,"event_name":"Golden Wing","player_choice":"Card Removal","floor":11.0,"gold_loss":0.0,"damage_taken":7.0},{"damage_healed":0,"gold_gain":0,"player_choice":"Ignored","damage_taken":0,"max_hp_gain":0,"max_hp_loss":0,"event_name":"WeMeetAgain","floor":21,"gold_loss":0},{"damage_healed":0,"gold_gain":0,"player_choice":"Opened","damage_taken":0,"relics_obtained":["Juzu Bracelet"],"max_hp_gain":0,"max_hp_loss":0,"event_name":"The Mausoleum","floor":24,"gold_loss":0}],"is_beta":false,"boss_relics":[{"not_picked":["Velvet Choker","Philosopher\u0027s Stone"],"picked":"Busted Crown"}],"items_purged_floors":[],"is_endless":false,"potions_floor_spawned":[1,5,7,13,14,18,25],"ascension_level":2}}