{"host":"dhyczjm99amxd3qx","time":1609122481,"event":{"mods":["BaseMod","Colored Map","Googly Eyes","Highlight Path","Minty Spire (QoL Compilation)","Quick Restart","StSLib"],"gold_per_floor":[217,227,240,240,256,256,274,318,345,365,365,365],"floor_reached":11,"playtime":782,"items_purged":[],"score":77,"play_id":"f7991315-fcb8-4e4f-a22f-790d6193d5dd","local_time":"20201227212801","is_ascension_mode":false,"campfire_choices":[{"data":"Neutralize","floor":6,"key":"SMITH"}],"circlet_count":0,"master_deck":["Strike_G","Strike_G","Strike_G","Strike_G","Strike_G","Defend_G","Defend_G","Defend_G","Defend_G","Defend_G","Survivor","Neutralize+1","Deflect","Deflect","Tactician","Injury","Eviscerate","Phantasmal Killer","Blade Dance"],"relics":["Ring of the Snake","Golden Idol","Incense Burner","Vajra"],"acts_visited":["Exordium"],"potions_floor_usage":[5,5,10],"damage_taken":[{"damage":0.0,"enemies":"2 Louse","floor":1.0,"turns":3.0},{"damage":0.0,"enemies":"Small Slimes","floor":2.0,"turns":5.0},{"damage":0.0,"enemies":"Jaw Worm","floor":3.0,"turns":4.0},{"damage":2,"enemies":"Looter","floor":5,"turns":4},{"damage":13,"enemies":"Gremlin Gang","floor":7,"turns":10},{"damage":37,"enemies":"Gremlin Nob","floor":8,"turns":6},{"damage":0,"enemies":"Blue Slaver","floor":10,"turns":3},{"damage":20,"enemies":"Lagavulin","floor":11,"turns":5}],"seed_played":"-4701885731784297985","potions_obtained":[{"floor":1.0,"key":"EntropicBrew"},{"floor":8,"key":"DistilledChaos"}],"is_trial":false,"path_per_floor":["M","M","M","?","M","R","M","E","T","M","E"],"character_chosen":"THE_SILENT","items_purchased":[],"campfire_rested":0,"item_purchase_floors":[],"current_hp_per_floor":[70,70,70,70,68,68,55,18,18,18,0,0],"gold":365,"neow_bonus":"HUNDRED_GOLD","is_daily":false,"chose_seed":false,"campfire_upgraded":1,"win_rate":0.0,"timestamp":1609122481,"path_taken":["M","M","M","?","M","R","M","E","T","M","E"],"items_purchased_type":[],"build_version":"2020-12-22","purchased_purges":0,"victory":false,"max_hp_per_floor":[70,70,70,70,70,70,70,70,70,70,70,70],"card_choices":[{"not_picked":["Predator","Choke"],"picked":"Deflect","floor":1.0},{"not_picked":["Quick Slash","Bane"],"picked":"Deflect","floor":2.0},{"not_picked":["Sucker Punch","Bane"],"picked":"Tactician","floor":3.0},{"not_picked":["Deadly Poison","Blade Dance","Outmaneuver"],"picked":"SKIP","floor":5},{"not_picked":["Acrobatics","Footwork"],"picked":"Eviscerate","floor":7},{"not_picked":["Deadly Poison","Underhanded Strike"],"picked":"Phantasmal Killer","floor":8},{"not_picked":["Poisoned Stab","Deadly Poison"],"picked":"Blade Dance","floor":10}],"player_experience":118636,"relics_obtained":[{"floor":8,"key":"Incense Burner"},{"floor":9,"key":"Vajra"}],"event_choices":[{"damage_healed":0.0,"max_hp_gain":0.0,"max_hp_loss":0.0,"gold_gain":0.0,"event_name":"Golden Idol","player_choice":"Take Wound","floor":4.0,"gold_loss":0.0,"damage_taken":0.0,"relics_obtained":["Golden Idol"],"cards_obtained":["Injury"]}],"is_beta":false,"boss_relics":[],"items_purged_floors":[],"is_endless":false,"potions_floor_spawned":[1,8],"killed_by":"Lagavulin","ascension_level":0}}