{"host":"f14d6hm2349s9jse","time":1609171473,"event":{"mods":["2.2 Compatiblity","BaseMod","Minty Spire (QoL Compilation)","StSLib","The Hierophant"],"gold_per_floor":[112,127,127,127,302,302,341,341,367,367,8,8,44,44,44,24,24],"floor_reached":16,"playtime":965,"items_purged":[],"score":129,"play_id":"1d0a70fa-5484-446e-a9d2-5211ac17f850","local_time":"20201228110433","is_ascension_mode":false,"campfire_choices":[{"data":"hierophant:Endure","floor":6,"key":"SMITH"},{"data":"hierophant:Punish","floor":8,"key":"SMITH"},{"floor":15,"key":"REST"}],"circlet_count":0,"master_deck":["hierophant:Strike_Hierophant","hierophant:Strike_Hierophant","hierophant:Strike_Hierophant","hierophant:Strike_Hierophant","hierophant:Punish+1","hierophant:Defend_Hierophant","hierophant:Defend_Hierophant","hierophant:Defend_Hierophant","hierophant:ChurchCoffers","hierophant:Endure+1","hierophant:Blessing","hierophant:Anathema","Doubt","hierophant:Invocation","hierophant:Community","hierophant:OrnateJavelin","hierophant:Embezzle"],"relics":["hierophant:PropheticMaskRelic","NeowsBlessing","Golden Idol","Vajra","Centennial Puzzle","Mummified Hand","Art of War","Mercury Hourglass"],"acts_visited":["Exordium"],"potions_floor_usage":[13,13],"damage_taken":[{"damage":0,"enemies":"2 Louse","floor":1,"turns":1},{"damage":0,"enemies":"Small Slimes","floor":2,"turns":1},{"damage":0,"enemies":"Lagavulin","floor":7,"turns":1},{"damage":39,"enemies":"Gremlin Nob","floor":13,"turns":7},{"damage":58,"enemies":"The Guardian","floor":16,"turns":11}],"seed_played":"7344659425727113847","potions_obtained":[{"floor":1,"key":"Fruit Juice"},{"floor":2,"key":"Block Potion"},{"floor":13,"key":"GamblersBrew"}],"is_trial":false,"path_per_floor":["M","M","?","?","?","R","E","R","T","T","$","?","E","$","R","B"],"character_chosen":"HIEROPHANT","items_purchased":["hierophant:Community","Mummified Hand","hierophant:OrnateJavelin"],"campfire_rested":1,"item_purchase_floors":[11,11,11],"current_hp_per_floor":[75,75,57,57,57,57,57,57,57,57,57,50,23,23,47,0,0],"gold":24,"neow_bonus":"THREE_ENEMY_KILL","is_daily":false,"chose_seed":false,"campfire_upgraded":2,"win_rate":0.0,"timestamp":1609171473,"path_taken":["M","M","?","?","?","R","E","R","T","?","$","?","E","?","R","BOSS"],"items_purchased_type":["Card","Relic","Card"],"build_version":"2020-12-22","purchased_purges":0,"victory":false,"max_hp_per_floor":[75,75,75,75,75,75,75,75,75,75,75,75,80,80,80,80,80],"card_choices":[{"not_picked":["hierophant:Zeal","hierophant:DisplayOfPower"],"picked":"hierophant:Endure","floor":1},{"not_picked":["hierophant:CoinFling","hierophant:Purify"],"picked":"hierophant:Blessing","floor":2},{"not_picked":["hierophant:DisplayOfPower","hierophant:HolyVerse"],"picked":"hierophant:Invocation","floor":7},{"not_picked":["hierophant:DisplayOfPower","hierophant:Smite"],"picked":"hierophant:Embezzle","floor":13}],"player_experience":2463875,"relics_obtained":[{"floor":7,"key":"Vajra"},{"floor":10,"key":"Centennial Puzzle"},{"floor":13,"key":"Mercury Hourglass"}],"event_choices":[{"damage_healed":0,"gold_gain":0,"player_choice":"Take Damage","damage_taken":18,"relics_obtained":["Golden Idol"],"max_hp_gain":0,"max_hp_loss":0,"event_name":"Golden Idol","floor":3,"gold_loss":0},{"damage_healed":0,"gold_gain":0,"cards_transformed":["hierophant:Defend_Hierophant"],"player_choice":"Change","damage_taken":0,"max_hp_gain":0,"max_hp_loss":0,"event_name":"Living Wall","floor":4,"gold_loss":0,"cards_obtained":["hierophant:Anathema"]},{"damage_healed":0,"gold_gain":175,"player_choice":"AGREE","damage_taken":0,"max_hp_gain":0,"max_hp_loss":0,"event_name":"Liars Game","floor":5,"gold_loss":0,"cards_obtained":["Doubt"]},{"damage_healed":0,"gold_gain":0,"player_choice":"Success","damage_taken":7,"relics_obtained":["Art of War"],"max_hp_gain":0,"max_hp_loss":0,"event_name":"Scrap Ooze","floor":12,"gold_loss":0}],"is_beta":false,"boss_relics":[],"items_purged_floors":[],"is_endless":false,"potions_floor_spawned":[1,2,13],"killed_by":"The Guardian","ascension_level":0}}