{"host":"k0kjm4m87pwj4phr","time":1609149020,"event":{"mods":["Arknights The Spire","BaseMod","Colored Map","Colored Powertips","Minty Spire (QoL Compilation)","Permanent Neow","Quick Restart","Relic Stats","StSLib"],"gold_per_floor":[115,99487,99501,99516,99526,99553,99553,99531,99531,99551,99561,98858,98872,98872,98872,98969,98969,98981,98993,99021,98936,98936,98936,98207,98227,98227,98260,97561,97580,97695,96778,96778,96893,96893,96924,97302,96435,96466,96703,96751,96780,96813,96854,96899,96764,95779,95779,95809,95809,95809],"floor_reached":51,"playtime":1776,"items_purged":["ats:Strike V","ats:Strike C","ats:Strike G","ats:Defend","ats:Strike S","ats:Poison Spread","ats:Armor Crushing Shot+1"],"score":1075,"play_id":"d84575f1-380a-4ffd-bad2-efdf0a968de1","local_time":"20201228175020","is_ascension_mode":false,"campfire_choices":[{"data":"ats:Poison Spread","floor":7.0,"key":"SMITH"},{"data":"ats:Explosion Area Strengthen","floor":15.0,"key":"SMITH"},{"data":"ats:Nebulous Foxfire","floor":23.0,"key":"SMITH"},{"floor":32.0,"key":"REST"},{"floor":49,"key":"REST"}],"circlet_count":0,"master_deck":["ats:Defend","ats:Defend","ats:Emotion Absorption","ats:Hammer On+1","ats:Explosion Area Strengthen+1","ats:Poison Spread+1","ats:Blood Oath","ats:Nebulous Foxfire+1","ats:Shadow Assault","Apotheosis+1","ats:Shell Defense+1","ats:Disruption Kick","ats:Rapid Magazine","Madness+1","ats:Counter Healing Mode+1","ats:Wolf Pack","ats:Defend Order+1"],"relics":["ats:Omniscience","ats:Special","Lantern","MealTicket","ats:Originium","Ancient Tea Set","Vajra","Odd Mushroom","Oddly Smooth Stone","FossilizedHelix","Lee\u0027s Waffle","Sozu","Red Mask","Matryoshka","Nunchaku","ats:Bonebreaker","Blood Vial","Ginger","Sling","Whetstone","Gremlin Horn","ats:Originium","Kunai","Mummified Hand","Juzu Bracelet","ats:Gyao","ats:Industrial Water Cannon","Toxic Egg 2","Dream Catcher","OrangePellets","Black Star","Old Coin","Incense Burner","Boot","Medical Kit","ats:Originium","ats:Spiritual Recovery","Frozen Egg 2","ats:Originium","Anchor","PreservedInsect","Centennial Puzzle","Bird Faced Urn","Pocketwatch","Cauldron"],"acts_visited":["Exordium","TheCity","TheBeyond"],"potions_floor_usage":[],"damage_taken":[{"damage":0.0,"enemies":"Small Slimes","floor":1.0,"turns":3.0},{"damage":0.0,"enemies":"2 Louse","floor":3.0,"turns":2.0},{"damage":0.0,"enemies":"Cultist","floor":4.0,"turns":2.0},{"damage":0.0,"enemies":"3 Louse","floor":5.0,"turns":2.0},{"damage":0.0,"enemies":"Gremlin Nob","floor":6.0,"turns":4.0},{"damage":0.0,"enemies":"The Mushroom Lair","floor":10.0,"turns":3.0},{"damage":0.0,"enemies":"Blue Slaver","floor":11.0,"turns":3.0},{"damage":0.0,"enemies":"Lots of Slimes","floor":13.0,"turns":1.0},{"damage":15.0,"enemies":"Slime Boss","floor":16.0,"turns":8.0},{"damage":0.0,"enemies":"2 Thieves","floor":18.0,"turns":3.0},{"damage":0.0,"enemies":"Spheric Guardian","floor":19.0,"turns":3.0},{"damage":0.0,"enemies":"Masked Bandits","floor":20.0,"turns":4.0},{"damage":0.0,"enemies":"Shelled Parasite and Fungi","floor":25.0,"turns":3.0},{"damage":0.0,"enemies":"Slavers","floor":27.0,"turns":4.0},{"damage":0.0,"enemies":"Sentry and Sphere","floor":29.0,"turns":3.0},{"damage":0.0,"enemies":"Colosseum Slavers","floor":30.0,"turns":2.0},{"damage":0.0,"enemies":"Colosseum Nobs","floor":30.0,"turns":3.0},{"damage":0.0,"enemies":"Automaton","floor":33.0,"turns":8.0},{"damage":0.0,"enemies":"3 Darklings","floor":35.0,"turns":4.0},{"damage":18.0,"enemies":"2 Orb Walkers","floor":36.0,"turns":5.0},{"damage":0.0,"enemies":"3 Shapes","floor":38.0,"turns":2.0},{"damage":0.0,"enemies":"Reptomancer","floor":40.0,"turns":4.0},{"damage":0.0,"enemies":"Jaw Worm Horde","floor":41.0,"turns":3.0},{"damage":0.0,"enemies":"Sphere and 2 Shapes","floor":42.0,"turns":2.0},{"damage":8.0,"enemies":"Nemesis","floor":44.0,"turns":6.0},{"damage":0,"enemies":"Transient","floor":48,"turns":5},{"damage":0,"enemies":"Time Eater","floor":50,"turns":10}],"seed_played":"-3569243095843384901","potions_obtained":[{"floor":3.0,"key":"SpeedPotion"},{"floor":4.0,"key":"Dexterity Potion"},{"floor":10.0,"key":"AttackPotion"},{"floor":16.0,"key":"SneckoOil"}],"is_trial":false,"path_per_floor":["M","$","M","M","M","E","R","?","T","?","M","$","M","?","R","B",null,"M","M","?","?","T","R","$","M","T","E","$","M","?","$","R","B",null,"M","?","$","M","?","E","M","M","T","E","?","$","?","M","R","B",null],"character_chosen":"DOCTOR_CLASS","items_purchased":["ats:Poison Spread","ats:Special","Lantern","MealTicket","Oddly Smooth Stone","FossilizedHelix","Lee\u0027s Waffle","Blood Vial","Ginger","Sling","Mummified Hand","Juzu Bracelet","ats:Shadow Assault","Toxic Egg 2","Dream Catcher","OrangePellets","Apotheosis+1","Incense Burner","Boot","Medical Kit","Madness+1","Bird Faced Urn","Pocketwatch","Cauldron"],"campfire_rested":2,"item_purchase_floors":[2,2,2,2,12,12,12,24,24,24,28,28,28,31,31,31,31,37,37,37,37,46,46,46],"current_hp_per_floor":[72,72,72,72,72,72,72,72,72,72,72,79,79,79,79,64,79,79,79,79,79,79,79,79,79,79,79,79,79,79,79,79,79,79,79,66,79,79,79,79,79,79,79,76,76,79,79,79,79,79],"gold":95809,"neow_bonus":"BOSS_RELIC","is_daily":false,"chose_seed":false,"campfire_upgraded":3,"win_rate":0.0,"timestamp":1609149020,"path_taken":["M","$","M","M","M","E","R","?","T","?","M","$","M","?","R","BOSS","M","?","?","?","?","R","$","M","T","E","$","M","?","$","R","BOSS","M","?","$","M","?","E","M","M","T","E","?","$","?","M","R","BOSS"],"items_purchased_type":["Card","Relic","Relic","Relic","Relic","Relic","Relic","Relic","Relic","Relic","Relic","Relic","Card","Relic","Relic","Relic","Card","Relic","Relic","Relic","Card","Relic","Relic","Relic"],"build_version":"2020-12-22","purchased_purges":7,"victory":true,"max_hp_per_floor":[72,72,72,72,72,72,72,72,72,72,72,79,79,79,79,79,79,79,79,79,79,79,79,79,79,79,79,79,79,79,79,79,79,79,79,79,79,79,79,79,79,79,79,79,79,79,79,79,79,79],"relic_stats":{"Lee\u0027s Waffle":7,"Gremlin Horn":[17,17],"counters":[27,102],"PreservedInsect":0,"Juzu Bracelet":2,"Ginger":[4],"Whetstone":["ats:Armor Crushing Shot","ats:Hammer On"],"Boot":[53],"Medical Kit":[2],"Sozu":7,"Blood Vial":0,"OrangePellets":[1],"Nunchaku":[15],"Dream Catcher":2,"Centennial Puzzle":[0],"Mummified Hand":[20],"Bird Faced Urn":[0],"MealTicket":16,"Black Star":2,"Kunai":[23],"obtain_stats":[{"ats:Spiritual Recovery":40,"Lantern":2,"Gremlin Horn":26,"Vajra":9,"Juzu Bracelet":28,"Incense Burner":37,"Ginger":24,"Whetstone":26,"ats:Special":2,"Ancient Tea Set":6,"Sling":24,"Boot":37,"ats:Industrial Water Cannon":30,"Old Coin":36,"Sozu":17,"Blood Vial":24,"Nunchaku":22,"Dream Catcher":31,"Centennial Puzzle":45,"Matryoshka":21,"Mummified Hand":28,"MealTicket":2,"Red Mask":20,"ats:Sanity":0,"Kunai":27,"ats:Omniscience":0,"ats:Bonebreaker":22,"Toxic Egg 2":31,"Lee\u0027s Waffle":12,"Oddly Smooth Stone":12,"PreservedInsect":44,"Odd Mushroom":10,"Frozen Egg 2":40,"Medical Kit":37,"ats:Gyao":30,"OrangePellets":31,"Cauldron":46,"Anchor":44,"ats:Originium":6,"Bird Faced Urn":46,"Black Star":34,"FossilizedHelix":12,"Pocketwatch":46},{"ats:Spiritual Recovery":22,"Lantern":1,"Gremlin Horn":13,"Vajra":5,"Juzu Bracelet":14,"Incense Burner":20,"Ginger":12,"Whetstone":13,"ats:Special":1,"Ancient Tea Set":5,"Sling":12,"Boot":20,"ats:Industrial Water Cannon":17,"Old Coin":20,"Sozu":9,"Blood Vial":12,"Nunchaku":12,"Dream Catcher":17,"Centennial Puzzle":25,"Matryoshka":12,"Mummified Hand":14,"MealTicket":1,"Red Mask":12,"ats:Sanity":0,"Kunai":14,"ats:Omniscience":0,"ats:Bonebreaker":12,"Toxic Egg 2":17,"Lee\u0027s Waffle":7,"Oddly Smooth Stone":7,"PreservedInsect":25,"Odd Mushroom":6,"Frozen Egg 2":22,"Medical Kit":20,"ats:Gyao":17,"OrangePellets":17,"Cauldron":25,"Anchor":25,"ats:Originium":5,"Bird Faced Urn":25,"Black Star":18,"FossilizedHelix":7,"Pocketwatch":25},{"ats:Spiritual Recovery":76,"Lantern":3,"Gremlin Horn":41,"Vajra":13,"Juzu Bracelet":45,"Incense Burner":70,"Ginger":38,"Whetstone":41,"ats:Special":3,"Ancient Tea Set":13,"Sling":38,"Boot":70,"ats:Industrial Water Cannon":53,"Old Coin":70,"Sozu":28,"Blood Vial":38,"Nunchaku":38,"Dream Catcher":53,"Centennial Puzzle":87,"Matryoshka":38,"Mummified Hand":45,"MealTicket":3,"Red Mask":38,"ats:Sanity":0,"Kunai":45,"ats:Omniscience":0,"ats:Bonebreaker":38,"Toxic Egg 2":53,"Lee\u0027s Waffle":19,"Oddly Smooth Stone":19,"PreservedInsect":87,"Odd Mushroom":16,"Frozen Egg 2":76,"Medical Kit":70,"ats:Gyao":53,"OrangePellets":53,"Cauldron":87,"Anchor":87,"ats:Originium":13,"Bird Faced Urn":87,"Black Star":61,"FossilizedHelix":19,"Pocketwatch":87}],"Pocketwatch":[12]},"card_choices":[{"not_picked":["ats:Cat Scratch","ats:Encircling Forest"],"picked":"ats:Hammer On","floor":1.0},{"not_picked":["ats:Flexible Camouflage","ats:Apocalypse"],"picked":"ats:Explosion Area Strengthen","floor":3.0},{"not_picked":["ats:Sunburst","ats:Flexible Camouflage"],"picked":"ats:Poison Spread","floor":4.0},{"not_picked":["ats:Collapsing Strike","ats:LN2 Cannon","ats:Demon Strength"],"picked":"SKIP","floor":5.0},{"not_picked":["ats:Assault Order","ats:Childhood Dance","ats:Roar Of Ursus"],"picked":"SKIP","floor":6.0},{"not_picked":["ats:Revitalization","ats:Leaping Hammer"],"picked":"ats:Blood Oath","floor":11.0},{"not_picked":["ats:Shell Defense","ats:Leaping Hammer","ats:Durian"],"picked":"SKIP","floor":13.0},{"not_picked":["ats:Calcification","ats:Fractured Body"],"picked":"ats:Nebulous Foxfire","floor":16.0},{"not_picked":["ats:Ignite+1","ats:Flame Of Heaven","ats:Childhood Dance"],"picked":"SKIP","floor":18.0},{"not_picked":["ats:Ignite","ats:Childhood Dance","ats:Sunburst"],"picked":"SKIP","floor":19.0},{"not_picked":["ats:Chain Hook","ats:Assault Order","ats:Hammer On"],"picked":"SKIP","floor":25.0},{"not_picked":["ats:Curse Doll+1","ats:Shell Defense+1","ats:Consecutive Shot Auto"],"picked":"SKIP","floor":27.0},{"not_picked":["ats:Support Order","ats:Demon Strength","ats:Automatic Cover"],"picked":"SKIP","floor":29.0},{"not_picked":["ats:Leaping Hammer","ats:Ignite"],"picked":"ats:Shell Defense+1","floor":32.0},{"not_picked":["ats:Wolf Pack","ats:Shadow Assault"],"picked":"ats:Disruption Kick","floor":33.0},{"not_picked":["ats:Healing Drone+1","ats:Burning Ground"],"picked":"ats:Rapid Magazine","floor":35.0},{"not_picked":["ats:Shell Defense+1","ats:Hammer On","ats:Curse Doll+1"],"picked":"SKIP","floor":38.0},{"not_picked":["ats:Consecutive Shot Auto+1","ats:Assault Order+1","ats:Flame Of Heaven+1"],"picked":"SKIP","floor":40.0},{"not_picked":["ats:Powerful Strike+1","ats:Ignite+1"],"picked":"ats:Counter Healing Mode+1","floor":41.0},{"not_picked":["ats:Consecutive Shot Auto","ats:Thorns+1"],"picked":"ats:Wolf Pack","floor":42.0},{"not_picked":["ats:Magnetic Hammer","ats:Thorns+1"],"picked":"ats:Defend Order+1","floor":44.0},{"not_picked":["ats:Steam Pump+1","ats:Childhood Dance+1","ats:Shadow Raid+1"],"picked":"SKIP","floor":48}],"player_experience":438890,"relics_obtained":[{"floor":6.0,"key":"ats:Originium"},{"floor":6.0,"key":"Ancient Tea Set"},{"floor":9.0,"key":"Vajra"},{"floor":10.0,"key":"Odd Mushroom"},{"floor":20.0,"key":"Red Mask"},{"floor":22.0,"key":"Nunchaku"},{"floor":22.0,"key":"ats:Bonebreaker"},{"floor":26.0,"key":"Whetstone"},{"floor":26.0,"key":"Gremlin Horn"},{"floor":27.0,"key":"ats:Originium"},{"floor":27.0,"key":"Kunai"},{"floor":30.0,"key":"ats:Gyao"},{"floor":30.0,"key":"ats:Industrial Water Cannon"},{"floor":36.0,"key":"Old Coin"},{"floor":40.0,"key":"ats:Originium"},{"floor":40.0,"key":"ats:Spiritual Recovery"},{"floor":40.0,"key":"Frozen Egg 2"},{"floor":44.0,"key":"ats:Originium"},{"floor":44.0,"key":"Anchor"},{"floor":44.0,"key":"PreservedInsect"}],"event_choices":[{"damage_healed":0.0,"max_hp_gain":0.0,"max_hp_loss":0.0,"gold_gain":0.0,"event_name":"World of Goop","player_choice":"Left Gold","floor":8.0,"gold_loss":22.0,"damage_taken":0.0},{"damage_healed":0.0,"max_hp_gain":0.0,"max_hp_loss":0.0,"gold_gain":0.0,"event_name":"Mushrooms","player_choice":"Fought Mushrooms","floor":10.0,"gold_loss":0.0,"damage_taken":0.0},{"cards_removed":["ats:Defend"],"damage_healed":0.0,"max_hp_gain":0.0,"max_hp_loss":0.0,"gold_gain":0.0,"event_name":"Bonfire Elementals","player_choice":"Offered Basic","floor":14.0,"gold_loss":0.0,"damage_taken":0.0},{"damage_healed":0.0,"max_hp_gain":0.0,"max_hp_loss":0.0,"gold_gain":0.0,"event_name":"Masked Bandits","player_choice":"Fought Bandits","floor":20.0,"gold_loss":0.0,"damage_taken":0.0},{"damage_healed":0.0,"max_hp_gain":0.0,"max_hp_loss":0.0,"gold_gain":0.0,"event_name":"Addict","player_choice":"Obtained Relic","floor":21.0,"gold_loss":85.0,"damage_taken":0.0,"relics_obtained":["Matryoshka"]},{"damage_healed":0.0,"max_hp_gain":0.0,"max_hp_loss":0.0,"gold_gain":0.0,"event_name":"Colosseum","player_choice":"Fight","floor":30.0,"gold_loss":0.0,"damage_taken":0.0},{"damage_healed":0.0,"max_hp_gain":0.0,"max_hp_loss":0.0,"gold_gain":0.0,"event_name":"Colosseum","player_choice":"Fought Nobs","floor":30.0,"gold_loss":0.0,"damage_taken":0.0},{"damage_healed":0.0,"max_hp_gain":0.0,"max_hp_loss":0.0,"gold_gain":0.0,"event_name":"Mysterious Sphere","player_choice":"Fight","floor":36.0,"gold_loss":0.0,"damage_taken":0.0},{"damage_healed":0.0,"max_hp_gain":0.0,"max_hp_loss":0.0,"gold_gain":222.0,"event_name":"Tomb of Lord Red Mask","player_choice":"Wore Mask","floor":39.0,"gold_loss":0.0,"damage_taken":0.0},{"damage_healed":0.0,"max_hp_gain":0.0,"max_hp_loss":0.0,"gold_gain":0.0,"event_name":"WeMeetAgain","player_choice":"Paid Gold","floor":45.0,"gold_loss":135.0,"damage_taken":0.0,"relics_obtained":["Centennial Puzzle"]},{"damage_healed":0.0,"max_hp_gain":0.0,"max_hp_loss":0.0,"gold_gain":0.0,"event_name":"Wheel of Change","player_choice":"Full Heal","floor":47.0,"gold_loss":0.0,"damage_taken":0.0}],"is_beta":false,"boss_relics":[{"not_picked":["Astrolabe","Velvet Choker"],"picked":"Sozu"},{"not_picked":["Philosopher\u0027s Stone","SlaversCollar"],"picked":"Black Star"}],"items_purged_floors":[2,12,24,28,31,37,46],"is_endless":false,"potions_floor_spawned":[3,4,10,13,16,19,25,29,30,35,38,48],"ascension_level":0}}