{"host":"5m3lrxb7qokfkumw","time":1609154074,"event":{"mods":["Ascension Reborn","Aspiration","BaseMod","Colored Map","Conspire","Minty Spire (QoL Compilation)","Quick Restart","Shop Mod","StSLib","The Cursed","The Jungle","[IsaacMod]ÒÔÈö¼âËþ","óô»ðÖ¸ÄÏ"],"gold_per_floor":[116,132,57,57,72,147,167,167,167],"floor_reached":8,"playtime":105,"items_purged":["Strike_R"],"score":48,"play_id":"36d65bcb-e22e-4e54-a8c3-cad78bf56177","local_time":"20201228191434","is_ascension_mode":true,"campfire_choices":[],"circlet_count":0,"master_deck":["Strike_R","Strike_R","Strike_R","Strike_R","Defend_R","Defend_R","Defend_R","Defend_R","Bash","Shrug It Off","Armaments","Entrench"],"relics":["Burning Blood","NeowsBlessing","Golden Idol"],"acts_visited":[],"potions_floor_usage":[],"damage_taken":[{"damage":0.0,"enemies":"Small Slimes","floor":1.0,"turns":1.0},{"damage":0.0,"enemies":"2 Louse","floor":2.0,"turns":1.0},{"damage":0.0,"enemies":"Jaw Worm","floor":5.0,"turns":1.0},{"damage":15.0,"enemies":"Looter","floor":7.0,"turns":3.0},{"damage":0,"enemies":"Lagavulin","floor":8,"turns":1}],"seed_played":"-92359034037911135","potions_obtained":[{"floor":2.0,"key":"SpeedPotion"}],"is_trial":false,"path_per_floor":["M","M","$","?","M","?","M","E"],"character_chosen":"IRONCLAD","items_purchased":[],"campfire_rested":0,"item_purchase_floors":[],"current_hp_per_floor":[80,80,80,60,66,55,46,46,46],"gold":167,"neow_bonus":"THREE_ENEMY_KILL","is_daily":false,"chose_seed":false,"campfire_upgraded":0,"win_rate":0.0,"timestamp":1609154074,"path_taken":["M","M","$","?","M","?","M","E"],"items_purchased_type":[],"build_version":"2020-12-22","purchased_purges":1,"victory":false,"max_hp_per_floor":[80,80,80,80,80,80,80,80,80],"card_choices":[{"not_picked":["Clash","Twin Strike","Warcry"],"picked":"SKIP","floor":1.0},{"not_picked":["Intimidate","Hemokinesis"],"picked":"Shrug It Off","floor":2.0},{"not_picked":["Rampage","Twin Strike"],"picked":"Armaments","floor":5.0},{"not_picked":["Iron Wave","Clash"],"picked":"Entrench","floor":7.0}],"player_experience":841816,"relics_obtained":[],"event_choices":[{"damage_healed":0.0,"max_hp_gain":0.0,"max_hp_loss":0.0,"gold_gain":0.0,"event_name":"Golden Idol","player_choice":"Take Damage","floor":4.0,"gold_loss":0.0,"damage_taken":20.0,"relics_obtained":["Golden Idol"]},{"damage_healed":0.0,"max_hp_gain":0.0,"max_hp_loss":0.0,"gold_gain":75.0,"event_name":"World of Goop","player_choice":"Gather Gold","floor":6.0,"gold_loss":0.0,"damage_taken":11.0}],"is_beta":false,"boss_relics":[],"items_purged_floors":[3],"is_endless":false,"potions_floor_spawned":[2],"killed_by":"Lagavulin","ascension_level":0}}