{"host":"873t0y8ybyo38pfq","time":1609125539,"event":{"mods":["BaseMod","Bestiary","Colored Map","Colored Powertips","Highlight Path","Minty Spire (QoL Compilation)","Quick Restart","RNG Fix","Rare Cards Sparkle","Relic Stats","StSLib"],"gold_per_floor":[114,69,69,69,19,19,57,3,26,42,62,62,27,43,43,142,142,165,200,38,38,57,57,101,101,101,16,28,40,70,120,132,144,144],"floor_reached":33,"playtime":744,"items_purged":["Strike_G"],"score":758,"play_id":"7f60eb7e-cfe4-4f67-941e-fd40f1e03759","local_time":"20201227221859","is_ascension_mode":true,"campfire_choices":[{"data":"Blade Dance","floor":6,"key":"SMITH"},{"data":"Catalyst","floor":12,"key":"SMITH"},{"data":"Catalyst","floor":15,"key":"SMITH"},{"floor":23,"key":"REST"},{"floor":25,"key":"REST"},{"floor":29,"key":"REST"},{"floor":32,"key":"REST"}],"circlet_count":0,"master_deck":["AscendersBane","Strike_G","Strike_G","Strike_G","Strike_G","Defend_G","Defend_G","Defend_G","Defend_G","Defend_G","Survivor","Neutralize","Blur","Blade Dance+1","Deadly Poison","Footwork","Catalyst+1","Catalyst+1","Corpse Explosion","Bouncing Flask","Catalyst","Writhe","Acrobatics","Malaise","Calculated Gamble","Acrobatics+1"],"relics":["Ring of the Serpent","NeowsBlessing","Golden Idol","Akabeko","Lantern","Red Mask","Mercury Hourglass","Vajra","Dead Branch","MawBank","Nilry\u0027s Codex","Frozen Egg 2"],"acts_visited":["Exordium","TheCity"],"potions_floor_usage":[16,16,18,24],"damage_taken":[{"damage":0,"enemies":"2 Louse","floor":1,"turns":1},{"damage":0,"enemies":"Lagavulin","floor":7,"turns":1},{"damage":0,"enemies":"Jaw Worm","floor":10,"turns":1},{"damage":0,"enemies":"Small Slimes","floor":11,"turns":3},{"damage":6,"enemies":"Blue Slaver","floor":14,"turns":4},{"damage":0,"enemies":"Slime Boss","floor":16,"turns":4},{"damage":0,"enemies":"3 Byrds","floor":18,"turns":3},{"damage":21,"enemies":"Masked Bandits","floor":19,"turns":3},{"damage":21,"enemies":"Spheric Guardian","floor":22,"turns":5},{"damage":25,"enemies":"Book of Stabbing","floor":24,"turns":4},{"damage":0,"enemies":"Chosen and Byrds","floor":30,"turns":3},{"damage":9,"enemies":"Gremlin Leader","floor":31,"turns":4},{"damage":41,"enemies":"Automaton","floor":33,"turns":8}],"seed_played":"6264917436003756336","potions_obtained":[{"floor":10,"key":"LiquidMemories"},{"floor":16,"key":"Poison Potion"},{"floor":22,"key":"Ancient Potion"}],"is_trial":false,"path_per_floor":["M","$","?","$","$","R","E","$","T","M","M","R","?","M","R","B",null,"M","?","$","?","M","R","E","R","T","?","?","R","M","E","R","B"],"character_chosen":"THE_SILENT","items_purchased":["Blur","Blade Dance","Poison Potion","Catalyst"],"campfire_rested":4,"item_purchase_floors":[2,5,8,20],"current_hp_per_floor":[59,59,59,59,59,59,59,59,59,59,59,59,60,54,54,54,59,59,38,38,38,17,35,10,28,28,28,7,25,25,16,34,0,0],"gold":144,"neow_bonus":"THREE_ENEMY_KILL","is_daily":false,"chose_seed":false,"campfire_upgraded":3,"win_rate":0.0,"timestamp":1609125539,"path_taken":["M","$","?","?","$","R","E","$","T","?","M","R","?","M","R","BOSS","M","?","$","?","?","R","E","R","T","?","?","R","M","E","R","BOSS"],"items_purchased_type":["Card","Card","Potion","Card"],"build_version":"2020-12-22","purchased_purges":1,"victory":false,"max_hp_per_floor":[66,66,60,60,60,60,60,60,60,60,60,60,60,60,60,60,60,60,60,60,60,60,60,60,60,60,60,60,60,60,60,60,60,60],"relic_stats":{"counters":[13,44],"Golden Idol":75,"Dead Branch":[36],"MawBank":72,"obtain_stats":[{"Lantern":9,"NeowsBlessing":0,"Golden Idol":3,"Nilry\u0027s Codex":28,"Dead Branch":26,"Vajra":24,"Frozen Egg 2":31,"MawBank":27,"Akabeko":7,"Mercury Hourglass":21,"Red Mask":19,"Ring of the Serpent":17,"Ring of the Snake":0},{"Lantern":2,"NeowsBlessing":0,"Golden Idol":1,"Nilry\u0027s Codex":10,"Dead Branch":10,"Vajra":10,"Frozen Egg 2":12,"MawBank":10,"Akabeko":2,"Mercury Hourglass":8,"Red Mask":8,"Ring of the Serpent":6,"Ring of the Snake":0},{"Lantern":2,"NeowsBlessing":0,"Golden Idol":1,"Nilry\u0027s Codex":29,"Dead Branch":29,"Vajra":29,"Frozen Egg 2":36,"MawBank":29,"Akabeko":2,"Mercury Hourglass":20,"Red Mask":20,"Ring of the Serpent":14,"Ring of the Snake":0}],"Mercury Hourglass":[87]},"card_choices":[{"not_picked":["Choke","Flying Knee","Dodge and Roll"],"picked":"SKIP","floor":1},{"not_picked":["Dodge and Roll","Poisoned Stab"],"picked":"Deadly Poison","floor":7},{"not_picked":["Deflect","Bane"],"picked":"Footwork","floor":10},{"not_picked":["Dagger Spray","Bane"],"picked":"Catalyst","floor":11},{"not_picked":["Blade Dance","Underhanded Strike"],"picked":"Catalyst","floor":14},{"not_picked":["Venomology","Storm of Steel"],"picked":"Corpse Explosion","floor":16},{"not_picked":["Bane","Blade Dance"],"picked":"Bouncing Flask","floor":18},{"not_picked":["Storm of Steel","Blade Dance"],"picked":"Acrobatics","floor":22},{"not_picked":["Unload","Prepared+1"],"picked":"Malaise","floor":24},{"not_picked":["Infinite Blades","Cloak And Dagger+1"],"picked":"Calculated Gamble","floor":30},{"not_picked":["Sucker Punch","Dagger Spray"],"picked":"Acrobatics+1","floor":31}],"player_experience":1371049,"relics_obtained":[{"floor":7,"key":"Akabeko"},{"floor":9,"key":"Lantern"},{"floor":19,"key":"Red Mask"},{"floor":24,"key":"Vajra"},{"floor":26,"key":"Dead Branch"},{"floor":28,"key":"Nilry\u0027s Codex"},{"floor":31,"key":"Frozen Egg 2"}],"event_choices":[{"damage_healed":0,"gold_gain":0,"player_choice":"Lose Max HP","damage_taken":0,"relics_obtained":["Golden Idol"],"max_hp_gain":0,"max_hp_loss":6,"event_name":"Golden Idol","floor":3,"gold_loss":0},{"damage_healed":15,"gold_gain":0,"player_choice":"Healed","damage_taken":0,"max_hp_gain":0,"max_hp_loss":0,"event_name":"The Cleric","floor":13,"gold_loss":35},{"damage_healed":0,"gold_gain":0,"player_choice":"Fought Bandits","damage_taken":0,"max_hp_gain":0,"max_hp_loss":0,"event_name":"Masked Bandits","floor":19,"gold_loss":0},{"damage_healed":0,"gold_gain":0,"player_choice":"Opened","damage_taken":0,"relics_obtained":["Mercury Hourglass"],"max_hp_gain":0,"max_hp_loss":0,"event_name":"The Mausoleum","floor":21,"gold_loss":0,"cards_obtained":["Writhe"]},{"damage_healed":0,"gold_gain":0,"player_choice":"Obtained Relic","damage_taken":0,"relics_obtained":["MawBank"],"max_hp_gain":0,"max_hp_loss":0,"event_name":"Addict","floor":27,"gold_loss":85},{"damage_healed":0,"gold_gain":0,"player_choice":"Obtained Book","damage_taken":21,"max_hp_gain":0,"max_hp_loss":0,"event_name":"Cursed Tome","floor":28,"gold_loss":0}],"is_beta":false,"boss_relics":[{"not_picked":["Velvet Choker","Busted Crown"],"picked":"Ring of the Serpent"}],"items_purged_floors":[20],"is_endless":false,"potions_floor_spawned":[10,14,16,22],"killed_by":"Automaton","ascension_level":20}}