{"host":"wk46m6kgjezp23jj","time":1609182648,"event":{"mods":["AchievementEnabler","BaseMod","Beaked The Cultist","Bestiary","Colored Map","Colored Powertips","Downfall","Hermit","Minty Spire (QoL Compilation)","Replay The Spire","StSLib","The Bladedancer","The Construct","The Cursed","The Marked","The Servant 0.9.4"],"gold_per_floor":[112,112,112,11,26,60,80,99,99,114,114,114,146,0,0,102,102,119,119,139,89,107,107,107],"floor_reached":23,"playtime":1856,"items_purged":[],"score":226,"play_id":"70f14b63-1573-47ec-bba4-2c4b352c5dd3","local_time":"20201228141048","is_ascension_mode":false,"campfire_choices":[{"floor":12,"key":"REST"},{"data":"Noxious Fumes","floor":15,"key":"SMITH"}],"circlet_count":0,"master_deck":["Strike_G","Strike_G","Strike_G","Strike_G","Defend_G","Defend_G","Defend_G","Defend_G","Defend_G","Survivor+1","Neutralize","Blade Dance","Noxious Fumes+1","Normality","Dodge and Roll","Finisher","Outmaneuver","Deflect","ReplayTheSpireMod:Scrap Shanks","Well Laid Plans","Flying Knee","Noxious Fumes","Crippling Poison","Burst","Envenom","Deadly Poison","Outmaneuver+1","Caltrops"],"relics":["Ring of the Snake","NeowsBlessing","ReplayTheSpireMod:CursedCoin","Gremlin Food","InkBottle","Gremlin Horn","ReplayFunnel","beaked:SacredDeck"],"acts_visited":["Exordium","TheCity"],"potions_floor_usage":[16,16],"damage_taken":[{"damage":0.0,"enemies":"Cultist","floor":1.0,"turns":1.0},{"damage":0,"enemies":"Small Slimes","floor":5,"turns":1},{"damage":0,"enemies":"Gremlin Nob","floor":6,"turns":1},{"damage":0,"enemies":"2 Louse","floor":7,"turns":3},{"damage":13,"enemies":"Large Slime","floor":8,"turns":6},{"damage":4,"enemies":"Gremlin Gang","floor":10,"turns":6},{"damage":5,"enemies":"Lagavulin","floor":13,"turns":9},{"damage":18,"enemies":"Hexaghost","floor":16,"turns":8},{"damage":19,"enemies":"Spheric Guardian","floor":18,"turns":6},{"damage":11,"enemies":"Chosen","floor":20,"turns":7},{"damage":30,"enemies":"Snake Plant","floor":22,"turns":6},{"damage":27,"enemies":"Slavers","floor":23,"turns":1}],"seed_played":"-3841909409490152261","potions_obtained":[{"floor":1.0,"key":"LiquidBronze"},{"floor":3.0,"key":"LiquidMemories"},{"floor":3.0,"key":"Doom Potion"},{"floor":7,"key":"SkillPotion"},{"floor":10,"key":"Reflective Coating"},{"floor":20,"key":"Fire Potion"}],"is_trial":false,"path_per_floor":["M","?","?","$","M","E","M","M","T","M","?","R","E","$","R","B",null,"M","?","M","?","M","E"],"character_chosen":"THE_SILENT","items_purchased":["Noxious Fumes","ReplayTheSpireMod:CursedCoin","Gremlin Food","Dodge and Roll","Noxious Fumes","Crippling Poison"],"campfire_rested":1,"item_purchase_floors":[4,4,4,4,14,14],"current_hp_per_floor":[70,63,63,63,63,63,63,50,50,46,51,73,68,68,68,50,75,56,56,45,45,15,0,0],"gold":107,"neow_bonus":"THREE_ENEMY_KILL","is_daily":false,"chose_seed":false,"campfire_upgraded":1,"win_rate":0.0,"timestamp":1609182648,"path_taken":["M","?","?","$","?","E","M","M","T","M","?","R","E","$","R","BOSS","M","?","M","?","?","E"],"items_purchased_type":["Card","Relic","Relic","Card","Card","Card"],"build_version":"2020-12-22","purchased_purges":0,"victory":false,"max_hp_per_floor":[70,70,70,70,70,70,70,70,70,70,75,75,75,75,75,75,75,75,75,75,75,75,75,75],"card_choices":[{"not_picked":["Distraction","Hidden Blade"],"picked":"Blade Dance","floor":1.0},{"not_picked":["Quick Slash","Deflect"],"picked":"Finisher","floor":5},{"not_picked":["Deadly Poison","PiercingWail"],"picked":"Outmaneuver","floor":6},{"not_picked":["Quick Slash","Sneak Up"],"picked":"Deflect","floor":7},{"not_picked":["Dagger Throw","PiercingWail"],"picked":"ReplayTheSpireMod:Scrap Shanks","floor":8},{"not_picked":["Deflect","Blade Dance"],"picked":"Well Laid Plans","floor":10},{"not_picked":["ReplayTheSpireMod:The Works","Prepared"],"picked":"Flying Knee","floor":13},{"not_picked":["Bullet Time","After Image"],"picked":"Burst","floor":16},{"not_picked":["ReplayTheSpireMod:Speed Training+1","Deflect"],"picked":"Deadly Poison","floor":18},{"not_picked":["Slice","Dodge and Roll"],"picked":"Outmaneuver+1","floor":20},{"not_picked":["Hidden Blade","Backflip"],"picked":"Caltrops","floor":22}],"player_experience":5432,"relics_obtained":[{"floor":6,"key":"InkBottle"},{"floor":9,"key":"Gremlin Horn"},{"floor":13,"key":"ReplayFunnel"}],"event_choices":[{"cards_removed":["Strike_G"],"damage_healed":0.0,"max_hp_gain":0.0,"max_hp_loss":0.0,"gold_gain":0.0,"event_name":"Golden Wing","player_choice":"Card Removal","floor":2.0,"gold_loss":0.0,"damage_taken":7.0},{"damage_healed":0.0,"max_hp_gain":0.0,"max_hp_loss":0.0,"gold_gain":0.0,"event_name":"Lab","player_choice":"Got Potions","floor":3.0,"gold_loss":0.0,"damage_taken":0.0},{"damage_healed":0,"gold_gain":0,"player_choice":"Donut","damage_taken":0,"max_hp_gain":5,"max_hp_loss":0,"event_name":"Big Fish","floor":11,"gold_loss":0},{"damage_healed":0,"gold_gain":0,"player_choice":"Ignored","damage_taken":0,"max_hp_gain":0,"max_hp_loss":0,"event_name":"Vampires","floor":19,"gold_loss":0},{"damage_healed":0,"gold_gain":0,"player_choice":"Bet on Murderer","damage_taken":0,"max_hp_gain":0,"max_hp_loss":0,"event_name":"The Joust","floor":21,"gold_loss":50}],"is_beta":false,"boss_relics":[{"not_picked":["ChewingGum","Fusion Hammer"],"picked":"beaked:SacredDeck"}],"items_purged_floors":[],"is_endless":false,"potions_floor_spawned":[1,7,8,10,20],"killed_by":"Slavers","ascension_level":0}}