{"host":"31s8hzukbhz1k6i6","time":1609118316,"event":{"mods":["BaseMod","Colored Map","Minty Spire (QoL Compilation)","Relic Stats","UnlockEverythingMod"],"gold_per_floor":[112,112,112,112,129,129,158,168,193,230,29,67,67,92,92,200,200,212,231,146,96,109,138,163,206,232,232,232,232],"floor_reached":28,"playtime":1034,"items_purged":["Strike_B"],"score":376,"play_id":"7edecf22-226c-4feb-bafd-db5654c45cf4","local_time":"20201227171836","is_ascension_mode":true,"campfire_choices":[{"data":"Zap","floor":6.0,"key":"SMITH"},{"data":"Loop","floor":13,"key":"SMITH"},{"data":"Consume","floor":15,"key":"SMITH"}],"circlet_count":0,"master_deck":["Strike_B","Strike_B","Strike_B","Defend_B","Defend_B","Defend_B","Zap+1","Dualcast","Conserve Battery","Conserve Battery","Loop+1","Go for the Eyes","Cold Snap","Ball Lightning","Consume+1","Electrodynamics","Doom and Gloom","Machine Learning"],"relics":["Cracked Core","NeowsBlessing","Nunchaku","CeramicFish","Toy Ornithopter","Bronze Scales","Smiling Mask","Velvet Choker","Ancient Tea Set","Orichalcum","Kunai","Juzu Bracelet"],"acts_visited":["Exordium","TheCity"],"potions_floor_usage":[10,12,23,23,25,28],"damage_taken":[{"damage":0.0,"enemies":"Cultist","floor":1.0,"turns":1.0},{"damage":0.0,"enemies":"Small Slimes","floor":5.0,"turns":1.0},{"damage":0.0,"enemies":"Lagavulin","floor":7.0,"turns":1.0},{"damage":0.0,"enemies":"2 Louse","floor":8.0,"turns":2.0},{"damage":16,"enemies":"Gremlin Nob","floor":10,"turns":4},{"damage":7,"enemies":"3 Sentries","floor":12,"turns":7},{"damage":9,"enemies":"Exordium Thugs","floor":14,"turns":3},{"damage":8,"enemies":"The Guardian","floor":16,"turns":9},{"damage":7,"enemies":"Chosen","floor":18,"turns":4},{"damage":0,"enemies":"3 Byrds","floor":19,"turns":1},{"damage":19,"enemies":"Cultist and Chosen","floor":22,"turns":5},{"damage":34,"enemies":"Book of Stabbing","floor":23,"turns":4},{"damage":12,"enemies":"Snecko","floor":24,"turns":5},{"damage":13,"enemies":"Gremlin Leader","floor":25,"turns":5},{"damage":17,"enemies":"Colosseum Slavers","floor":28,"turns":2},{"damage":11,"enemies":"Colosseum Nobs","floor":28,"turns":2}],"seed_played":"-7160923703357341116","potions_obtained":[{"floor":4.0,"key":"BlessingOfTheForge"},{"floor":4.0,"key":"FairyPotion"},{"floor":4.0,"key":"SmokeBomb"},{"floor":5.0,"key":"PowerPotion"},{"floor":10,"key":"Fire Potion"},{"floor":12,"key":"BlessingOfTheForge"},{"floor":24,"key":"BlessingOfTheForge"},{"floor":25,"key":"SkillPotion"}],"is_trial":false,"path_per_floor":["M","T","?","?","M","R","E","M","T","E","$","E","R","M","R","B",null,"M","M","?","$","M","E","M","E","T","?","?"],"character_chosen":"DEFECT","items_purchased":["Bronze Scales","Cold Snap"],"campfire_rested":0,"item_purchase_floors":[11,11],"current_hp_per_floor":[75,75,68,68,68,68,68,68,68,52,52,50,50,41,41,33,65,58,58,58,58,39,15,3,22,22,22,0,0],"gold":232,"neow_bonus":"THREE_ENEMY_KILL","is_daily":false,"chose_seed":false,"campfire_upgraded":3,"win_rate":0.0,"timestamp":1609118316,"path_taken":["M","?","?","?","M","R","E","M","T","E","$","E","R","M","R","BOSS","M","M","?","$","M","E","M","E","T","?","?"],"items_purchased_type":["Relic","Card"],"build_version":"2020-12-22","purchased_purges":1,"victory":false,"max_hp_per_floor":[75,75,75,75,75,75,75,75,75,75,75,75,75,75,75,75,75,75,75,75,75,75,75,75,75,75,75,75,75],"relic_stats":{"Nunchaku":[7],"counters":[16,53],"CeramicFish":63,"Bronze Scales":[134],"Juzu Bracelet":0,"Kunai":[0],"Orichalcum":[18],"Smiling Mask":25,"obtain_stats":[{"Nunchaku":7,"NeowsBlessing":0,"CeramicFish":9,"Bronze Scales":11,"Velvet Choker":17,"Juzu Bracelet":26,"Kunai":25,"Orichalcum":23,"Cracked Core":0,"Smiling Mask":12,"Ancient Tea Set":20,"Toy Ornithopter":10},{"Nunchaku":3,"NeowsBlessing":0,"CeramicFish":4,"Bronze Scales":5,"Velvet Choker":8,"Juzu Bracelet":14,"Kunai":14,"Orichalcum":12,"Cracked Core":0,"Smiling Mask":6,"Ancient Tea Set":10,"Toy Ornithopter":5},{"Nunchaku":3,"NeowsBlessing":0,"CeramicFish":5,"Bronze Scales":8,"Velvet Choker":27,"Juzu Bracelet":49,"Kunai":49,"Orichalcum":40,"Cracked Core":0,"Smiling Mask":15,"Ancient Tea Set":31,"Toy Ornithopter":8}],"Toy Ornithopter":25},"card_choices":[{"not_picked":["Rebound","Darkness"],"picked":"Conserve Battery","floor":1.0},{"not_picked":["Stack","Beam Cell"],"picked":"Conserve Battery","floor":5.0},{"not_picked":["Rebound","Compile Driver"],"picked":"Loop","floor":7.0},{"not_picked":["Beam Cell","Double Energy","Fission"],"picked":"SKIP","floor":8},{"not_picked":["Aggregate","Reboot"],"picked":"Go for the Eyes","floor":10},{"not_picked":["Sweeping Beam","Gash"],"picked":"Ball Lightning","floor":12},{"not_picked":["Redo","Gash"],"picked":"Consume","floor":14},{"not_picked":["Machine Learning","Meteor Strike"],"picked":"Electrodynamics","floor":16},{"not_picked":["Ball Lightning","Heatsinks","Streamline"],"picked":"SKIP","floor":18},{"not_picked":["Gash","Beam Cell+1","Force Field"],"picked":"SKIP","floor":19},{"not_picked":["Barrage","Hologram","Sweeping Beam"],"picked":"SKIP","floor":22},{"not_picked":["Conserve Battery","Gash+1","Sweeping Beam"],"picked":"SKIP","floor":23},{"not_picked":["Blizzard","Chill"],"picked":"Doom and Gloom","floor":24},{"not_picked":["Beam Cell","Thunder Strike"],"picked":"Machine Learning","floor":25}],"player_experience":49853,"relics_obtained":[{"floor":7.0,"key":"Nunchaku"},{"floor":9,"key":"CeramicFish"},{"floor":10,"key":"Toy Ornithopter"},{"floor":12,"key":"Smiling Mask"},{"floor":23,"key":"Orichalcum"},{"floor":25,"key":"Kunai"},{"floor":26,"key":"Juzu Bracelet"}],"event_choices":[{"cards_removed":["Defend_B"],"damage_healed":0.0,"max_hp_gain":0.0,"max_hp_loss":0.0,"gold_gain":0.0,"event_name":"Golden Wing","player_choice":"Card Removal","floor":3.0,"gold_loss":0.0,"damage_taken":7.0},{"damage_healed":0.0,"max_hp_gain":0.0,"max_hp_loss":0.0,"gold_gain":0.0,"event_name":"Lab","player_choice":"Got Potions","floor":4.0,"gold_loss":0.0,"damage_taken":0.0},{"damage_healed":0,"gold_gain":0,"player_choice":"Obtained Relic","damage_taken":0,"relics_obtained":["Ancient Tea Set"],"max_hp_gain":0,"max_hp_loss":0,"event_name":"Addict","floor":20,"gold_loss":85},{"damage_healed":0,"gold_gain":0,"player_choice":"Ignored","damage_taken":0,"max_hp_gain":0,"max_hp_loss":0,"event_name":"Vampires","floor":27,"gold_loss":0},{"damage_healed":0,"gold_gain":0,"player_choice":"Fight","damage_taken":0,"max_hp_gain":0,"max_hp_loss":0,"event_name":"Colosseum","floor":28,"gold_loss":0},{"damage_healed":0,"gold_gain":0,"player_choice":"Fought Nobs","damage_taken":0,"max_hp_gain":0,"max_hp_loss":0,"event_name":"Colosseum","floor":28,"gold_loss":0}],"is_beta":false,"boss_relics":[{"not_picked":["Calling Bell","Busted Crown"],"picked":"Velvet Choker"}],"items_purged_floors":[21],"is_endless":false,"potions_floor_spawned":[5,8,10,12,18,22,24,25,28],"killed_by":"Colosseum Nobs","ascension_level":5}}