{"host":"9d83omykrosjn1d3","time":1609158965,"event":{"mods":["AchievementEnabler","BaseMod","BetterRewards","Card Forge","Downfall","Hubris","Minty Spire (QoL Compilation)","Permanent Neow","Shop Mod","StSLib","SuperFastMode","The Construct"],"gold_per_floor":[111,286,286,286,300,300,300,341,368,381,381,381,416,439,439,569,569,587,617,648,675,786,823,835,871,910,922,967,979,991,1039,1051,1188,1200,1228,1308,1339,1351,1383,1429,1441,1489,1528,1540,1576,1632,1644,1681,1693,1705,1717,1729,1939,1984,1996],"floor_reached":56,"playtime":1621,"items_purged":["Echo Form+1"],"score":2487,"play_id":"e45a657c-5704-47ed-b597-ff0984097056","local_time":"20201228213605","is_ascension_mode":true,"campfire_choices":[{"data":"construct:ClockworkEgg+3","floor":6,"key":"SMITH"},{"data":"Searing Blow+9","floor":15,"key":"SMITH"},{"data":"Searing Blow+10","floor":24,"key":"SMITH"},{"data":"Searing Blow+12","floor":29,"key":"SMITH"},{"data":"Searing Blow+14","floor":32,"key":"SMITH"},{"floor":41,"key":"RECALL"},{"data":"Searing Blow+17","floor":44,"key":"SMITH"},{"data":"Searing Blow+19","floor":49,"key":"SMITH"},{"data":"Searing Blow+20","floor":52,"key":"SMITH"}],"circlet_count":64,"master_deck":["Echo Form+1","Searing Blow+22","Barricade+1","Shrug It Off+1","True Grit+1"],"relics":["Burning Blood","Hammer of Thor","Seething Fire","Anvil of the Gods","Strange Spoon","MerchantsRug","Girya","construct:ClockworkPhoenix","hubris:Towel","Toy Ornithopter","Golden Idol","Matryoshka","Happy Flower","Oddly Smooth Stone","Lantern","hubris:OldNail","The Courier","Bag of Preparation","Blue Candle","hubris:FunFungus","Dream Catcher","hubris:SlimyHat","Art of War","hubris:DuctTape","Juzu Bracelet","hubris:DisguiseKit","hubris:Icosahedron","Self Forming Clay","hubris:BottledRain","Bronze Scales","MealTicket","Anchor","construct:FoamFinger","Ancient Tea Set","Guardian:PocketSentry","hubris:TenFootPole","hubris:64BitClover","Blood Vial","hubris:ToyBattleship","Ornamental Fan","Nunchaku","InkBottle","hubris:TinFlute","hubris:CrystalStatue","Velvet Choker","MawBank","TungstenRod","Mango","Pocketwatch","Mummified Hand","Singing Bowl","hubris:PeanutButter","hubris:MysteriousPyramids","Champion Belt","Sundial","HornCleat","Bottled Lightning","hubris:GlazedTorus","construct:RocketBooster","Bird Faced Urn","hubris:MedicalManual","Incense Burner","hubris:Potato","Unceasing Top","Turnip","Magic Flower","hubris:Zylophone","Lizard Tail","Circlet","Torii","FossilizedHelix","Thread and Needle","hubris:CuriousFeather","Calipers","Cursed Key"],"acts_visited":[],"potions_floor_usage":[],"damage_taken":[{"damage":12,"enemies":"Jaw Worm","floor":1,"turns":2},{"damage":0,"enemies":"Small Slimes","floor":5,"turns":3},{"damage":0,"enemies":"Gremlin Nob","floor":8,"turns":3},{"damage":0,"enemies":"2 Louse","floor":10,"turns":4},{"damage":0,"enemies":"Lagavulin","floor":13,"turns":4},{"damage":0,"enemies":"Large Slime","floor":14,"turns":4},{"damage":0,"enemies":"Hexaghost","floor":16,"turns":3},{"damage":0,"enemies":"2 Thieves","floor":18,"turns":2},{"damage":0,"enemies":"Spheric Guardian","floor":19,"turns":2},{"damage":0,"enemies":"Chosen and Byrds","floor":20,"turns":2},{"damage":0,"enemies":"Snecko","floor":21,"turns":2},{"damage":0,"enemies":"3 Cultists","floor":23,"turns":3},{"damage":0,"enemies":"Centurion and Healer","floor":25,"turns":3},{"damage":0,"enemies":"Gremlin Leader","floor":28,"turns":2},{"damage":0,"enemies":"Book of Stabbing","floor":31,"turns":2},{"damage":0,"enemies":"Automaton","floor":33,"turns":2},{"damage":0,"enemies":"3 Shapes","floor":35,"turns":2},{"damage":0,"enemies":"2 Orb Walkers","floor":36,"turns":1},{"damage":0,"enemies":"3 Darklings","floor":37,"turns":2},{"damage":0,"enemies":"Transient","floor":39,"turns":3},{"damage":0,"enemies":"Giant Head","floor":40,"turns":2},{"damage":0,"enemies":"Nemesis","floor":42,"turns":1},{"damage":0,"enemies":"4 Shapes","floor":45,"turns":3},{"damage":0,"enemies":"Giant Head","floor":46,"turns":2},{"damage":0,"enemies":"Sphere and 2 Shapes","floor":48,"turns":2},{"damage":0,"enemies":"hubris:GrandSnecko","floor":50,"turns":2},{"damage":0,"enemies":"Shield and Spear","floor":54,"turns":2},{"damage":0,"enemies":"The Heart","floor":55,"turns":3}],"seed_played":"-2372315797685314442","potions_obtained":[{"floor":42,"key":"Strength Potion"}],"is_trial":false,"path_per_floor":["M","?","?","?","M","R","?","E","T","M","T","?","E","M","R","B",null,"M","M","M","M","?","M","R","M","T","?","E","R","$","E","R","B",null,"M","?","M","?","M","E","R","E","T","R","M","E","?","M","R","B",null,"R","$","E","B",null],"character_chosen":"IRONCLAD","items_purchased":["Strange Spoon","MerchantsRug"],"campfire_rested":0,"item_purchase_floors":[0,0],"current_hp_per_floor":[44,44,44,41,47,47,47,53,53,59,59,59,70,79,79,80,80,94,96,98,100,100,102,102,104,104,104,106,106,106,108,108,110,110,112,114,116,118,120,122,122,124,124,124,126,128,128,130,130,130,130,130,130,132,132],"gold":2008,"neow_bonus":"","is_daily":false,"chose_seed":false,"campfire_upgraded":8,"win_rate":0.0,"timestamp":1609158965,"path_taken":["M","?","?","?","M","R","?","E","T","M","?","?","E","M","R","BOSS","M","M","M","M","?","M","R","M","T","?","E","R","$","E","R","BOSS","M","?","M","?","M","E","R","E","T","R","M","E","?","M","R","BOSS","R","$","E","BOSS"],"items_purchased_type":["Relic","Relic"],"build_version":"2020-12-22","purchased_purges":1,"victory":true,"max_hp_per_floor":[80,80,80,80,80,80,80,80,80,80,80,80,80,80,80,80,80,94,96,98,100,100,102,102,104,104,104,106,106,106,108,108,110,110,112,114,116,118,120,122,122,124,124,124,126,128,128,130,130,130,130,130,130,132,132],"card_choices":[{"not_picked":["Headbutt+1","Cleave+1","Burning Pact+1"],"picked":"SKIP","floor":1},{"not_picked":["Flame Barrier+1","Sword Boomerang+1","Anger+1"],"picked":"SKIP","floor":5},{"not_picked":["Sword Boomerang+1","Body Slam+1","Iron Wave+1"],"picked":"SKIP","floor":8},{"not_picked":["Warcry+1","Anger+1","Evolve+1"],"picked":"SKIP","floor":10},{"not_picked":["Heavy Blade+1","hubris:ReadiedAction+1","hubris:SharpeningStone+1","Slice"],"picked":"SKIP","floor":13},{"not_picked":["Rupture+1","Double Tap+1","Pummel+1","Backflip"],"picked":"SKIP","floor":14},{"not_picked":["Exhume+1","Pommel Strike+1","Perfected Strike+1","Underhanded Strike"],"picked":"SKIP","floor":18},{"not_picked":["Warcry+1","Pommel Strike+1","Headbutt+1","Cloak And Dagger"],"picked":"Singing Bowl","floor":19},{"not_picked":["Inflame+1","Iron Wave+1","Havoc+1","hubris:Sniper"],"picked":"Singing Bowl","floor":20},{"not_picked":["Thunderclap+1","Warcry+1","Dual Wield+1","hubris:Sniper"],"picked":"Singing Bowl","floor":21},{"not_picked":["hubris:CleavingFinish+1","Reckless Charge+1","Flex+1","Choke"],"picked":"Singing Bowl","floor":23},{"not_picked":["Fire Breathing+1","Seeing Red+1","Havoc+1","Cloak And Dagger"],"picked":"Singing Bowl","floor":25},{"not_picked":["Warcry+1","Dual Wield+1","Pommel Strike+1","Deflect"],"picked":"Singing Bowl","floor":28},{"not_picked":["Dropkick+1","Feed+1","hubris:ReadiedAction+1","Cloak And Dagger"],"picked":"Singing Bowl","floor":31},{"not_picked":["Bludgeon+1","Fiend Fire+1","Barricade+1","Tools of the Trade"],"picked":"Singing Bowl","floor":33},{"not_picked":["Perfected Strike+1","Combust+1","Feel No Pain+1","Accuracy"],"picked":"Singing Bowl","floor":35},{"not_picked":["Carnage+1","Twin Strike+1","Searing Blow+1","All Out Attack"],"picked":"Singing Bowl","floor":36},{"not_picked":["Infernal Blade+1","Entrench+1","Second Wind+1","Blur"],"picked":"Singing Bowl","floor":37},{"not_picked":["expansioncontent:LastStand+1","expansioncontent:PolyBeam+1","Apotheosis+1"],"picked":"Singing Bowl","floor":38},{"not_picked":["Blood for Blood+1","Anger+1","Shrug It Off+1","Underhanded Strike"],"picked":"Singing Bowl","floor":39},{"not_picked":["Inflame+1","Anger+1","Blood for Blood+1","Caltrops"],"picked":"Singing Bowl","floor":40},{"not_picked":["Berserk+1","Clash+1","Feel No Pain+1","Finisher"],"picked":"Singing Bowl","floor":42},{"not_picked":["True Grit+1","Uppercut+1","Wild Strike+1","Cloak And Dagger"],"picked":"Singing Bowl","floor":45},{"not_picked":["Warcry+1","Limit Break+1","Armaments+1","Corpse Explosion"],"picked":"Singing Bowl","floor":46},{"not_picked":["Seeing Red+1","Dual Wield+1","Shrug It Off+1","Prepared"],"picked":"Singing Bowl","floor":48},{"not_picked":["Shrug It Off","Bloodletting+1","Feel No Pain","After Image"],"picked":"Singing Bowl","floor":54}],"player_experience":704644,"relics_obtained":[{"floor":8,"key":"Matryoshka"},{"floor":8,"key":"Happy Flower"},{"floor":8,"key":"Oddly Smooth Stone"},{"floor":8,"key":"Lantern"},{"floor":8,"key":"hubris:OldNail"},{"floor":9,"key":"The Courier"},{"floor":9,"key":"Bag of Preparation"},{"floor":10,"key":"Blue Candle"},{"floor":10,"key":"hubris:FunFungus"},{"floor":10,"key":"Dream Catcher"},{"floor":10,"key":"hubris:SlimyHat"},{"floor":10,"key":"Art of War"},{"floor":10,"key":"hubris:DuctTape"},{"floor":11,"key":"Juzu Bracelet"},{"floor":11,"key":"hubris:DisguiseKit"},{"floor":13,"key":"Self Forming Clay"},{"floor":13,"key":"hubris:BottledRain"},{"floor":13,"key":"Bronze Scales"},{"floor":13,"key":"MealTicket"},{"floor":13,"key":"Anchor"},{"floor":13,"key":"construct:FoamFinger"},{"floor":13,"key":"Ancient Tea Set"},{"floor":14,"key":"Guardian:PocketSentry"},{"floor":14,"key":"hubris:TenFootPole"},{"floor":14,"key":"hubris:64BitClover"},{"floor":14,"key":"Blood Vial"},{"floor":14,"key":"hubris:ToyBattleship"},{"floor":14,"key":"Ornamental Fan"},{"floor":16,"key":"Nunchaku"},{"floor":16,"key":"InkBottle"},{"floor":16,"key":"hubris:TinFlute"},{"floor":16,"key":"hubris:CrystalStatue"},{"floor":18,"key":"MawBank"},{"floor":18,"key":"TungstenRod"},{"floor":18,"key":"Mango"},{"floor":18,"key":"Pocketwatch"},{"floor":19,"key":"Mummified Hand"},{"floor":19,"key":"Singing Bowl"},{"floor":19,"key":"hubris:PeanutButter"},{"floor":19,"key":"hubris:MysteriousPyramids"},{"floor":20,"key":"Champion Belt"},{"floor":20,"key":"Sundial"},{"floor":20,"key":"HornCleat"},{"floor":20,"key":"Bottled Lightning"},{"floor":21,"key":"hubris:GlazedTorus"},{"floor":21,"key":"construct:RocketBooster"},{"floor":21,"key":"Bird Faced Urn"},{"floor":21,"key":"hubris:MedicalManual"},{"floor":23,"key":"Incense Burner"},{"floor":23,"key":"hubris:Potato"},{"floor":23,"key":"Unceasing Top"},{"floor":23,"key":"Turnip"},{"floor":23,"key":"Magic Flower"},{"floor":23,"key":"hubris:Zylophone"},{"floor":25,"key":"Lizard Tail"},{"floor":25,"key":"Circlet"},{"floor":25,"key":"Torii"},{"floor":25,"key":"FossilizedHelix"},{"floor":25,"key":"Thread and Needle"},{"floor":25,"key":"hubris:CuriousFeather"},{"floor":25,"key":"Calipers"},{"floor":26,"key":"Circlet"},{"floor":28,"key":"Circlet"},{"floor":28,"key":"Circlet"},{"floor":28,"key":"Circlet"},{"floor":28,"key":"Circlet"},{"floor":28,"key":"Circlet"},{"floor":28,"key":"Circlet"},{"floor":28,"key":"Circlet"},{"floor":31,"key":"Circlet"},{"floor":31,"key":"Circlet"},{"floor":31,"key":"Circlet"},{"floor":31,"key":"Circlet"},{"floor":31,"key":"Circlet"},{"floor":33,"key":"Circlet"},{"floor":33,"key":"Circlet"},{"floor":33,"key":"Circlet"},{"floor":33,"key":"Circlet"},{"floor":35,"key":"Circlet"},{"floor":35,"key":"Circlet"},{"floor":35,"key":"Circlet"},{"floor":35,"key":"Circlet"},{"floor":35,"key":"Circlet"},{"floor":35,"key":"Circlet"},{"floor":36,"key":"Circlet"},{"floor":36,"key":"Circlet"},{"floor":36,"key":"Circlet"},{"floor":37,"key":"Circlet"},{"floor":37,"key":"Circlet"},{"floor":37,"key":"Circlet"},{"floor":37,"key":"Circlet"},{"floor":39,"key":"Circlet"},{"floor":39,"key":"Circlet"},{"floor":39,"key":"Circlet"},{"floor":39,"key":"Circlet"},{"floor":40,"key":"Circlet"},{"floor":40,"key":"Circlet"},{"floor":40,"key":"Circlet"},{"floor":40,"key":"Circlet"},{"floor":40,"key":"Circlet"},{"floor":42,"key":"Circlet"},{"floor":43,"key":"Circlet"},{"floor":45,"key":"Circlet"},{"floor":45,"key":"Circlet"},{"floor":45,"key":"Circlet"},{"floor":45,"key":"Circlet"},{"floor":46,"key":"Circlet"},{"floor":46,"key":"Circlet"},{"floor":46,"key":"Circlet"},{"floor":46,"key":"Circlet"},{"floor":46,"key":"Circlet"},{"floor":46,"key":"Circlet"},{"floor":46,"key":"Circlet"},{"floor":48,"key":"Circlet"},{"floor":48,"key":"Circlet"},{"floor":48,"key":"Circlet"},{"floor":48,"key":"Circlet"},{"floor":48,"key":"Circlet"},{"floor":48,"key":"Circlet"},{"floor":54,"key":"Circlet"},{"floor":54,"key":"Circlet"},{"floor":54,"key":"Circlet"},{"floor":54,"key":"Circlet"},{"floor":54,"key":"Circlet"}],"event_choices":[{"damage_healed":0,"gold_gain":175,"player_choice":"AGREE","damage_taken":0,"max_hp_gain":0,"max_hp_loss":0,"event_name":"Liars Game","floor":2,"gold_loss":0,"cards_obtained":["Doubt"]},{"damage_healed":0,"gold_gain":0,"player_choice":"Success","damage_taken":3,"relics_obtained":["Toy Ornithopter"],"max_hp_gain":0,"max_hp_loss":0,"event_name":"Scrap Ooze","floor":4,"gold_loss":0},{"damage_healed":0,"gold_gain":0,"player_choice":"Take Wound","damage_taken":0,"relics_obtained":["Golden Idol"],"max_hp_gain":0,"max_hp_loss":0,"event_name":"Golden Idol","floor":7,"gold_loss":0,"cards_obtained":["Injury"]},{"damage_healed":0,"gold_gain":99,"player_choice":"Stole From Cult","damage_taken":0,"max_hp_gain":0,"max_hp_loss":0,"event_name":"Nest","floor":22,"gold_loss":0},{"damage_healed":0,"gold_gain":0,"player_choice":"Fight","damage_taken":0,"max_hp_gain":0,"max_hp_loss":0,"event_name":"Mysterious Sphere","floor":36,"gold_loss":0},{"damage_healed":0,"gold_gain":0,"player_choice":"Memory 1","damage_taken":0,"max_hp_gain":0,"max_hp_loss":0,"event_name":"SensoryStone","floor":38,"gold_loss":0},{"damage_healed":0,"gold_gain":0,"player_choice":"Ignored","damage_taken":0,"max_hp_gain":0,"max_hp_loss":0,"event_name":"Tomb of Lord Red Mask","floor":47,"gold_loss":0}],"is_beta":false,"boss_relics":[{"not_picked":["hubris:BlackHole","hubris:ScarierMask"],"picked":"Velvet Choker"},{"not_picked":["Snecko Eye","hubris:RunicObelisk"],"picked":"Cursed Key"}],"items_purged_floors":[0],"is_endless":false,"potions_floor_spawned":[42],"ascension_level":4}}