{"host":"jm9833yuloeli2yd","time":1609118376,"event":{"mods":["AchievementEnabler","BaseMod","Better Altar","Better Match","Better Note","Better Sensory Stone","Better Skull","Better Third Choice","Better Vampires","BetterRewards","Colored Map","Colored Powertips","DeckTracker","Marked Mod","Minty Spire (QoL Compilation)","Permanent Neow","Quick Restart","StSLib","SuperFastMode"],"gold_per_floor":[113,113,133,149,159,159,184,184,211,30,30,30,46,76,76,153,153,167,167,187,5,5,30,30,30,30],"floor_reached":25,"playtime":745,"items_purged":["Strike_B","Strike_B"],"score":658,"play_id":"a90bf11f-0a31-4221-999c-be7407360c58","local_time":"20201227201936","is_ascension_mode":true,"campfire_choices":[{"data":"Cold Snap","floor":6,"key":"SMITH"},{"floor":8,"key":"REST"},{"data":"Zap","floor":11,"key":"SMITH"},{"data":"Darkness","floor":15,"key":"SMITH"},{"floor":24,"key":"REST"}],"circlet_count":0,"master_deck":["AscendersBane","Strike_B+1","Strike_B+1","Defend_B","Defend_B","Defend_B","Zap+1","Dualcast","Doom and Gloom+1","Capacitor","Glacier","Cold Snap+1","Steam Power","Seek","Darkness+1","Conserve Battery","Core Surge","Turbo","Ghostly","Ghostly","Ghostly","Chill+1","Defragment","Glacier","Echo Form"],"relics":["Cracked Core","Whetstone","Potion Belt","Centennial Puzzle","PreservedInsect","Inserter","MealTicket"],"acts_visited":["Exordium","TheCity"],"potions_floor_usage":[7,14,16,18,23,23],"damage_taken":[{"damage":2,"enemies":"2 Louse","floor":1,"turns":3},{"damage":1,"enemies":"Cultist","floor":3,"turns":3},{"damage":7,"enemies":"Small Slimes","floor":4,"turns":2},{"damage":3,"enemies":"2 Fungi Beasts","floor":5,"turns":3},{"damage":27,"enemies":"Gremlin Nob","floor":7,"turns":4},{"damage":4,"enemies":"Looter","floor":13,"turns":3},{"damage":8,"enemies":"Lagavulin","floor":14,"turns":5},{"damage":4,"enemies":"The Guardian","floor":16,"turns":9},{"damage":24,"enemies":"2 Thieves","floor":18,"turns":3},{"damage":7,"enemies":"Shell Parasite","floor":20,"turns":7},{"damage":11,"enemies":"Gremlin Leader","floor":23,"turns":7},{"damage":21,"enemies":"Book of Stabbing","floor":25,"turns":4}],"seed_played":"4898053472388474082","potions_obtained":[{"floor":1,"key":"Regen Potion"},{"floor":4,"key":"FocusPotion"},{"floor":16,"key":"FearPotion"},{"floor":20,"key":"Block Potion"}],"is_trial":false,"path_per_floor":["M","?","M","M","M","R","E","R","T","$","R","?","M","E","R","B",null,"M","?","M","$","?","E","R","E"],"character_chosen":"DEFECT","items_purchased":["Doom and Gloom","Whetstone","Strength Potion","Regen Potion","Defragment","FocusPotion","Glacier"],"campfire_rested":2,"item_purchase_floors":[0,0,0,10,21,21,21],"current_hp_per_floor":[49,49,48,41,38,38,23,44,44,44,44,44,40,46,46,42,64,40,35,28,28,20,9,19,0,0],"gold":30,"neow_bonus":"","is_daily":false,"chose_seed":false,"campfire_upgraded":3,"win_rate":0.0,"timestamp":1609118376,"path_taken":["M","?","M","M","?","R","E","R","T","$","R","?","?","E","R","BOSS","M","?","M","$","?","E","R","E"],"items_purchased_type":["Card","Relic","Potion","Potion","Card","Potion","Card"],"build_version":"2020-12-22","purchased_purges":2,"victory":false,"max_hp_per_floor":[71,71,71,71,71,71,71,71,71,71,71,71,71,71,71,71,71,71,35,35,35,35,35,35,35,35],"card_choices":[{"not_picked":["BootSequence","Hologram"],"picked":"Capacitor","floor":1},{"not_picked":["Rebound","Stack","Streamline"],"picked":"SKIP","floor":3},{"not_picked":["Hologram","Self Repair"],"picked":"Glacier","floor":4},{"not_picked":["Beam Cell","Hologram"],"picked":"Cold Snap","floor":5},{"not_picked":["Beam Cell","Go for the Eyes"],"picked":"Steam Power","floor":7},{"not_picked":["Barrage","Rebound"],"picked":"Darkness","floor":13},{"not_picked":["Rebound","Stack"],"picked":"Conserve Battery","floor":14},{"not_picked":["Hyperbeam","Machine Learning"],"picked":"Core Surge","floor":16},{"not_picked":["Streamline","Reinforced Body"],"picked":"Turbo","floor":18},{"not_picked":["Chaos","Go for the Eyes"],"picked":"Chill+1","floor":20},{"not_picked":["Skim","Aggregate","Streamline+1"],"picked":"SKIP","floor":23}],"player_experience":1162703,"relics_obtained":[{"floor":7,"key":"Potion Belt"},{"floor":9,"key":"Centennial Puzzle"},{"floor":14,"key":"PreservedInsect"},{"floor":23,"key":"MealTicket"}],"event_choices":[{"damage_healed":0,"gold_gain":0,"player_choice":"Upgraded","damage_taken":0,"max_hp_gain":0,"max_hp_loss":0,"event_name":"Upgrade Shrine","floor":2,"gold_loss":0,"cards_upgraded":["Doom and Gloom"]},{"damage_healed":0,"gold_gain":0,"cards_transformed":["Defend_B"],"player_choice":"Transformed","damage_taken":0,"max_hp_gain":0,"max_hp_loss":0,"event_name":"Transmorgrifier","floor":12,"gold_loss":0,"cards_obtained":["Seek"]},{"damage_healed":0,"gold_gain":0,"player_choice":"Became a Ghost","damage_taken":0,"max_hp_gain":0,"max_hp_loss":36,"event_name":"Ghosts","floor":19,"gold_loss":0,"cards_obtained":["Ghostly","Ghostly","Ghostly"]},{"damage_healed":0,"gold_gain":2,"player_choice":"2","damage_taken":0,"max_hp_gain":0,"max_hp_loss":8,"event_name":"betterStone:BetterStone","floor":22,"gold_loss":0}],"is_beta":false,"boss_relics":[{"not_picked":["Sozu","Snecko Eye"],"picked":"Inserter"}],"items_purged_floors":[0,10],"is_endless":false,"potions_floor_spawned":[1,4,16,20],"killed_by":"Book of Stabbing","ascension_level":20}}