{"host":"4gpocmiyl6swb7z6","time":1609195500,"event":{"mods":["AchievementEnabler","BaseMod","Colored Map","Colored Powertips","Minty Spire (QoL Compilation)","Rare Cards Sparkle"],"gold_per_floor":[119,131,150,150,150,150,43,68,95,106,106,106,121,41,41,142,142,155,169,187,187,20,35,69,85,112,125,125,144,144,144],"floor_reached":30,"playtime":4379,"items_purged":["Strike_P"],"score":254,"play_id":"0778f680-8929-47d1-88cf-2fae6137a55f","local_time":"20201228234500","is_ascension_mode":false,"campfire_choices":[{"data":"Eruption","floor":6.0,"key":"SMITH"},{"data":"Adaptation","floor":11.0,"key":"SMITH"},{"floor":15.0,"key":"REST"},{"data":"DevaForm","floor":28,"key":"SMITH"}],"circlet_count":0,"master_deck":["Strike_P","Strike_P","Strike_P","Defend_P+1","Defend_P","Defend_P","Defend_P","Eruption+1","Vigilance","Crescendo+1","SashWhip","Halt+1","Collect+1","Adaptation+1","Fasting2","Consecrate","DeceiveReality","FearNoEvil","MasterReality","ClearTheMind","BattleHymn+1","Indignation+1","Finesse","DevaForm+1","FollowUp","PathToVictory+1"],"relics":["PureWater","Damaru","War Paint","Anchor","Coffee Dripper","MutagenicStrength","Centennial Puzzle","Dream Catcher"],"acts_visited":["Exordium","TheCity"],"potions_floor_usage":[23,30,30,30],"damage_taken":[{"damage":1.0,"enemies":"Cultist","floor":1.0,"turns":4.0},{"damage":0.0,"enemies":"Small Slimes","floor":2.0,"turns":4.0},{"damage":2.0,"enemies":"2 Louse","floor":3.0,"turns":4.0},{"damage":17.0,"enemies":"Lagavulin","floor":8.0,"turns":8.0},{"damage":23.0,"enemies":"Lots of Slimes","floor":10.0,"turns":5.0},{"damage":3.0,"enemies":"2 Fungi Beasts","floor":13.0,"turns":4.0},{"damage":8.0,"enemies":"Hexaghost","floor":16.0,"turns":10.0},{"damage":6.0,"enemies":"3 Byrds","floor":18.0,"turns":5.0},{"damage":12.0,"enemies":"2 Thieves","floor":19.0,"turns":4.0},{"damage":22,"enemies":"Shelled Parasite and Fungi","floor":20,"turns":5},{"damage":19,"enemies":"Snake Plant","floor":23,"turns":4},{"damage":6,"enemies":"Gremlin Leader","floor":24,"turns":4},{"damage":0,"enemies":"Snecko","floor":25,"turns":3},{"damage":0,"enemies":"3 Cultists","floor":27,"turns":4},{"damage":13,"enemies":"Sentry and Sphere","floor":29,"turns":4},{"damage":20,"enemies":"Slavers","floor":30,"turns":1}],"seed_played":"554829668054267359","potions_obtained":[{"floor":2.0,"key":"FearPotion"},{"floor":3.0,"key":"ColorlessPotion"},{"floor":8.0,"key":"DistilledChaos"},{"floor":10.0,"key":"Regen Potion"},{"floor":18.0,"key":"Energy Potion"},{"floor":23,"key":"FearPotion"},{"floor":27,"key":"LiquidMemories"}],"is_trial":false,"path_per_floor":["M","M","M","?","?","R","$","E","T","M","R","?","M","$","R","B",null,"M","M","M","?","$","M","E","M","T","M","R","M","E"],"character_chosen":"WATCHER","items_purchased":["Collect","Adaptation","FearNoEvil","Finesse"],"campfire_rested":1,"item_purchase_floors":[7,7,14,22],"current_hp_per_floor":[78,78,76,60,57,57,57,40,40,17,17,17,14,14,37,29,79,73,61,39,39,39,29,23,23,23,23,23,10,0,0],"gold":144,"neow_bonus":"TEN_PERCENT_HP_BONUS","is_daily":false,"chose_seed":false,"campfire_upgraded":3,"win_rate":0.0,"timestamp":1609195500,"path_taken":["M","M","?","?","?","R","$","E","T","M","R","?","M","$","R","BOSS","M","?","M","?","$","M","E","M","T","M","R","M","E"],"items_purchased_type":["Card","Card","Card","Card"],"build_version":"2020-12-22","purchased_purges":1,"victory":false,"max_hp_per_floor":[79,79,79,79,79,79,79,79,79,79,79,79,79,79,79,79,79,79,79,79,79,79,79,79,79,79,79,79,79,79,79],"card_choices":[{"not_picked":["EmptyBody","EmptyMind"],"picked":"Crescendo","floor":1.0},{"not_picked":["CutThroughFate","BowlingBash"],"picked":"SashWhip","floor":2.0},{"not_picked":["Evaluate","SashWhip"],"picked":"Halt","floor":3.0},{"not_picked":["ConjureBlade","Collect"],"picked":"Fasting2","floor":8.0},{"not_picked":["Meditate","Adaptation"],"picked":"Consecrate","floor":10.0},{"not_picked":["Sanctity","JustLucky"],"picked":"DeceiveReality","floor":13.0},{"not_picked":["ConjureBlade","Omniscience"],"picked":"MasterReality","floor":16.0},{"not_picked":["Protect","Swivel+1"],"picked":"ClearTheMind","floor":18.0},{"not_picked":["WreathOfFlame","WaveOfTheHand"],"picked":"BattleHymn+1","floor":19},{"not_picked":["Swivel+1","WaveOfTheHand"],"picked":"Indignation+1","floor":20},{"not_picked":["Nirvana","EmptyFist","SashWhip"],"picked":"SKIP","floor":23},{"not_picked":["Wallop+1","LikeWater"],"picked":"DevaForm","floor":24},{"not_picked":["Meditate","Pray"],"picked":"FollowUp","floor":25},{"not_picked":["ThirdEye","BowlingBash+1","Adaptation"],"picked":"SKIP","floor":27},{"not_picked":["WreathOfFlame","Sanctity+1"],"picked":"PathToVictory+1","floor":29}],"player_experience":28789,"relics_obtained":[{"floor":8.0,"key":"War Paint"},{"floor":9.0,"key":"Anchor"},{"floor":24,"key":"Centennial Puzzle"},{"floor":26,"key":"Dream Catcher"}],"event_choices":[{"damage_healed":0.0,"max_hp_gain":0.0,"max_hp_loss":0.0,"gold_gain":0.0,"event_name":"Shining Light","player_choice":"Entered Light","floor":4.0,"gold_loss":0.0,"damage_taken":16.0,"cards_upgraded":["Crescendo","Defend_P"]},{"damage_healed":0.0,"max_hp_gain":0.0,"max_hp_loss":0.0,"gold_gain":0.0,"event_name":"Scrap Ooze","player_choice":"Success","floor":5.0,"gold_loss":0.0,"damage_taken":3.0,"relics_obtained":["Damaru"]},{"damage_healed":0.0,"max_hp_gain":0.0,"max_hp_loss":0.0,"gold_gain":0.0,"event_name":"NoteForYourself","player_choice":"Ignored","floor":12.0,"gold_loss":0.0,"damage_taken":0.0},{"damage_healed":0,"gold_gain":0,"player_choice":"Inject Mutagens","damage_taken":0,"relics_obtained":["MutagenicStrength"],"max_hp_gain":0,"max_hp_loss":0,"event_name":"Drug Dealer","floor":21,"gold_loss":0}],"is_beta":false,"boss_relics":[{"not_picked":["VioletLotus","Calling Bell"],"picked":"Coffee Dripper"}],"items_purged_floors":[22],"is_endless":false,"potions_floor_spawned":[2,3,8,10,18,23,27],"killed_by":"Slavers","ascension_level":0}}