{"host":"toh0bbw446wnuexf","time":1609199936,"event":{"mods":["BaseMod","Downfall","Hermit","Minty Spire (QoL Compilation)","Random Character Button","StSLib"],"gold_per_floor":[17,17,17,29,46,46,76,76,154,173,173,199,213,225,225,323,323,336,336,336,336],"floor_reached":20,"playtime":1429,"items_purged":[],"score":183,"play_id":"8ed0a25f-68ce-428b-b0ab-02bde3d7e422","local_time":"20201229125856","is_ascension_mode":true,"campfire_choices":[{"data":"hermit:Determination","floor":6,"key":"SMITH"},{"data":"hermit:Gestalt","floor":8,"key":"SMITH"},{"floor":15,"key":"REST"}],"circlet_count":0,"master_deck":["hermit:Strike_Hermit+1","hermit:Strike_Hermit","hermit:Strike_Hermit","hermit:Defend_Hermit+1","hermit:Defend_Hermit","hermit:Defend_Hermit","hermit:Defend_Hermit","hermit:Snapshot","Sadistic Nature","hermit:Deadeye","hermit:Determination+1","hermit:Gestalt+1","hermit:Coalescence","CurseOfTheBell"],"relics":["hermit:Momento","Potion Belt","Matryoshka","Art of War","Tiny Chest","Calling Bell","MealTicket","Mummified Hand","Torii"],"acts_visited":["Exordium","TheCity"],"potions_floor_usage":[],"damage_taken":[{"damage":0,"enemies":"2 Louse","floor":1,"turns":2},{"damage":0,"enemies":"Small Slimes","floor":4,"turns":4},{"damage":4,"enemies":"Cultist","floor":5,"turns":4},{"damage":22,"enemies":"Lagavulin","floor":7,"turns":7},{"damage":1,"enemies":"Looter","floor":10,"turns":3},{"damage":2,"enemies":"Blue Slaver","floor":13,"turns":4},{"damage":5,"enemies":"2 Fungi Beasts","floor":14,"turns":3},{"damage":6,"enemies":"Slime Boss","floor":16,"turns":11},{"damage":50,"enemies":"3 Byrds","floor":18,"turns":9},{"damage":12,"enemies":"Shell Parasite","floor":20,"turns":3}],"seed_played":"1476410767054207179","potions_obtained":[{"floor":5,"key":"SpeedPotion"},{"floor":7,"key":"CultistPotion"},{"floor":10,"key":"hermit:BlackBile"},{"floor":16,"key":"SteroidPotion"}],"is_trial":false,"path_per_floor":["M","?","?","M","M","R","E","R","T","M","?","T","M","M","R","B",null,"M","?","M"],"character_chosen":"HERMIT","items_purchased":[],"campfire_rested":1,"item_purchase_floors":[],"current_hp_per_floor":[75,75,75,75,71,71,49,49,49,48,33,33,31,26,48,42,75,25,25,13,13],"gold":336,"neow_bonus":"RANDOM_COLORLESS_2","is_daily":false,"chose_seed":false,"campfire_upgraded":2,"win_rate":0.0,"timestamp":1609199936,"path_taken":["M","?","?","M","M","R","E","R","T","?","?","?","M","M","R","BOSS","M","?","M"],"items_purchased_type":[],"build_version":"2020-12-22","purchased_purges":0,"victory":false,"max_hp_per_floor":[75,75,75,75,75,75,75,75,75,75,75,75,75,75,75,75,75,75,75,75,75],"card_choices":[{"not_picked":["Magnetism","HandOfGreed"],"picked":"Sadistic Nature","floor":0},{"not_picked":["hermit:HighCaliber","hermit:Roulette","hermit:TakeAim"],"picked":"SKIP","floor":1},{"not_picked":["hermit:NoHoldsBarred","hermit:Desperado"],"picked":"hermit:Determination","floor":4},{"not_picked":["hermit:Determination","hermit:Combo"],"picked":"hermit:Gestalt","floor":5},{"not_picked":["hermit:ShadowCloak","hermit:Shortfuse","hermit:Manifest"],"picked":"SKIP","floor":7},{"not_picked":["hermit:Vantage","hermit:LowProfile","hermit:Ricochet"],"picked":"SKIP","floor":10},{"not_picked":["hermit:GoldenBullet","hermit:Malice","hermit:Determination"],"picked":"SKIP","floor":13},{"not_picked":["hermit:SprayPray","hermit:TakeAim"],"picked":"hermit:Coalescence","floor":14},{"not_picked":["hermit:BodyArmor","hermit:Scavenge+1","hermit:Glare"],"picked":"SKIP","floor":18}],"player_experience":544500,"relics_obtained":[{"floor":7,"key":"Potion Belt"},{"floor":9,"key":"Matryoshka"},{"floor":12,"key":"Art of War"},{"floor":12,"key":"Tiny Chest"},{"floor":17,"key":"MealTicket"},{"floor":17,"key":"Mummified Hand"},{"floor":17,"key":"Torii"}],"event_choices":[{"damage_healed":0,"gold_gain":0,"cards_transformed":["hermit:Covet"],"player_choice":"Change","damage_taken":0,"max_hp_gain":0,"max_hp_loss":0,"event_name":"Living Wall","floor":2,"gold_loss":0,"cards_obtained":["hermit:Deadeye"]},{"cards_removed":["hermit:Strike_Hermit"],"damage_healed":0,"gold_gain":0,"player_choice":"Card Removal","damage_taken":0,"max_hp_gain":0,"max_hp_loss":0,"event_name":"Wheel of Change","floor":3,"gold_loss":0},{"damage_healed":0,"gold_gain":0,"player_choice":"Entered Light","damage_taken":15,"max_hp_gain":0,"max_hp_loss":0,"event_name":"Shining Light","floor":11,"gold_loss":0,"cards_upgraded":["hermit:Defend_Hermit","hermit:Strike_Hermit"]},{"damage_healed":0,"gold_gain":0,"player_choice":"Ignored","damage_taken":0,"max_hp_gain":0,"max_hp_loss":0,"event_name":"Ghosts","floor":19,"gold_loss":0}],"is_beta":false,"boss_relics":[{"not_picked":["Pandora\u0027s Box","Cursed Key"],"picked":"Calling Bell"}],"items_purged_floors":[],"is_endless":false,"potions_floor_spawned":[5,7,10,16],"killed_by":"Shell Parasite","ascension_level":1}}