{"host":"z9811rt50ti81n54","time":1609123289,"event":{"mods":["BaseMod","Minty Spire (QoL Compilation)"],"gold_per_floor":[113,4,18,18,38,38,66,79,79,91,119,119,129,163,163,265,265,281,281,19,19,19,54,54,69,69,108,137,137,56,56,56,167,176,187,112,112,12,40,40,54,54,54,54,54,113,161,192,192,192,192,192,67,107,107],"floor_reached":56,"playtime":2106,"items_purged":["Strike_B","Strike_B","Parasite"],"score":1477,"play_id":"37bd014c-5b1c-41ee-a296-923e5339d744","local_time":"20201228114129","is_ascension_mode":true,"campfire_choices":[{"data":"Defragment","floor":6,"key":"SMITH"},{"data":"Consume","floor":12,"key":"SMITH"},{"data":"Buffer","floor":15,"key":"SMITH"},{"floor":24,"key":"RECALL"},{"data":"Defragment","floor":29,"key":"SMITH"},{"data":"Static Discharge","floor":32,"key":"SMITH"},{"data":"White Noise","floor":40,"key":"SMITH"},{"data":"Skim","floor":42,"key":"SMITH"},{"data":"Coolheaded","floor":45,"key":"SMITH"},{"floor":49,"key":"REST"},{"data":"Reboot","floor":52,"key":"SMITH"}],"circlet_count":0,"master_deck":["Defend_B","Defend_B","Defend_B","Defend_B","Zap","Dualcast","Defragment+1","Turbo","Cold Snap","Consume+1","Sweeping Beam","Ball Lightning","Leap","Compile Driver","Defragment+1","Buffer+1","Electrodynamics","Coolheaded+1","Stack","RitualDagger","Skim+1","Glacier+1","Static Discharge+1","Coolheaded+1","Amplify","CurseOfTheBell","White Noise+1","Reboot+1","Coolheaded+1","Compile Driver+1"],"relics":["Cracked Core","PreservedInsect","Bag of Marbles","Torii","White Beast Statue","Orichalcum","Sundial","Velvet Choker","Eternal Feather","CeramicFish","MealTicket","Molten Egg 2","Calling Bell","Bronze Scales","Shuriken","Turnip","CaptainsWheel","Boot","Bag of Preparation"],"acts_visited":["Exordium","TheCity","TheBeyond","TheEnding"],"potions_floor_usage":[16,16,33,33,33,44,54,55,55],"damage_taken":[{"damage":4,"enemies":"Jaw Worm","floor":1,"turns":3},{"damage":1,"enemies":"Cultist","floor":3,"turns":3},{"damage":0,"enemies":"Small Slimes","floor":5,"turns":2},{"damage":16,"enemies":"Gremlin Nob","floor":7,"turns":3},{"damage":1,"enemies":"Exordium Thugs","floor":8,"turns":5},{"damage":0,"enemies":"2 Fungi Beasts","floor":10,"turns":2},{"damage":6,"enemies":"Lagavulin","floor":11,"turns":5},{"damage":9,"enemies":"Exordium Wildlife","floor":13,"turns":4},{"damage":2,"enemies":"3 Sentries","floor":14,"turns":4},{"damage":0,"enemies":"Slime Boss","floor":16,"turns":7},{"damage":1,"enemies":"Chosen","floor":18,"turns":4},{"damage":0,"enemies":"Gremlin Leader","floor":23,"turns":4},{"damage":4,"enemies":"3 Byrds","floor":25,"turns":3},{"damage":14,"enemies":"Slavers","floor":27,"turns":4},{"damage":0,"enemies":"Snecko","floor":28,"turns":4},{"damage":38,"enemies":"Champ","floor":33,"turns":17},{"damage":0,"enemies":"Orb Walker","floor":35,"turns":3},{"damage":1,"enemies":"3 Shapes","floor":39,"turns":2},{"damage":2,"enemies":"Sphere and 2 Shapes","floor":41,"turns":3},{"damage":0,"enemies":"Nemesis","floor":44,"turns":2},{"damage":0,"enemies":"Mind Bloom Boss Battle","floor":46,"turns":5},{"damage":37,"enemies":"Writhing Mass","floor":48,"turns":5},{"damage":55,"enemies":"Time Eater","floor":50,"turns":13},{"damage":26,"enemies":"Shield and Spear","floor":54,"turns":2},{"damage":61,"enemies":"The Heart","floor":55,"turns":8}],"seed_played":"-7825938174196380251","potions_obtained":[{"floor":3,"key":"Weak Potion"},{"floor":7,"key":"SteroidPotion"},{"floor":8,"key":"SmokeBomb"},{"floor":10,"key":"Ancient Potion"},{"floor":13,"key":"PowerPotion"},{"floor":16,"key":"LiquidBronze"},{"floor":18,"key":"SpeedPotion"},{"floor":27,"key":"EntropicBrew"},{"floor":28,"key":"BlessingOfTheForge"},{"floor":33,"key":"BlessingOfTheForge"},{"floor":46,"key":"Explosive Potion"},{"floor":54,"key":"PowerPotion"}],"is_trial":false,"path_per_floor":["M","$","M","?","M","R","E","M","T","M","E","R","M","E","R","B",null,"M","?","$","?","?","E","R","M","T","E","M","R","$","?","R","B",null,"M","$","?","$","M","R","M","R","T","E","R","?","T","M","R","B",null,"R","$","E","B",null],"character_chosen":"DEFECT","items_purchased":["Defragment","Turbo","Eternal Feather","Static Discharge","Coolheaded"],"campfire_rested":1,"item_purchase_floors":[2,2,20,30,30],"current_hp_per_floor":[71,71,70,70,70,70,54,53,53,53,47,47,38,36,36,36,75,74,74,74,74,68,68,75,71,71,57,57,72,75,75,75,37,75,75,75,75,75,74,75,73,75,75,75,75,75,75,38,75,20,75,75,72,46,6],"gold":107,"neow_bonus":"RANDOM_COMMON_RELIC","is_daily":false,"chose_seed":false,"campfire_upgraded":9,"win_rate":0.0,"timestamp":1609123289,"path_taken":["M","$","M","?","?","R","E","M","T","M","E","R","M","E","R","BOSS","M","?","?","?","?","E","R","M","T","E","?","R","$","?","R","BOSS","M","$","?","$","M","R","M","R","T","E","R","?","?","M","R","BOSS","R","$","E","BOSS"],"items_purchased_type":["Card","Card","Relic","Card","Card"],"build_version":"2020-12-22","purchased_purges":3,"victory":true,"max_hp_per_floor":[75,75,75,75,75,75,75,75,75,75,75,75,75,75,75,75,75,75,75,75,75,75,75,75,75,75,75,75,75,75,75,75,75,75,75,75,75,75,75,75,75,75,75,75,75,75,75,75,75,75,75,75,72,72,72],"card_choices":[{"not_picked":["Redo","Undo"],"picked":"FTL","floor":1},{"not_picked":["Darkness","Double Energy"],"picked":"Cold Snap","floor":3},{"not_picked":["Rebound","Hologram"],"picked":"Consume","floor":5},{"not_picked":["Scrape","Turbo"],"picked":"Sweeping Beam","floor":7},{"not_picked":["Scrape","Sweeping Beam"],"picked":"Ball Lightning","floor":8},{"not_picked":["Barrage","Reprogram"],"picked":"Leap","floor":10},{"not_picked":["Scrape","Conserve Battery"],"picked":"Compile Driver","floor":11},{"not_picked":["Leap","Go for the Eyes"],"picked":"Defragment","floor":13},{"not_picked":["Leap","Redo"],"picked":"Buffer","floor":14},{"not_picked":["Creative AI","Meteor Strike"],"picked":"Electrodynamics","floor":16},{"not_picked":["Gash","Consume+1"],"picked":"Coolheaded+1","floor":18},{"not_picked":["Blizzard+1","Genetic Algorithm","Redo"],"picked":"SKIP","floor":23},{"not_picked":["Turbo+1","Auto Shields","Sweeping Beam"],"picked":"SKIP","floor":25},{"not_picked":["Conserve Battery","Leap"],"picked":"Skim","floor":27},{"not_picked":["Sweeping Beam+1","Go for the Eyes+1"],"picked":"Glacier+1","floor":28},{"not_picked":["Biased Cognition","Electrodynamics"],"picked":"Amplify","floor":33},{"not_picked":["Cold Snap+1","Sweeping Beam+1","Consume"],"picked":"SKIP","floor":35},{"not_picked":["Steam Power","Tempest"],"picked":"White Noise","floor":39},{"not_picked":["Tempest+1","Sunder+1","Auto Shields+1"],"picked":"SKIP","floor":41},{"not_picked":["Turbo+1","Genetic Algorithm"],"picked":"Reboot","floor":46},{"not_picked":["Gash+1","Stack+1"],"picked":"Coolheaded+1","floor":48},{"not_picked":["Chill+1","Gash+1"],"picked":"Compile Driver+1","floor":54}],"player_experience":245118,"relics_obtained":[{"floor":7,"key":"Torii"},{"floor":9,"key":"White Beast Statue"},{"floor":11,"key":"Orichalcum"},{"floor":14,"key":"Sundial"},{"floor":23,"key":"CeramicFish"},{"floor":26,"key":"MealTicket"},{"floor":27,"key":"Molten Egg 2"},{"floor":34,"key":"Bronze Scales"},{"floor":34,"key":"Shuriken"},{"floor":34,"key":"Turnip"},{"floor":46,"key":"CaptainsWheel"},{"floor":47,"key":"Boot"},{"floor":54,"key":"Bag of Preparation"}],"event_choices":[{"damage_healed":0,"gold_gain":0,"player_choice":"Gave Potion","damage_taken":0,"relics_obtained":["Bag of Marbles"],"max_hp_gain":0,"max_hp_loss":0,"event_name":"WeMeetAgain","floor":4,"gold_loss":0},{"damage_healed":0,"gold_gain":0,"cards_transformed":["Strike_B"],"player_choice":"Transformed","damage_taken":0,"max_hp_gain":0,"max_hp_loss":0,"event_name":"Transmorgrifier","floor":19,"gold_loss":0,"cards_obtained":["Stack"]},{"damage_healed":0,"gold_gain":0,"player_choice":"Ignored","damage_taken":0,"max_hp_gain":0,"max_hp_loss":0,"event_name":"Vampires","floor":21,"gold_loss":0},{"damage_healed":0,"gold_gain":0,"player_choice":"Joined the Cult","damage_taken":6,"max_hp_gain":0,"max_hp_loss":0,"event_name":"Nest","floor":22,"gold_loss":0,"cards_obtained":["RitualDagger"]},{"cards_removed":["Strike_B"],"damage_healed":0,"gold_gain":0,"player_choice":"Elegance","damage_taken":0,"max_hp_gain":0,"max_hp_loss":0,"event_name":"Back to Basics","floor":31,"gold_loss":0},{"cards_removed":["FTL"],"damage_healed":0,"gold_gain":0,"player_choice":"Removed Attack","damage_taken":0,"max_hp_gain":0,"max_hp_loss":0,"event_name":"Falling","floor":37,"gold_loss":0},{"damage_healed":0,"gold_gain":0,"player_choice":"Fight","damage_taken":0,"max_hp_gain":0,"max_hp_loss":0,"event_name":"MindBloom","floor":46,"gold_loss":0}],"is_beta":false,"boss_relics":[{"not_picked":["Tiny House","Astrolabe"],"picked":"Velvet Choker"},{"not_picked":["Nuclear Battery","Runic Dome"],"picked":"Calling Bell"}],"items_purged_floors":[36,38,53],"is_endless":false,"potions_floor_spawned":[3,7,8,10,11,13,14,16,18,23,25,27,28,33,35,39,41,44,46,48,54],"ascension_level":4}}