{"host":"tiwza2kisyyrpq7h","time":1609191944,"event":{"mods":["BaseMod","Colored Powertips","Minty Spire (QoL Compilation)","Quick Restart","Rare Cards Sparkle","StSLib","SuperFastMode","The Servant 0.9.4","óô»ðÖ¸ÄÏ"],"gold_per_floor":[119,269,289,289,309,309,384,13,39,39,52,52,105,134,134,225,225,238,238,238,238,216,216,236,19,44,44,75,101,159,186,198,286,298,324,352,364,386,411,423,435,447,459,5,34,45,108,118,118,118,118],"floor_reached":52,"playtime":3317,"items_purged":["Clumsy","Writhe","Strike_R"],"score":1808,"play_id":"2116ddf4-464b-4008-880c-647c2695a1f7","local_time":"20201229054544","is_ascension_mode":true,"campfire_choices":[{"data":"Spot Weakness","floor":6.0,"key":"SMITH"},{"data":"Flame Barrier","floor":10.0,"key":"SMITH"},{"data":"Pommel Strike","floor":12.0,"key":"SMITH"},{"data":"Inflame","floor":15.0,"key":"SMITH"},{"floor":23.0,"key":"REST"},{"floor":27.0,"key":"REST"},{"floor":32.0,"key":"REST"},{"data":"Armaments","floor":40.0,"key":"SMITH"},{"data":"Dual Wield","floor":49.0,"key":"SMITH"}],"circlet_count":0,"master_deck":["AscendersBane","Strike_R","Strike_R","Strike_R","Strike_R","Defend_R","Defend_R","Defend_R","Defend_R","Bash","Sever Soul","Iron Wave","Spot Weakness+1","Flame Barrier+1","Inflame+1","Pommel Strike+1","Dual Wield+1","Cleave","Reaper","Sword Boomerang","Dark Embrace","Armaments+1","Double Tap","Corruption","Flame Barrier+1","Uppercut+1","Warcry+1","Transmutation","Secret Technique","Apotheosis","True Grit","Fire Breathing+1","Shrug It Off","Burning Pact+1"],"relics":["Burning Blood","Ice Cream","Frozen Eye","PreservedInsect","Calipers","Mark of Pain","Nilry\u0027s Codex","Smiling Mask","Regal Pillow","MawBank","Ancient Tea Set","Sozu","Self Forming Clay","OrangePellets","Magic Flower"],"acts_visited":["Exordium","TheCity","TheBeyond"],"potions_floor_usage":[50],"damage_taken":[{"damage":4.0,"enemies":"2 Louse","floor":1.0,"turns":3.0},{"damage":8.0,"enemies":"Small Slimes","floor":3.0,"turns":5.0},{"damage":7.0,"enemies":"Jaw Worm","floor":5.0,"turns":2.0},{"damage":6.0,"enemies":"Looter","floor":11.0,"turns":3.0},{"damage":7.0,"enemies":"3 Louse","floor":13.0,"turns":4.0},{"damage":0.0,"enemies":"Lagavulin","floor":14.0,"turns":5.0},{"damage":29.0,"enemies":"Hexaghost","floor":16.0,"turns":9.0},{"damage":25.0,"enemies":"Chosen","floor":18.0,"turns":4.0},{"damage":12.0,"enemies":"2 Thieves","floor":22.0,"turns":4.0},{"damage":53.0,"enemies":"Cultist and Chosen","floor":24.0,"turns":6.0},{"damage":21.0,"enemies":"Gremlin Leader","floor":28.0,"turns":5.0},{"damage":45.0,"enemies":"Chosen and Byrds","floor":29.0,"turns":5.0},{"damage":28.0,"enemies":"Snake Plant","floor":31.0,"turns":4.0},{"damage":89.0,"enemies":"Collector","floor":33.0,"turns":10.0},{"damage":44.0,"enemies":"3 Shapes","floor":35.0,"turns":5.0},{"damage":23.0,"enemies":"3 Darklings","floor":36.0,"turns":7.0},{"damage":93.0,"enemies":"4 Shapes","floor":38.0,"turns":5.0},{"damage":17.0,"enemies":"Transient","floor":39.0,"turns":6.0},{"damage":27.0,"enemies":"Nemesis","floor":45.0,"turns":5.0},{"damage":3.0,"enemies":"Sphere and 2 Shapes","floor":46.0,"turns":3.0},{"damage":15.0,"enemies":"Jaw Worm Horde","floor":47.0,"turns":6.0},{"damage":13.0,"enemies":"Transient","floor":48.0,"turns":6.0},{"damage":88,"enemies":"Time Eater","floor":50,"turns":8},{"damage":135,"enemies":"Awakened One","floor":51,"turns":9}],"seed_played":"-8996486361136172614","potions_obtained":[{"floor":5.0,"key":"Energy Potion"},{"floor":11.0,"key":"ColorlessPotion"},{"floor":14.0,"key":"ColorlessPotion"},{"floor":16.0,"key":"Dexterity Potion"},{"floor":24.0,"key":"DuplicationPotion"},{"floor":33.0,"key":"Ancient Potion"}],"is_trial":false,"path_per_floor":["M","?","M","?","M","R","?","$","T","R","M","R","M","E","R","B",null,"M","?","?","?","M","R","M","R","T","R","E","M","T","M","R","B",null,"M","M","?","M","M","R","?","?","T","$","E","M","M","M","R","B","B",null],"character_chosen":"IRONCLAD","items_purchased":["Frozen Eye","Flame Barrier","Inflame","Dark Embrace","Armaments","Swift Potion","Apotheosis","OrangePellets","True Grit"],"campfire_rested":3,"item_purchase_floors":[8,8,8,25,25,25,44,44,44],"current_hp_per_floor":[70,70,68,68,67,67,56,56,56,56,56,56,55,61,61,38,66,47,47,26,26,20,42,17,17,17,54,72,33,33,11,48,75,75,58,75,64,36,41,41,31,31,31,31,11,25,25,61,61,75,64],"gold":118,"neow_bonus":"ONE_RARE_RELIC","is_daily":false,"chose_seed":false,"campfire_upgraded":6,"win_rate":0.0,"timestamp":1609191944,"path_taken":["M","?","M","?","M","R","?","?","T","R","M","R","M","E","R","BOSS","M","?","?","?","M","R","M","R","T","R","E","M","?","M","R","BOSS","M","?","?","M","?","R","?","?","T","$","E","M","M","M","R","BOSS","BOSS"],"items_purchased_type":["Relic","Card","Card","Card","Card","Potion","Card","Relic","Card"],"build_version":"2020-12-22","purchased_purges":3,"victory":true,"max_hp_per_floor":[75,75,75,75,75,75,75,75,75,75,75,75,75,75,75,75,75,75,75,75,75,75,75,75,75,75,75,75,75,75,75,75,75,75,75,75,75,75,75,75,75,75,75,75,75,75,75,75,75,75,75],"card_choices":[{"not_picked":["Warcry","Flex"],"picked":"Sever Soul","floor":1.0},{"not_picked":["Havoc","Entrench"],"picked":"Iron Wave","floor":3.0},{"not_picked":["Metallicize","Flame Barrier"],"picked":"Spot Weakness","floor":5.0},{"not_picked":["True Grit","Flex"],"picked":"Pommel Strike","floor":11.0},{"not_picked":["Spot Weakness","Warcry"],"picked":"Dual Wield","floor":13.0},{"not_picked":["Sword Boomerang","Rupture"],"picked":"Cleave","floor":14.0},{"not_picked":["Juggernaut","Demon Form"],"picked":"Reaper","floor":16.0},{"not_picked":["Warcry","Clothesline"],"picked":"Sword Boomerang","floor":18.0},{"not_picked":["Sword Boomerang","Pommel Strike+1","Anger"],"picked":"SKIP","floor":22.0},{"not_picked":["Headbutt","Combust"],"picked":"Warcry","floor":24.0},{"not_picked":["True Grit","Whirlwind"],"picked":"Double Tap","floor":28.0},{"not_picked":["Inflame","Cleave","Pommel Strike"],"picked":"SKIP","floor":29.0},{"not_picked":["Clothesline","Flex","Thunderclap"],"picked":"SKIP","floor":31.0},{"not_picked":["Immolate","Demon Form"],"picked":"Corruption","floor":33.0},{"not_picked":["Clothesline+1","Ghostly Armor"],"picked":"Flame Barrier+1","floor":35.0},{"not_picked":["Havoc","Shockwave"],"picked":"Uppercut+1","floor":36.0},{"not_picked":["Thunderclap","Sword Boomerang"],"picked":"Warcry+1","floor":38.0},{"not_picked":["Clash","Pommel Strike","Heavy Blade"],"picked":"SKIP","floor":39.0},{"not_picked":["Violence","Master of Strategy"],"picked":"Transmutation","floor":41.0},{"not_picked":["Impatience","Forethought"],"picked":"Secret Technique","floor":41.0},{"not_picked":["Anger","Perfected Strike"],"picked":"Fire Breathing+1","floor":45.0},{"not_picked":["Entrench","Havoc+1"],"picked":"Shrug It Off","floor":46.0},{"not_picked":["Clothesline","Perfected Strike","Thunderclap"],"picked":"SKIP","floor":47.0},{"not_picked":["Ghostly Armor+1","Infernal Blade+1"],"picked":"Burning Pact+1","floor":48.0}],"player_experience":892761,"relics_obtained":[{"floor":9.0,"key":"PreservedInsect"},{"floor":14.0,"key":"Calipers"},{"floor":20.0,"key":"Nilry\u0027s Codex"},{"floor":26.0,"key":"Regal Pillow"},{"floor":28.0,"key":"MawBank"},{"floor":30.0,"key":"Ancient Tea Set"},{"floor":43.0,"key":"Self Forming Clay"},{"floor":45.0,"key":"Magic Flower"}],"event_choices":[{"damage_healed":0.0,"max_hp_gain":0.0,"max_hp_loss":0.0,"gold_gain":150.0,"event_name":"Liars Game","player_choice":"AGREE","floor":2.0,"gold_loss":0.0,"damage_taken":0.0,"cards_obtained":["Doubt"]},{"cards_removed":["Doubt"],"damage_healed":0.0,"max_hp_gain":0.0,"max_hp_loss":0.0,"gold_gain":0.0,"event_name":"Living Wall","player_choice":"Forget","floor":4.0,"gold_loss":0.0,"damage_taken":0.0},{"damage_healed":0.0,"max_hp_gain":0.0,"max_hp_loss":0.0,"gold_gain":75.0,"event_name":"World of Goop","player_choice":"Gather Gold","floor":7.0,"gold_loss":0.0,"damage_taken":11.0},{"damage_healed":0.0,"max_hp_gain":0.0,"max_hp_loss":0.0,"gold_gain":0.0,"event_name":"Vampires","player_choice":"Ignored","floor":19.0,"gold_loss":0.0,"damage_taken":0.0},{"damage_healed":0.0,"max_hp_gain":0.0,"max_hp_loss":0.0,"gold_gain":0.0,"event_name":"Cursed Tome","player_choice":"Obtained Book","floor":20.0,"gold_loss":0.0,"damage_taken":21.0},{"damage_healed":0.0,"max_hp_gain":0.0,"max_hp_loss":0.0,"gold_gain":0.0,"event_name":"The Mausoleum","player_choice":"Opened","floor":21.0,"gold_loss":0.0,"damage_taken":0.0,"relics_obtained":["Smiling Mask"],"cards_obtained":["Writhe"]},{"damage_healed":0.0,"max_hp_gain":0.0,"max_hp_loss":0.0,"gold_gain":0.0,"event_name":"Wheel of Change","player_choice":"Damaged","floor":37.0,"gold_loss":0.0,"damage_taken":11.0},{"damage_healed":0.0,"max_hp_gain":0.0,"max_hp_loss":0.0,"gold_gain":0.0,"event_name":"SensoryStone","player_choice":"Memory 3","floor":41.0,"gold_loss":0.0,"damage_taken":10.0},{"cards_removed":["Warcry"],"damage_healed":0.0,"max_hp_gain":0.0,"max_hp_loss":0.0,"gold_gain":0.0,"event_name":"Falling","player_choice":"Removed Skill","floor":42.0,"gold_loss":0.0,"damage_taken":0.0}],"is_beta":false,"boss_relics":[{"not_picked":["Philosopher\u0027s Stone","Black Blood"],"picked":"Mark of Pain"},{"not_picked":["Velvet Choker","Runic Cube"],"picked":"Sozu"}],"items_purged_floors":[8,25,44],"is_endless":false,"potions_floor_spawned":[5,11,14,16,18,24,33,36,39,46,47],"ascension_level":20}}