{"host":"k5dhp0bkccqfauyu","time":1609129143,"event":{"mods":["BaseMod","Better Note","Better Skull","Better Vampires","Colored Map","Colored Powertips","DeckTracker","Minty Spire (QoL Compilation)","Permanent Neow","StSLib","SuperFastMode"],"gold_per_floor":[110,121,133,148,168,202,202,202,227,256,275,307,307,307,307,403,403,422,435,451,143,160,195,207,250,289,301,313,337,349,394,406,519,531,554,1565,1577,1589,1601,1613,1651,1681,1764,1216,1216,1216,1216],"floor_reached":46,"playtime":1582,"items_purged":["Strike_P","Normality"],"score":760,"play_id":"c3cf4ec4-3f6f-4eb4-ac34-b87d599cd4c3","local_time":"20201228151903","is_ascension_mode":true,"campfire_choices":[{"data":"Meditate","floor":8,"key":"SMITH"},{"data":"Meditate","floor":13,"key":"SMITH"},{"data":"WheelKick","floor":15,"key":"SMITH"},{"data":"Blasphemy","floor":24,"key":"SMITH"},{"data":"MentalFortress","floor":30,"key":"SMITH"},{"data":"CrushJoints","floor":32,"key":"SMITH"},{"data":"Scrawl","floor":40,"key":"SMITH"}],"circlet_count":0,"master_deck":["Defend_P+1","Defend_P+1","Eruption+1","Vigilance","Meditate+1","Meditate+1","CutThroughFate","LikeWater+1","DeceiveReality+1","WheelKick+1","Consecrate","Blasphemy+1","EmptyBody+1","BowlingBash+1","MentalFortress+1","MentalFortress+1","CrushJoints+1","DevaForm","Finesse","Scrawl+1","Sanctity+1","Blasphemy+1","Vengeance+1","Normality","Fasting2","Tantrum+1"],"relics":["PureWater","Pen Nib","Bag of Marbles","Centennial Puzzle","Nunchaku","Dream Catcher","Empty Cage","Akabeko","MawBank","Blood Vial","War Paint","Ornamental Fan","Astrolabe","Prayer Wheel","Toolbox","Bottled Tornado"],"acts_visited":["Exordium","TheCity","TheBeyond"],"potions_floor_usage":[6,6,10,18,23,23,31,41],"damage_taken":[{"damage":2,"enemies":"Jaw Worm","floor":1,"turns":3},{"damage":0,"enemies":"2 Louse","floor":2,"turns":1},{"damage":0,"enemies":"Small Slimes","floor":3,"turns":4},{"damage":2,"enemies":"Blue Slaver","floor":4,"turns":4},{"damage":3,"enemies":"3 Louse","floor":5,"turns":3},{"damage":8,"enemies":"Lagavulin","floor":6,"turns":4},{"damage":0,"enemies":"Gremlin Nob","floor":10,"turns":2},{"damage":1,"enemies":"Looter","floor":11,"turns":2},{"damage":0,"enemies":"3 Sentries","floor":12,"turns":8},{"damage":0,"enemies":"The Guardian","floor":16,"turns":10},{"damage":0,"enemies":"3 Byrds","floor":18,"turns":4},{"damage":0,"enemies":"Spheric Guardian","floor":19,"turns":2},{"damage":0,"enemies":"Centurion and Healer","floor":20,"turns":3},{"damage":2,"enemies":"Shelled Parasite and Fungi","floor":22,"turns":3},{"damage":5,"enemies":"Slavers","floor":23,"turns":2},{"damage":13,"enemies":"Gremlin Leader","floor":25,"turns":5},{"damage":0,"enemies":"3 Cultists","floor":29,"turns":3},{"damage":0,"enemies":"Book of Stabbing","floor":31,"turns":4},{"damage":4,"enemies":"Champ","floor":33,"turns":7},{"damage":0,"enemies":"3 Shapes","floor":35,"turns":4},{"damage":48,"enemies":"Giant Head","floor":41,"turns":10},{"damage":0,"enemies":"Orb Walker","floor":42,"turns":4},{"damage":90,"enemies":"Writhing Mass","floor":46,"turns":2}],"seed_played":"6930980638561359863","potions_obtained":[{"floor":2,"key":"SteroidPotion"},{"floor":3,"key":"SkillPotion"},{"floor":5,"key":"Swift Potion"},{"floor":11,"key":"LiquidBronze"},{"floor":16,"key":"SkillPotion"},{"floor":18,"key":"AttackPotion"},{"floor":22,"key":"PowerPotion"},{"floor":25,"key":"Ancient Potion"},{"floor":29,"key":"Swift Potion"},{"floor":31,"key":"SpeedPotion"},{"floor":42,"key":"Ancient Potion"}],"is_trial":false,"path_per_floor":["M","M","M","M","M","E","?","R","T","E","M","E","R","?","R","B",null,"M","M","M","$","M","E","R","E","T","?","?","M","R","E","R","B",null,"M","?","?","?","?","R","E","M","T","$","?","M"],"character_chosen":"WATCHER","items_purchased":["MentalFortress","Akabeko","Toolbox","Bottled Tornado","DuplicationPotion"],"campfire_rested":0,"item_purchase_floors":[21,21,44,44,44],"current_hp_per_floor":[70,70,70,68,65,57,57,57,57,57,56,56,56,42,42,42,72,72,72,72,72,70,65,65,52,52,72,72,72,72,72,72,68,72,72,72,72,72,68,68,20,22,22,22,59,0,0],"gold":1216,"neow_bonus":"UPGRADE_CARD","is_daily":false,"chose_seed":false,"campfire_upgraded":7,"win_rate":0.0,"timestamp":1609129143,"path_taken":["M","M","M","M","M","E","?","R","T","E","M","E","R","?","R","BOSS","M","M","M","$","M","E","R","E","T","?","?","M","R","E","R","BOSS","M","?","?","?","?","R","E","M","T","$","?","?"],"items_purchased_type":["Card","Relic","Relic","Relic","Potion"],"build_version":"2020-12-22","purchased_purges":2,"victory":false,"max_hp_per_floor":[72,72,72,72,72,72,72,72,72,72,72,72,72,72,72,72,72,72,72,72,72,72,72,72,72,72,72,72,72,72,72,72,72,72,72,72,72,72,68,68,68,68,68,68,59,59,59],"card_choices":[{"not_picked":["SashWhip","Protect"],"picked":"Meditate","floor":1},{"not_picked":["CutThroughFate","WreathOfFlame"],"picked":"Meditate","floor":2},{"not_picked":["Evaluate","FlyingSleeves","Judgement"],"picked":"SKIP","floor":3},{"not_picked":["SashWhip","WreathOfFlame"],"picked":"CutThroughFate","floor":4},{"not_picked":["PathToVictory","Pray"],"picked":"LikeWater","floor":5},{"not_picked":["Worship","Judgement","CutThroughFate"],"picked":"SKIP","floor":6},{"not_picked":["WindmillStrike","SashWhip"],"picked":"DeceiveReality","floor":10},{"not_picked":["FlyingSleeves","ThirdEye"],"picked":"WheelKick","floor":11},{"not_picked":["JustLucky","Halt"],"picked":"Consecrate","floor":12},{"not_picked":["Brilliance","Judgement"],"picked":"Blasphemy","floor":16},{"not_picked":["BowlingBash","Weave"],"picked":"EmptyBody+1","floor":18},{"not_picked":["PathToVictory","EmptyBody"],"picked":"BowlingBash+1","floor":19},{"not_picked":["SashWhip","Prostrate+1"],"picked":"MentalFortress+1","floor":20},{"not_picked":["ReachHeaven","PathToVictory"],"picked":"CrushJoints","floor":22},{"not_picked":["Swivel","WindmillStrike+1"],"picked":"DevaForm","floor":23},{"not_picked":["Worship+1","DeceiveReality","SashWhip"],"picked":"SKIP","floor":25},{"not_picked":["ReachHeaven","Consecrate","ClearTheMind"],"picked":"SKIP","floor":29},{"not_picked":["Weave","Sanctity+1","EmptyBody"],"picked":"SKIP","floor":31},{"not_picked":["SpiritShield","Judgement"],"picked":"Scrawl","floor":33},{"not_picked":["Protect","EmptyBody"],"picked":"Vengeance+1","floor":35},{"not_picked":["BowlingBash+1","JustLucky"],"picked":"Fasting2","floor":41},{"not_picked":["JustLucky","EmptyBody+1"],"picked":"Tantrum+1","floor":42},{"not_picked":["Halt","Collect+1","EmptyBody"],"picked":"SKIP","floor":42}],"player_experience":1846724,"relics_obtained":[{"floor":6,"key":"Pen Nib"},{"floor":9,"key":"Centennial Puzzle"},{"floor":10,"key":"Nunchaku"},{"floor":12,"key":"Dream Catcher"},{"floor":23,"key":"MawBank"},{"floor":25,"key":"Blood Vial"},{"floor":26,"key":"War Paint"},{"floor":31,"key":"Ornamental Fan"},{"floor":41,"key":"Prayer Wheel"}],"event_choices":[{"damage_healed":0,"gold_gain":0,"player_choice":"Searched \u00271\u0027 times","damage_taken":0,"relics_obtained":["Bag of Marbles"],"max_hp_gain":0,"max_hp_loss":0,"event_name":"Dead Adventurer","floor":7,"gold_loss":0},{"damage_healed":0,"gold_gain":0,"player_choice":"Entered Light","damage_taken":14,"max_hp_gain":0,"max_hp_loss":0,"event_name":"Shining Light","floor":14,"gold_loss":0,"cards_upgraded":["LikeWater","Defend_P"]},{"damage_healed":20,"gold_gain":0,"player_choice":"Full Heal","damage_taken":0,"max_hp_gain":0,"max_hp_loss":0,"event_name":"Wheel of Change","floor":27,"gold_loss":0},{"damage_healed":0,"gold_gain":0,"player_choice":"1 cards matched","damage_taken":0,"max_hp_gain":0,"max_hp_loss":0,"event_name":"Match and Keep!","floor":28,"gold_loss":0,"cards_obtained":["Finesse"]},{"damage_healed":0,"gold_gain":999,"player_choice":"Gold","damage_taken":0,"max_hp_gain":0,"max_hp_loss":0,"event_name":"MindBloom","floor":36,"gold_loss":0,"cards_obtained":["Normality","Normality"]},{"damage_healed":0,"gold_gain":0,"player_choice":"Ignored","damage_taken":0,"max_hp_gain":0,"max_hp_loss":0,"event_name":"Tomb of Lord Red Mask","floor":37,"gold_loss":0},{"cards_removed":["FlurryOfBlows"],"damage_healed":0,"gold_gain":0,"player_choice":"Removed Attack","damage_taken":0,"max_hp_gain":0,"max_hp_loss":0,"event_name":"Falling","floor":38,"gold_loss":0},{"damage_healed":0,"gold_gain":0,"player_choice":"Max HP","damage_taken":0,"max_hp_gain":0,"max_hp_loss":4,"event_name":"Winding Halls","floor":39,"gold_loss":0},{"damage_healed":59,"gold_gain":0,"player_choice":"Heal","damage_taken":0,"max_hp_gain":0,"max_hp_loss":9,"event_name":"The Moai Head","floor":45,"gold_loss":0}],"is_beta":false,"boss_relics":[{"not_picked":["Velvet Choker","Ectoplasm"],"picked":"Empty Cage"},{"not_picked":["Coffee Dripper","Philosopher\u0027s Stone"],"picked":"Astrolabe"}],"items_purged_floors":[21,44],"is_endless":false,"potions_floor_spawned":[2,3,5,11,16,18,22,25,29,31,35,42],"killed_by":"Writhing Mass","ascension_level":1}}