{"host":"6a06qhlf17v5rcww","time":1609140637,"event":{"mods":["BaseMod","Beaked The Cultist","Better Altar","Better Match","Better Note","Better Sensory Stone","Better Skull","Better Third Choice","BetterRewards","Downfall","Hermit","Infinite Spire","Minty Spire (QoL Compilation)","Rare Cards Sparkle","Replay The Spire","StSLib","The Cursed","The Witch"],"gold_per_floor":[99,99,157,157,157,157,239,239,252,262,187,287,287,304,319,419,419,419,438,449,449,449,463,463,463,481,497,482,500,500,535,553,650,700,625,636,735,754,739,739,739,664,674,99,134,134,144,194,212,212],"floor_reached":51,"playtime":5155,"items_purged":[],"score":662,"play_id":"db22fadd-7f51-4135-80c8-e69883ea9434","local_time":"20201228023037","is_ascension_mode":false,"campfire_choices":[{"floor":1.0,"key":"DIG"},{"data":"champ:Taunt","floor":6.0,"key":"SMITH"},{"floor":8.0,"key":"RECALL"},{"data":"champ:Backstep","floor":11.0,"key":"SMITH"},{"data":"champ:Aggression","floor":13.0,"key":"SMITH"},{"data":"beaked:AwakenedForm","floor":25.0,"key":"SMITH"},{"data":"champ:EndlessRage","floor":30.0,"key":"SMITH"},{"data":"champ:MurderStrike","floor":35.0,"key":"SMITH"},{"data":"champ:Shatter","floor":42,"key":"SMITH"}],"circlet_count":0,"master_deck":["champ:Strike","champ:Strike","champ:Strike","champ:Strike","champ:Defend+1","champ:Defend","champ:Defend","champ:Defend","champ:Execute","champ:Taunt+1","champ:Aggression+1","champ:ViciousMockery","champ:AdrenalArmor","champ:Backstep+1","champ:RisingSlash","champ:GutPunch","champ:VampiricStrike+1","beaked:AwakenedForm+1","champ:EndlessRage+1","champ:AdrenalArmor+1","champ:SteelEdge","champ:Encircle+1","champ:EnragedBash+1","champ:AdrenalArmor","champ:CalledShot","champ:MurderStrike+1","champ:Encircle","champ:Shatter+1","champ:SteelEdge","Apotheosis","Replay:SS_forest_6","champ:Backstep+1","champ:RecklessLeap"],"relics":["champ:ChampionCrown","downfall:HeartsMalice","infinitespire:Satchel","Lantern","Eternal Feather","infinitespire:CheckeredPen","downfall:HeartBlessingRed","beaked:SacredDeck","SlaversCollar","Snack Pack","Replay:Bottled Steam","Tiny House","downfall:HeartBlessingGreen","downfall:HeartBlessingBlue","Dead Branch","Potion Belt","downfall:TeleportStone","Ginger"],"acts_visited":["Exordium","TheCity","TheBeyond"],"potions_floor_usage":[44],"damage_taken":[{"damage":0.0,"enemies":"Small Slimes","floor":2.0,"turns":1.0},{"damage":0.0,"enemies":"Gremlin Nob","floor":3.0,"turns":1.0},{"damage":0.0,"enemies":"Jaw Worm","floor":4.0,"turns":1.0},{"damage":7.0,"enemies":"Cultist","floor":9.0,"turns":3.0},{"damage":28.0,"enemies":"Large Slime","floor":10.0,"turns":7.0},{"damage":7.0,"enemies":"Exordium Wildlife","floor":14.0,"turns":1.0},{"damage":5.0,"enemies":"Lots of Slimes","floor":15.0,"turns":4.0},{"damage":39.0,"enemies":"downfall:Ironclad","floor":16.0,"turns":7.0},{"damage":26.0,"enemies":"Chosen","floor":19.0,"turns":5.0},{"damage":3.0,"enemies":"Spheric Guardian","floor":20.0,"turns":3.0},{"damage":35.0,"enemies":"Snecko","floor":23.0,"turns":6.0},{"damage":27.0,"enemies":"Shelled Parasite and Fungi","floor":26.0,"turns":4.0},{"damage":76.0,"enemies":"3 Cultists","floor":27.0,"turns":7.0},{"damage":22.0,"enemies":"downfall:FleeingMerchant","floor":28.0,"turns":4.0},{"damage":30.0,"enemies":"Centurion and Healer","floor":29.0,"turns":5.0},{"damage":53.0,"enemies":"Nightmare","floor":31.0,"turns":6.0},{"damage":33.0,"enemies":"Snecko","floor":32.0,"turns":5.0},{"damage":56.0,"enemies":"downfall:Defect","floor":33.0,"turns":7.0},{"damage":45.0,"enemies":"3 Darklings","floor":36.0,"turns":6.0},{"damage":31.0,"enemies":"3 Shapes","floor":38.0,"turns":4.0},{"damage":6.0,"enemies":"downfall:FleeingMerchant","floor":39.0,"turns":4.0},{"damage":71,"enemies":"3 Darklings","floor":43,"turns":6},{"damage":21,"enemies":"downfall:FleeingMerchant","floor":44,"turns":4},{"damage":69,"enemies":"Reptomancer","floor":45,"turns":7},{"damage":59,"enemies":"Maw","floor":47,"turns":5},{"damage":52,"enemies":"Mind Bloom Boss Battle","floor":48,"turns":8},{"damage":82,"enemies":"Sphere and 2 Shapes","floor":49,"turns":5},{"damage":97,"enemies":"downfall:Silent","floor":50,"turns":9}],"seed_played":"-8617504560260736041","potions_obtained":[{"floor":3.0,"key":"sneckomod:MuddlingPotion"},{"floor":9.0,"key":"Languid Potion"},{"floor":14.0,"key":"Strength Potion"},{"floor":20.0,"key":"champ:OpenerPotion"},{"floor":26.0,"key":"Energy Potion"},{"floor":29.0,"key":"CultistPotion"},{"floor":34.0,"key":"Adrenaline Potion"},{"floor":47,"key":"champ:CounterPotion"},{"floor":48,"key":"LifebloodPotion"}],"is_trial":false,"path_per_floor":["R","M","?","M","?","R","T","R","M","M","R","?","R","M","M","B",null,"R","M","M","AVR","?","M","T","R","M","M","$","M","R","NM","M","B",null,"R","M","?","M","$","AVR","T","R","M","$","E","?","M","?","M","B",null],"character_chosen":"THE_CHAMP","items_purchased":["Apotheosis","Replay:SS_forest_6","Dead Branch"],"campfire_rested":0,"item_purchase_floors":[44,44,44],"current_hp_per_floor":[90,90,90,90,90,90,90,90,90,90,90,90,90,90,89,76,90,90,76,84,84,84,89,89,90,90,59,87,90,90,90,90,90,95,95,95,72,84,86,86,86,105,86,90,83,83,105,105,91,94],"gold":212,"neow_bonus":"THREE_ENEMY_KILL","is_daily":false,"chose_seed":false,"campfire_upgraded":7,"win_rate":0.0,"timestamp":1609140637,"path_taken":["R","M","?","M","?","R","T","R","M","M","R","?","R","?","M","BOSS","R","M","M","AVR","?","?","T","R","M","M","?","M","R","NM","M","BOSS","R","M","?","M","?","AVR","T","R","M","$","E","?","?","?","M","BOSS"],"items_purchased_type":["Card","Card","Relic"],"build_version":"2020-12-22","purchased_purges":0,"victory":true,"max_hp_per_floor":[90,90,90,90,90,90,90,90,90,90,90,90,90,90,90,90,90,90,90,90,90,90,90,90,90,90,90,90,90,90,90,90,90,95,95,95,95,95,95,95,95,105,105,105,105,105,105,105,105,105],"card_choices":[{"not_picked":["champ:TornadoPunch","champ:PerfectedStrike"],"picked":"champ:Aggression","floor":2.0},{"not_picked":["champ:FanOfKnives","champ:Circumvent"],"picked":"champ:ViciousMockery","floor":3.0},{"not_picked":["champ:StanceDance","champ:FlashCut"],"picked":"champ:AdrenalArmor","floor":4.0},{"not_picked":["champ:EnGarde","champ:FocusedGladiator","champ:DefensiveShout"],"picked":"SKIP","floor":9.0},{"not_picked":["champ:AdrenalArmor","champ:RecklessLeap"],"picked":"champ:Backstep","floor":10.0},{"not_picked":["champ:GladiatorsShout","champ:BringItOn"],"picked":"champ:RisingSlash","floor":14.0},{"not_picked":["champ:FalseCounter","champ:Balance"],"picked":"champ:GutPunch","floor":15.0},{"not_picked":["champ:ShieldSlam","champ:HeavySlash"],"picked":"champ:VampiricStrike","floor":16.0},{"not_picked":["champ:Lariat","champ:BringItOn"],"picked":"champ:EndlessRage","floor":19.0},{"not_picked":["champ:BladeFlurry","champ:TornadoPunch","champ:BringItOn+1"],"picked":"SKIP","floor":20.0},{"not_picked":["champ:Circumvent","champ:Haymaker"],"picked":"champ:AdrenalArmor+1","floor":23.0},{"not_picked":["champ:DefensiveShout+1","champ:GutPunch+1"],"picked":"champ:SteelEdge","floor":26.0},{"not_picked":["champ:FocusedGladiator","champ:DefensiveShout"],"picked":"champ:Encircle+1","floor":27.0},{"not_picked":["champ:FlashCut+1","champ:BringItOn+1"],"picked":"champ:EnragedBash+1","floor":28.0},{"not_picked":["champ:ShieldWall+1","champ:PerfectedStrike"],"picked":"champ:AdrenalArmor","floor":29.0},{"not_picked":["champ:Haymaker","champ:TornadoPunch"],"picked":"champ:CalledShot","floor":31.0},{"not_picked":["champ:Circumvent","champ:FaceSlap","champ:BringItOn"],"picked":"SKIP","floor":32.0},{"not_picked":["champ:SteelEdge","champ:HeavySlash"],"picked":"champ:MurderStrike","floor":33.0},{"not_picked":["champ:AdrenalArmor+1","champ:BringItOn+1"],"picked":"champ:Encircle","floor":34.0},{"not_picked":["champ:GutPunch+1","champ:BladeFlurry+1","champ:EndlessRage"],"picked":"SKIP","floor":36.0},{"not_picked":["champ:GutPunch+1","champ:BladeFlurry+1","champ:EndlessRage"],"picked":"SKIP","floor":36.0},{"not_picked":["champ:ViciousMockery+1","champ:FlashCut"],"picked":"champ:Shatter","floor":37.0},{"not_picked":["champ:GutPunch+1","champ:FocusedBerserking","champ:EnragedBash+1"],"picked":"SKIP","floor":38.0},{"not_picked":["champ:EnGarde","champ:PerfectedStrike","champ:AdrenalArmor"],"picked":"SKIP","floor":39.0},{"not_picked":["champ:Duel+1","champ:BerserkersShout","champ:Balance+1"],"picked":"SKIP","floor":43},{"not_picked":["champ:StanceDance","champ:GladiatorStyle"],"picked":"champ:SteelEdge","floor":44},{"not_picked":["champ:EnragedBash","champ:BerserkerStyle"],"picked":"champ:Backstep+1","floor":45},{"not_picked":["champ:ViciousMockery","champ:BerserkersShout","champ:TornadoPunch"],"picked":"SKIP","floor":47},{"not_picked":["champ:FlashCut+1","champ:DefensiveShout+1"],"picked":"champ:RecklessLeap","floor":48},{"not_picked":["champ:FanOfKnives+1","champ:FocusedGladiator+1","champ:BringItOn"],"picked":"SKIP","floor":49}],"player_experience":712593,"relics_obtained":[{"floor":1.0,"key":"infinitespire:Satchel"},{"floor":5.0,"key":"Eternal Feather"},{"floor":7.0,"key":"infinitespire:CheckeredPen"},{"floor":24.0,"key":"Snack Pack"},{"floor":31.0,"key":"Replay:Bottled Steam"},{"floor":45,"key":"Potion Belt"},{"floor":48,"key":"Ginger"}],"event_choices":[{"damage_healed":0.0,"max_hp_gain":0.0,"max_hp_loss":0.0,"gold_gain":0.0,"event_name":"betterNote:BetterNote","player_choice":"Ignored","floor":22.0,"gold_loss":0.0,"damage_taken":0.0,"cards_obtained":["infinitespire:Fortify"]}],"is_beta":false,"boss_relics":[{"not_picked":["ReplayTheSpireMod:DimensionalGlitch","Painkiller Herb"],"picked":"beaked:SacredDeck"},{"not_picked":["Kintsugi","Replay:Grab Bag"],"picked":"Tiny House"}],"items_purged_floors":[],"is_endless":false,"potions_floor_spawned":[3,9,14,20,26,29,32,38,43,47,48],"ascension_level":0}}