{"host":"pbf6u3tyx46snqc7","time":1609144954,"event":{"mods":["AchievementEnabler","BaseMod","Colored Map","Minty Spire (QoL Compilation)","Permanent Neow","Rare Cards Sparkle","Shop Mod","SuperFastMode"],"gold_per_floor":[365,44,44,56,56,56,56,84,110,123,103,103,103],"floor_reached":12,"playtime":272,"items_purged":["Strike_B"],"score":132,"play_id":"ec5c5293-503d-400a-9cec-0aa0dea7710a","local_time":"20201228174234","is_ascension_mode":true,"campfire_choices":[{"data":"Darkness","floor":6,"key":"SMITH"}],"circlet_count":0,"master_deck":["AscendersBane","Strike_B","Strike_B","Strike_B","Defend_B","Defend_B","Defend_B","Zap","Dualcast","Darkness+1","Capacitor","Sweeping Beam","Coolheaded"],"relics":["Cracked Core","Bag of Preparation","Odd Mushroom","Regal Pillow"],"acts_visited":["Exordium"],"potions_floor_usage":[12],"damage_taken":[{"damage":2.0,"enemies":"Jaw Worm","floor":1.0,"turns":3.0},{"damage":7,"enemies":"Cultist","floor":4,"turns":4},{"damage":30,"enemies":"The Mushroom Lair","floor":8,"turns":4},{"damage":0,"enemies":"Small Slimes","floor":10,"turns":2},{"damage":18,"enemies":"3 Sentries","floor":12,"turns":6}],"seed_played":"6938834162185813364","potions_obtained":[{"floor":10,"key":"FearPotion"},{"floor":11,"key":"Fire Potion"}],"is_trial":false,"path_per_floor":["M","$","?","M","?","R","?","?","T","M","?","E"],"character_chosen":"DEFECT","items_purchased":["Bag of Preparation","Capacitor"],"campfire_rested":0,"item_purchase_floors":[2,2],"current_hp_per_floor":[62,62,62,55,48,48,48,18,18,18,18,0,0],"gold":103,"neow_bonus":"TWO_FIFTY_GOLD","is_daily":false,"chose_seed":false,"campfire_upgraded":1,"win_rate":0.0,"timestamp":1609144954,"path_taken":["M","$","?","?","?","R","?","?","T","M","?","E"],"items_purchased_type":["Relic","Card"],"build_version":"2020-12-22","purchased_purges":1,"victory":false,"max_hp_per_floor":[64,64,64,64,64,64,64,64,64,64,64,64,64],"card_choices":[{"not_picked":["Compile Driver","Turbo"],"picked":"Darkness","floor":1.0},{"not_picked":["Steam Power","Steam","Recycle"],"picked":"SKIP","floor":4},{"not_picked":["Go for the Eyes","Gash"],"picked":"Sweeping Beam","floor":8},{"not_picked":["Rebound","Go for the Eyes"],"picked":"Coolheaded","floor":10}],"player_experience":357652,"relics_obtained":[{"floor":8,"key":"Odd Mushroom"},{"floor":9,"key":"Regal Pillow"}],"event_choices":[{"damage_healed":0.0,"max_hp_gain":0.0,"max_hp_loss":0.0,"gold_gain":0.0,"event_name":"WeMeetAgain","player_choice":"Ignored","floor":3.0,"gold_loss":0.0,"damage_taken":0.0},{"cards_removed":["Defend_B"],"damage_healed":0,"gold_gain":0,"player_choice":"Card Removal","damage_taken":7,"max_hp_gain":0,"max_hp_loss":0,"event_name":"Golden Wing","floor":5,"gold_loss":0},{"damage_healed":0,"gold_gain":0,"player_choice":"Ignored","damage_taken":0,"max_hp_gain":0,"max_hp_loss":0,"event_name":"Liars Game","floor":7,"gold_loss":0},{"damage_healed":0,"gold_gain":0,"player_choice":"Fought Mushrooms","damage_taken":0,"max_hp_gain":0,"max_hp_loss":0,"event_name":"Mushrooms","floor":8,"gold_loss":0},{"damage_healed":0,"gold_gain":0,"player_choice":"Bought 1 Potion","damage_taken":0,"max_hp_gain":0,"max_hp_loss":0,"event_name":"The Woman in Blue","floor":11,"gold_loss":0}],"is_beta":false,"boss_relics":[],"items_purged_floors":[2],"is_endless":false,"potions_floor_spawned":[10],"killed_by":"3 Sentries","ascension_level":20}}