{"host":"1tl36azeqm6yhdgj","time":1609179185,"event":{"mods":["AchievementEnabler","BaseMod","Minty Spire (QoL Compilation)","StSLib","The IronCluck","everything is the same but u backflip on backflip"],"gold_per_floor":[18,293,311,19,30,64,64,95,95,129,29,49,81,99,99,172,172,192,192,212,40,40,72,72,105,105,122,122,150,150,164,164,242,242,261,261,261,1260,1275,1275,1301,1301,1301,1301,1349,1349,1375,1393,1393,1393,1393,1393,21,50,50,50],"floor_reached":55,"playtime":3293,"items_purged":["Regret","Strike_R","Normality"],"score":1593,"play_id":"4de72bb0-1805-4a0e-af60-07523bc7cb6f","local_time":"20201228131305","is_ascension_mode":true,"campfire_choices":[{"data":"Dagger Throw","floor":7.0,"key":"SMITH"},{"floor":15.0,"key":"REST"},{"floor":24.0,"key":"RECALL"},{"floor":28.0,"key":"REST"},{"floor":32.0,"key":"REST"},{"data":"Swivel","floor":40.0,"key":"SMITH"},{"data":"Limit Break","floor":44.0,"key":"SMITH"},{"data":"Storm","floor":46.0,"key":"SMITH"},{"data":"DevaForm","floor":49.0,"key":"SMITH"},{"data":"Rampage","floor":52.0,"key":"SMITH"}],"circlet_count":0,"master_deck":["AscendersBane","Defend_R","Defend_R","Defend_R","Bash","Inflame","Iron Wave","Infernal Blade","Cleave+1","Cold Snap","Dagger Throw+1","ConjureBlade","PathToVictory","Doom and Gloom","SandsOfTime+1","DevaForm+1","CurseOfTheBell","Rampage+1","Venomology","Limit Break","Limit Break+1","Combust","Protect","Concentrate","Swivel+1","Caltrops","Evaluate","Devotion","Chill","Madness","Madness","Footwork","Storm+1","Escape Plan+1","Loop","Chrysalis","Bandage Up","Body Slam","Evolve","Ghostly Armor","Skewer"],"relics":["Burning Blood","PrismaticShard","Oddly Smooth Stone","Mummified Hand","Toy Ornithopter","HornCleat","Happy Flower","Calling Bell","Bronze Scales","Sundial","Pocketwatch","Enchiridion","FossilizedHelix","Potion Belt","Omamori","Bag of Marbles","Thread and Needle","Mercury Hourglass","Unceasing Top","Whetstone","Boot","Lantern","Strange Spoon","Orichalcum"],"acts_visited":["Exordium","TheCity","TheBeyond","TheEnding"],"potions_floor_usage":[54,54,55,55,55],"damage_taken":[{"damage":7.0,"enemies":"Cultist","floor":1.0,"turns":4.0},{"damage":6.0,"enemies":"Small Slimes","floor":3.0,"turns":4.0},{"damage":0.0,"enemies":"2 Louse","floor":5.0,"turns":1.0},{"damage":16.0,"enemies":"3 Sentries","floor":6.0,"turns":6.0},{"damage":32.0,"enemies":"Gremlin Nob","floor":8.0,"turns":5.0},{"damage":8.0,"enemies":"3 Sentries","floor":10.0,"turns":5.0},{"damage":6.0,"enemies":"Exordium Wildlife","floor":12.0,"turns":4.0},{"damage":18.0,"enemies":"Lagavulin","floor":13.0,"turns":8.0},{"damage":7.0,"enemies":"Blue Slaver","floor":14.0,"turns":2.0},{"damage":11.0,"enemies":"Slime Boss","floor":16.0,"turns":7.0},{"damage":18.0,"enemies":"Chosen","floor":18.0,"turns":5.0},{"damage":0.0,"enemies":"3 Byrds","floor":20.0,"turns":3.0},{"damage":15.0,"enemies":"Slavers","floor":23.0,"turns":4.0},{"damage":5.0,"enemies":"Book of Stabbing","floor":25.0,"turns":4.0},{"damage":24.0,"enemies":"Snake Plant","floor":27.0,"turns":4.0},{"damage":25.0,"enemies":"Slavers","floor":29.0,"turns":5.0},{"damage":0.0,"enemies":"Cultist and Chosen","floor":31.0,"turns":4.0},{"damage":0.0,"enemies":"Champ","floor":33.0,"turns":8.0},{"damage":1.0,"enemies":"3 Shapes","floor":35.0,"turns":3.0},{"damage":0.0,"enemies":"Orb Walker","floor":39.0,"turns":4.0},{"damage":34.0,"enemies":"Nemesis","floor":41.0,"turns":7.0},{"damage":15.0,"enemies":"2 Orb Walkers","floor":45.0,"turns":5.0},{"damage":21.0,"enemies":"Giant Head","floor":47.0,"turns":7.0},{"damage":20.0,"enemies":"Maw","floor":48.0,"turns":6.0},{"damage":74.0,"enemies":"Donu and Deca","floor":50.0,"turns":8.0},{"damage":44,"enemies":"Shield and Spear","floor":54,"turns":8},{"damage":53,"enemies":"The Heart","floor":55,"turns":5}],"seed_played":"2968545514706706508","potions_obtained":[{"floor":1.0,"key":"Explosive Potion"},{"floor":5.0,"key":"Fire Potion"},{"floor":8.0,"key":"Energy Potion"},{"floor":12.0,"key":"PowerPotion"},{"floor":16.0,"key":"GamblersBrew"},{"floor":18.0,"key":"ElixirPotion"},{"floor":20.0,"key":"DuplicationPotion"},{"floor":23.0,"key":"Ancient Potion"},{"floor":29.0,"key":"PowerPotion"},{"floor":33.0,"key":"Fire Potion"},{"floor":47.0,"key":"Strength Potion"},{"floor":48.0,"key":"Strength Potion"},{"floor":54,"key":"SkillPotion"}],"is_trial":false,"path_per_floor":["M","?","M","$","M","E","R","E","T","E","$","M","E","M","R","B",null,"M","?","M","$","?","E","R","E","T","M","R","E","?","M","R","B",null,"M","?","?","?","M","R","E","?","T","R","?","R","E","M","R","B",null,"R","$","E","B"],"character_chosen":"IRONCLAD","items_purchased":["PrismaticShard","Fire Potion","Limit Break","Boot","HeartOfIron","Weak Potion","Chrysalis","SpeedPotion","Lantern","Bandage Up","Body Slam","Evolve","Strange Spoon","Ghostly Armor"],"campfire_rested":3,"item_purchase_floors":[4,4,21,53,53,53,53,53,53,53,53,53,53,53],"current_hp_per_floor":[67,67,67,67,73,63,63,37,37,40,40,40,28,27,49,49,69,57,36,42,42,42,38,38,49,49,31,53,39,39,45,67,75,75,75,61,61,61,72,72,64,64,64,64,66,66,56,61,61,17,61,61,61,37,0,0],"gold":50,"neow_bonus":"TRANSFORM_TWO_CARDS","is_daily":false,"chose_seed":false,"campfire_upgraded":6,"win_rate":0.0,"timestamp":1609179185,"path_taken":["M","?","M","$","M","E","R","E","T","E","?","M","E","M","R","BOSS","M","?","M","$","?","E","R","E","T","?","R","E","?","M","R","BOSS","M","?","?","?","M","R","E","?","T","R","?","R","E","M","R","BOSS","R","$","E","BOSS"],"items_purchased_type":["Relic","Potion","Card","Relic","Potion","Potion","Card","Potion","Relic","Card","Card","Card","Relic","Card"],"build_version":"2020-12-22","purchased_purges":3,"victory":false,"max_hp_per_floor":[75,75,75,75,75,75,75,75,75,75,75,75,75,75,75,75,75,75,75,75,75,75,75,75,75,75,75,75,75,75,75,75,75,75,75,75,75,75,75,75,75,75,75,75,75,75,75,75,75,75,75,75,75,75,75,75],"card_choices":[{"not_picked":["Pommel Strike","Warcry"],"picked":"Infernal Blade","floor":1.0},{"not_picked":["Clash","Power Through"],"picked":"Cleave","floor":3.0},{"not_picked":["Tactician","Stack"],"picked":"Cold Snap","floor":5.0},{"not_picked":["Ghostly Armor","Prepared"],"picked":"Dagger Throw","floor":6.0},{"not_picked":["Clothesline","Dagger Spray","Consume"],"picked":"SKIP","floor":8.0},{"not_picked":["Conserve Battery","Barrage"],"picked":"ConjureBlade","floor":10.0},{"not_picked":["Cleave","Leap"],"picked":"PathToVictory","floor":12.0},{"not_picked":["FollowUp","DeceiveReality"],"picked":"Doom and Gloom","floor":13.0},{"not_picked":["Iron Wave","Stack"],"picked":"SandsOfTime","floor":14.0},{"not_picked":["Venomology","Berserk"],"picked":"DevaForm","floor":16.0},{"not_picked":["Barrage","Twin Strike"],"picked":"Rampage","floor":18.0},{"not_picked":["Shrug It Off+1","True Grit"],"picked":"Venomology","floor":20.0},{"not_picked":["Ghostly Armor","Vengeance"],"picked":"Protect","floor":23.0},{"not_picked":["Dodge and Roll","Twin Strike"],"picked":"Concentrate","floor":25.0},{"not_picked":["Wild Strike","InnerPeace"],"picked":"Swivel","floor":27.0},{"not_picked":["Exhume","Dagger Spray"],"picked":"Caltrops","floor":29.0},{"not_picked":["Barrage","ClearTheMind"],"picked":"Evaluate","floor":31.0},{"not_picked":["Double Tap","Buffer"],"picked":"Devotion","floor":33.0},{"not_picked":["Headbutt","Flex+1"],"picked":"Chill","floor":35.0},{"not_picked":["Blade Dance","Pommel Strike","Barrage+1"],"picked":"SKIP","floor":39.0},{"not_picked":["Static Discharge+1","Wild Strike"],"picked":"Footwork","floor":41.0},{"not_picked":["Eviscerate","Gash"],"picked":"Storm","floor":45.0},{"not_picked":["Blood for Blood","Iron Wave"],"picked":"Escape Plan+1","floor":47.0},{"not_picked":["ThirdEye","Cleave+1"],"picked":"Loop","floor":48.0},{"not_picked":["Sword Boomerang","Die Die Die"],"picked":"Skewer","floor":54}],"player_experience":1983501,"relics_obtained":[{"floor":6.0,"key":"Oddly Smooth Stone"},{"floor":8.0,"key":"Mummified Hand"},{"floor":9.0,"key":"Toy Ornithopter"},{"floor":10.0,"key":"HornCleat"},{"floor":13.0,"key":"Happy Flower"},{"floor":17.0,"key":"Bronze Scales"},{"floor":17.0,"key":"Sundial"},{"floor":17.0,"key":"Pocketwatch"},{"floor":19.0,"key":"Enchiridion"},{"floor":23.0,"key":"FossilizedHelix"},{"floor":25.0,"key":"Potion Belt"},{"floor":26.0,"key":"Omamori"},{"floor":29.0,"key":"Bag of Marbles"},{"floor":41.0,"key":"Mercury Hourglass"},{"floor":45.0,"key":"Unceasing Top"},{"floor":47.0,"key":"Whetstone"},{"floor":54,"key":"Orichalcum"}],"event_choices":[{"damage_healed":0.0,"max_hp_gain":0.0,"max_hp_loss":0.0,"gold_gain":275.0,"event_name":"Golden Shrine","player_choice":"Desecrate","floor":2.0,"gold_loss":0.0,"damage_taken":0.0,"cards_obtained":["Regret"]},{"damage_healed":0.0,"max_hp_gain":0.0,"max_hp_loss":0.0,"gold_gain":0.0,"event_name":"Cursed Tome","player_choice":"Obtained Book","floor":19.0,"gold_loss":0.0,"damage_taken":21.0},{"damage_healed":0.0,"max_hp_gain":0.0,"max_hp_loss":0.0,"gold_gain":0.0,"cards_transformed":["Strike_R","Strike_R"],"event_name":"Drug Dealer","player_choice":"Became Test Subject","floor":22.0,"gold_loss":0.0,"damage_taken":0.0,"cards_obtained":["Limit Break","Combust"]},{"damage_healed":0.0,"max_hp_gain":0.0,"max_hp_loss":0.0,"gold_gain":0.0,"event_name":"The Mausoleum","player_choice":"Opened","floor":30.0,"gold_loss":0.0,"damage_taken":0.0,"relics_obtained":["Thread and Needle"],"cards_obtained":["Writhe"]},{"damage_healed":0.0,"max_hp_gain":0.0,"max_hp_loss":0.0,"gold_gain":0.0,"event_name":"Winding Halls","player_choice":"Embrace Madness","floor":36.0,"gold_loss":0.0,"damage_taken":14.0,"cards_obtained":["Madness","Madness"]},{"cards_removed":["Defend_R"],"damage_healed":0.0,"max_hp_gain":0.0,"max_hp_loss":0.0,"gold_gain":0.0,"event_name":"Falling","player_choice":"Removed Skill","floor":37.0,"gold_loss":0.0,"damage_taken":0.0},{"damage_healed":0.0,"max_hp_gain":0.0,"max_hp_loss":0.0,"gold_gain":999.0,"event_name":"MindBloom","player_choice":"Gold","floor":38.0,"gold_loss":0.0,"damage_taken":0.0,"cards_obtained":["Normality","Normality"]},{"damage_healed":0.0,"max_hp_gain":0.0,"max_hp_loss":0.0,"gold_gain":0.0,"event_name":"Tomb of Lord Red Mask","player_choice":"Ignored","floor":42.0,"gold_loss":0.0,"damage_taken":0.0},{"damage_healed":0.0,"max_hp_gain":0.0,"max_hp_loss":0.0,"gold_gain":0.0,"event_name":"Mysterious Sphere","player_choice":"Fight","floor":45.0,"gold_loss":0.0,"damage_taken":0.0}],"is_beta":false,"boss_relics":[{"not_picked":["Fusion Hammer","Runic Dome"],"picked":"Calling Bell"},{"not_picked":["Velvet Choker","Cursed Key","Runic Pyramid"]}],"items_purged_floors":[4,11,53],"is_endless":false,"potions_floor_spawned":[1,5,8,12,16,18,20,23,29,33,47,48,54],"killed_by":"The Heart","ascension_level":17}}