{"host":"zig6x0mxqzam82fb","time":1609125385,"event":{"mods":["BaseMod","Block Reminder","Colored Map","Colored Powertips","Minty Spire (QoL Compilation)","Relic Stats","StSLib","The Marked"],"gold_per_floor":[113,288,303,46,46,46,46,59,59,94,22,22,35,52,52,154,154,154,79,79,79,79,79,79],"floor_reached":23,"playtime":1218,"items_purged":["Doubt"],"score":215,"play_id":"e52164a5-78d0-4bd3-99a4-5b1e12260fe2","local_time":"20201227221625","is_ascension_mode":true,"campfire_choices":[{"data":"theMarked:SoldierOfQuellstein","floor":6,"key":"SMITH"},{"floor":15,"key":"REST"}],"circlet_count":0,"master_deck":["theMarked:Strike","theMarked:Strike","theMarked:Strike","theMarked:Strike","theMarked:Defend","theMarked:Defend","theMarked:Defend","theMarked:Defend","theMarked:SoldierOfQuellstein+1","theMarked:TunnelVision","theMarked:WastefulAttack","theMarked:CreepingChasm","theMarked:ReduceFriction","theMarked:Panic","theMarked:SoldierForm","theMarked:WardOff","theMarked:KeepCalmAndFightOn","theMarked:BindingBlade","theMarked:SelfDefenseTraining+1","RitualDagger"],"relics":["theMarked:ArtifactOfAir","Gambling Chip","Tiny Chest","Oddly Smooth Stone","Smiling Mask","Orichalcum","InkBottle","Thread and Needle","Ectoplasm","Anchor"],"acts_visited":["Exordium","TheCity"],"potions_floor_usage":[16],"damage_taken":[{"damage":0,"enemies":"Small Slimes","floor":1,"turns":3},{"damage":1,"enemies":"2 Louse","floor":3,"turns":2},{"damage":0,"enemies":"Jaw Worm","floor":8,"turns":3},{"damage":22,"enemies":"Lagavulin","floor":10,"turns":4},{"damage":2,"enemies":"Exordium Wildlife","floor":13,"turns":2},{"damage":0,"enemies":"Large Slime","floor":14,"turns":5},{"damage":31,"enemies":"Slime Boss","floor":16,"turns":8},{"damage":2,"enemies":"Chosen","floor":18,"turns":4},{"damage":57,"enemies":"Gremlin Leader","floor":23,"turns":5}],"seed_played":"7898031502593239331","potions_obtained":[{"floor":1,"key":"Swift Potion"},{"floor":8,"key":"LiquidBronze"},{"floor":16,"key":"PowerPotion"}],"is_trial":false,"path_per_floor":["M","?","M","$","?","R","T","M","T","E","$","T","M","M","R","B",null,"M","?","?","?","T","E"],"character_chosen":"THE_DEFAULT","items_purchased":["Tiny Chest","theMarked:CreepingChasm","theMarked:SoldierForm"],"campfire_rested":1,"item_purchase_floors":[4,4,11],"current_hp_per_floor":[63,63,62,62,55,55,55,55,55,33,33,33,31,31,49,18,63,61,61,61,55,55,0,0],"gold":79,"neow_bonus":"ONE_RARE_RELIC","is_daily":false,"chose_seed":false,"campfire_upgraded":1,"win_rate":0.0,"timestamp":1609125385,"path_taken":["M","?","M","$","?","R","?","?","T","E","$","?","M","M","R","BOSS","M","?","?","?","?","E"],"items_purchased_type":["Relic","Card","Card"],"build_version":"2020-12-22","purchased_purges":1,"victory":false,"max_hp_per_floor":[63,63,63,63,63,63,63,63,63,63,63,63,63,63,63,63,63,63,63,63,63,63,63,63],"relic_stats":{"counters":[9,36],"Gambling Chip":[14],"Tiny Chest":2,"Ectoplasm":38,"Orichalcum":[54],"Smiling Mask":0,"obtain_stats":[{"theMarked:ArtifactOfAir":0,"Anchor":22,"Gambling Chip":0,"Oddly Smooth Stone":5,"Tiny Chest":4,"Thread and Needle":12,"Ectoplasm":17,"Orichalcum":9,"Smiling Mask":7,"InkBottle":10},{"theMarked:ArtifactOfAir":0,"Anchor":8,"Gambling Chip":0,"Oddly Smooth Stone":2,"Tiny Chest":2,"Thread and Needle":4,"Ectoplasm":7,"Orichalcum":3,"Smiling Mask":2,"InkBottle":4},{"theMarked:ArtifactOfAir":0,"Anchor":31,"Gambling Chip":0,"Oddly Smooth Stone":5,"Tiny Chest":5,"Thread and Needle":12,"Ectoplasm":27,"Orichalcum":8,"Smiling Mask":5,"InkBottle":12}],"InkBottle":[7]},"card_choices":[{"not_picked":["theMarked:ParalyzingBlade","theMarked:BanishingStrike"],"picked":"theMarked:TunnelVision","floor":1},{"not_picked":["theMarked:WardOff","theMarked:LightningStrikesTwice"],"picked":"theMarked:WastefulAttack","floor":3},{"not_picked":["theMarked:RogueSparks","theMarked:HeightenedSenses"],"picked":"theMarked:ReduceFriction","floor":8},{"not_picked":["theMarked:Static","theMarked:MagicAdept"],"picked":"theMarked:Panic","floor":10},{"not_picked":["theMarked:LightningStrikesTwice","theMarked:CreepingChasm"],"picked":"theMarked:WardOff","floor":13},{"not_picked":["theMarked:Frustration","theMarked:BanishingStrike"],"picked":"theMarked:KeepCalmAndFightOn","floor":14},{"not_picked":["theMarked:UnarmedFury","theMarked:Snap"],"picked":"theMarked:BindingBlade","floor":16},{"not_picked":["theMarked:Electrocute+1","theMarked:BanishingStrike+1"],"picked":"theMarked:SelfDefenseTraining+1","floor":18}],"player_experience":371995,"relics_obtained":[{"floor":7,"key":"Smiling Mask"},{"floor":9,"key":"Orichalcum"},{"floor":10,"key":"InkBottle"},{"floor":12,"key":"Thread and Needle"},{"floor":22,"key":"Anchor"}],"event_choices":[{"damage_healed":0,"gold_gain":175,"player_choice":"AGREE","damage_taken":0,"max_hp_gain":0,"max_hp_loss":0,"event_name":"Liars Game","floor":2,"gold_loss":0,"cards_obtained":["Doubt"]},{"damage_healed":0,"gold_gain":0,"player_choice":"Success","damage_taken":7,"relics_obtained":["Oddly Smooth Stone"],"max_hp_gain":0,"max_hp_loss":0,"event_name":"Scrap Ooze","floor":5,"gold_loss":0},{"cards_removed":["theMarked:Strike"],"damage_healed":0,"gold_gain":0,"player_choice":"Gave Gold","damage_taken":0,"max_hp_gain":0,"max_hp_loss":0,"event_name":"Beggar","floor":19,"gold_loss":75},{"damage_healed":0,"gold_gain":0,"player_choice":"Ignored","damage_taken":0,"max_hp_gain":0,"max_hp_loss":0,"event_name":"Vampires","floor":20,"gold_loss":0},{"damage_healed":0,"gold_gain":0,"player_choice":"Joined the Cult","damage_taken":6,"max_hp_gain":0,"max_hp_loss":0,"event_name":"Nest","floor":21,"gold_loss":0,"cards_obtained":["RitualDagger"]}],"is_beta":false,"boss_relics":[{"not_picked":["Velvet Choker","Snecko Eye"],"picked":"Ectoplasm"}],"items_purged_floors":[4],"is_endless":false,"potions_floor_spawned":[1,8,16],"killed_by":"Gremlin Leader","ascension_level":3}}