{"host":"zm2copjc1o2b6hjv","time":1609120741,"event":{"mods":["AchievementEnabler","BaseMod","BetterRewards","Conspire","Downfall","Friendly Minions","Infinite Spire","Minty Spire (QoL Compilation)","Replay The Spire","StSLib"],"gold_per_floor":[115,134,144,144,73,73,83,113,113,113,143,143,163,179,179,274,274,294,226,226,226,155,155,187,187,213,225,225,238,238,255,255,351,351,363,378,378,378,163,163,163],"floor_reached":40,"playtime":1540,"items_purged":[],"score":637,"play_id":"48ed8cc5-0268-4745-a430-130c0c627b7a","local_time":"20201227205901","is_ascension_mode":true,"campfire_choices":[{"data":"Electrodynamics","floor":6,"key":"SMITH"},{"floor":12,"key":"REST"},{"data":"Auto Shields","floor":12,"key":"SMITH"},{"floor":15,"key":"RECALL"},{"floor":23,"key":"REST"},{"data":"Zap","floor":23,"key":"SMITH"},{"floor":25,"key":"REST"},{"data":"Storm","floor":25,"key":"SMITH"},{"data":"infinitespire:Starlight","floor":28,"key":"SMITH"},{"data":"BootSequence","floor":30,"key":"SMITH"},{"data":"Dualcast","floor":32,"key":"SMITH"}],"circlet_count":0,"master_deck":["Strike_B","Strike_B","Strike_B","Strike_B","Defend_B","Defend_B","Defend_B","Defend_B","Zap+1","Dualcast+1","Panic Button","Auto Shields+1","BootSequence+1","Electrodynamics+1","Seek+1","Ball Lightning+1","Defragment+1","infinitespire:Starlight+1","Zap+1","Crystallizer+1","Storm+1","FIFO Queue+1","ReplayTheSpireMod:Omega Cannon+1","Fusion+1","Force Field+1","Multi-Cast+1"],"relics":["Cracked Core","infinitespire:Magic Flask","Strawberry","Cables","Golden Egg","Bottled Tornado","Divine Protection","Replay:Bronze Core","MealTicket","ReplayTheSpireMod:Lightbulb","Sozu","Bottled Flame"],"acts_visited":["Exordium","TheCity","TheBeyond"],"potions_floor_usage":[11,16,24,31,40],"damage_taken":[{"damage":1,"enemies":"Cultist","floor":1,"turns":3},{"damage":1,"enemies":"2 Louse","floor":2,"turns":3},{"damage":0,"enemies":"Jaw Worm","floor":3,"turns":4},{"damage":0,"enemies":"3 Louse","floor":7,"turns":2},{"damage":11,"enemies":"Gremlin Nob","floor":8,"turns":4},{"damage":10,"enemies":"conspire:MimicChest","floor":11,"turns":4},{"damage":1,"enemies":"Exordium Wildlife","floor":13,"turns":2},{"damage":0,"enemies":"Exordium Thugs","floor":14,"turns":2},{"damage":49,"enemies":"Hexaghost","floor":16,"turns":10},{"damage":0,"enemies":"3 Byrds","floor":18,"turns":1},{"damage":25,"enemies":"Book of Stabbing","floor":24,"turns":5},{"damage":0,"enemies":"2 Thieves","floor":27,"turns":2},{"damage":0,"enemies":"Centurion and Healer","floor":29,"turns":2},{"damage":0,"enemies":"Shelled Parasite and Fungi","floor":31,"turns":2},{"damage":24,"enemies":"Champ","floor":33,"turns":8},{"damage":0,"enemies":"3 Shapes","floor":35,"turns":1},{"damage":4,"enemies":"3 Darklings","floor":36,"turns":2},{"damage":93,"enemies":"Giant Head","floor":40,"turns":7}],"seed_played":"3051919136815184373","potions_obtained":[{"floor":7,"key":"Block Potion"},{"floor":11,"key":"PotionOfCapacity"},{"floor":16,"key":"Languid Potion"},{"floor":18,"key":"Regen Potion"},{"floor":29,"key":"hexamod:EctoCoolerPotion"},{"floor":31,"key":"Death Potion"}],"is_trial":false,"path_per_floor":["M","M","M","?","$","R","M","E","T","?","?","R","M","M","R","B",null,"M","$","?","?","$","R","E","R","T","M","R","M","R","M","R","B",null,"M","M","T","?","$","E"],"character_chosen":"DEFECT","items_purchased":["Strawberry","Electrodynamics","Defragment","Crystallizer","Force Field+1","Multi-Cast"],"campfire_rested":3,"item_purchase_floors":[0,5,19,22,39,39],"current_hp_per_floor":[81,80,80,80,80,80,80,69,69,69,59,82,81,81,81,32,82,82,82,61,61,61,82,67,82,82,82,82,82,82,82,82,73,82,82,78,78,78,82,0,0],"gold":163,"neow_bonus":"","is_daily":false,"chose_seed":false,"campfire_upgraded":7,"win_rate":0.0,"timestamp":1609120741,"path_taken":["M","?","M","?","$","R","M","E","T","?","?","R","?","M","R","BOSS","M","$","?","?","$","R","E","R","T","M","R","M","R","M","R","BOSS","M","M","?","?","$","E"],"items_purchased_type":["Relic","Card","Card","Card","Card","Card"],"build_version":"2020-12-22","purchased_purges":0,"victory":false,"max_hp_per_floor":[82,82,82,82,82,82,82,82,82,82,82,82,82,82,82,82,82,82,82,82,82,82,82,82,82,82,82,82,82,82,82,82,82,82,82,82,82,82,82,82,82],"card_choices":[{"not_picked":["Beam Cell","Hologram"],"picked":"Auto Shields","floor":1},{"not_picked":["Barrage","Stack","conspire:SharedLibrary"],"picked":"SKIP","floor":2},{"not_picked":["Coolheaded","Turbo"],"picked":"BootSequence","floor":3},{"not_picked":["Compile Driver","Cold Snap","Hologram"],"picked":"SKIP","floor":7},{"not_picked":["Barrage","conspire:SharedLibrary","Go for the Eyes"],"picked":"SKIP","floor":8},{"not_picked":["Fusion","Cold Snap","Gash"],"picked":"SKIP","floor":13},{"not_picked":["Leap","ReplayGash","Steam Power"],"picked":"SKIP","floor":14},{"not_picked":["Meteor Strike","ReplayRNGCard"],"picked":"Seek","floor":16},{"not_picked":["Cold Snap","Leap+1"],"picked":"Ball Lightning+1","floor":18},{"not_picked":["infinitespire:Punishment","infinitespire:TheBestDefense"],"picked":"infinitespire:Starlight","floor":20},{"not_picked":["White Noise","Rebound"],"picked":"Storm","floor":24},{"not_picked":["Compile Driver","Rebound","Streamline"],"picked":"SKIP","floor":27},{"not_picked":["ReplayGash+1","Meteor Strike","Cold Snap+1"],"picked":"SKIP","floor":29},{"not_picked":["Go for the Eyes","Ball Lightning"],"picked":"FIFO Queue","floor":31},{"not_picked":["Rainbow","Seek"],"picked":"ReplayTheSpireMod:Omega Cannon","floor":33},{"not_picked":["Compile Driver+1","Chaos","Streamline"],"picked":"SKIP","floor":35},{"not_picked":["Redo","Streamline+1"],"picked":"Fusion+1","floor":36}],"player_experience":194897,"relics_obtained":[{"floor":8,"key":"Cables"},{"floor":9,"key":"Golden Egg"},{"floor":10,"key":"Bottled Tornado"},{"floor":11,"key":"Divine Protection"},{"floor":24,"key":"MealTicket"},{"floor":26,"key":"ReplayTheSpireMod:Lightbulb"},{"floor":37,"key":"Bottled Flame"}],"event_choices":[{"damage_healed":0,"gold_gain":0,"player_choice":"Grow","damage_taken":0,"max_hp_gain":0,"max_hp_loss":0,"event_name":"Living Wall","floor":4,"gold_loss":0,"cards_upgraded":["Zap"]},{"damage_healed":0,"gold_gain":0,"player_choice":"1 cards matched","damage_taken":0,"max_hp_gain":0,"max_hp_loss":0,"event_name":"Match and Keep!","floor":21,"gold_loss":0,"cards_obtained":["Zap"]},{"damage_healed":0,"gold_gain":0,"player_choice":"Upgraded","damage_taken":0,"max_hp_gain":0,"max_hp_loss":0,"event_name":"Upgrade Shrine","floor":38,"gold_loss":0,"cards_upgraded":["FIFO Queue"]}],"is_beta":false,"boss_relics":[{"not_picked":["conspire:SpecialSausage","Empty Cage"],"picked":"Replay:Bronze Core"},{"not_picked":["Painkiller Herb","Busted Crown"],"picked":"Sozu"}],"items_purged_floors":[],"is_endless":false,"potions_floor_spawned":[7,11,16,18,29,31,36],"killed_by":"Giant Head","ascension_level":3}}