{"host":"55yei7x27djrlaep","time":1609158522,"event":{"mods":["Act Like it!","Arknights The Spire","BaseMod","Better Altar","Better Match","Better Note","Better Sensory Stone","Better Skull","Better Third Choice","BetterRewards","Colored Map","Conspire","Friendly Minions","GifTheSpireLib","Halation","Minty Spire (QoL Compilation)","Pale of the Ancients","Relic Sorter","Replay The Spire","StSLib","The Caster","The Elementalist","The Marked"],"gold_per_floor":[114,133,133,133,34,34,66,66,141,167,167,186,211,211,211,309,309,323,323,323,340,340,367,367,398,421,361,361,81,81,112,124,240,252,282,311,339,351,363,363],"floor_reached":39,"playtime":3563,"items_purged":["elementalist:Defend_Elemblue"],"score":554,"play_id":"64f9040a-869b-4220-8813-8eb10e464a7d","local_time":"20201228152842","is_ascension_mode":true,"campfire_choices":[{"data":"elementalist:Monument","floor":6.0,"key":"SMITH"},{"data":"elementalist:Mage_Hand","floor":8.0,"key":"SMITH"},{"data":"elementalist:Flame","floor":11.0,"key":"SMITH"},{"data":"elementalist:Refract","floor":15.0,"key":"SMITH"},{"data":"elementalist:Aetheric_Shield","floor":24.0,"key":"SMITH"},{"floor":28.0,"key":"REST"},{"floor":32.0,"key":"RECALL"}],"circlet_count":1,"master_deck":["elementalist:Fire_Emblem","elementalist:Earth_Emblem","elementalist:Defend_Elemblue","elementalist:Defend_Elemblue","elementalist:Defend_Elemblue","elementalist:Defend_Elemblue","elementalist:Firestrike","elementalist:Earthstrike","elementalist:Waterstrike","elementalist:Airstrike","elementalist:Crystal_Chalk+1","elementalist:Confluence","elementalist:Flame","elementalist:Fire_Emblem","elementalist:Monument+1","elementalist:Mage_Hand+1","elementalist:Wards","elementalist:Refract+1","elementalist:Flame+1","elementalist:Emberveil","elementalist:Aetheric_Shield+1","elementalist:Stone_to_Mud","elementalist:Geomancy","TalkToTheHand+1","elementalist:Flame","elementalist:Monument+1","elementalist:Fission_Lance","elementalist:Solar_Form","elementalist:Spark","elementalist:Caution+1","AbeCurse","elementalist:Heavensfall"],"relics":["elementalistmod:MagusStaff","elementalistmod:RedRibbon","NeowsBlessing","Pondfish Scales","Replay:Bottled Steam","Juzu Bracelet","Circlet","Ancient Tea Set","Toxic Egg 2","Replay:Wax Seal","halation:Komachan","halation:EternalFortune","MawBank","halation:SmartPhone"],"acts_visited":["Exordium","TheCity","TheBeyond"],"potions_floor_usage":[],"damage_taken":[{"damage":0.0,"enemies":"Jaw Worm","floor":1.0,"turns":1.0},{"damage":0.0,"enemies":"2 Louse","floor":2.0,"turns":1.0},{"damage":0.0,"enemies":"Gremlin Nob","floor":7.0,"turns":1.0},{"damage":15.0,"enemies":"3 Sentries","floor":10.0,"turns":10.0},{"damage":1.0,"enemies":"Small Slimes","floor":12.0,"turns":3.0},{"damage":40.0,"enemies":"Gremlin Nob","floor":13.0,"turns":5.0},{"damage":0.0,"enemies":"Hexaghost","floor":16.0,"turns":8.0},{"damage":6.0,"enemies":"Spheric Guardian","floor":18.0,"turns":4.0},{"damage":1.0,"enemies":"3 Byrds","floor":21.0,"turns":5.0},{"damage":7.0,"enemies":"Book of Stabbing","floor":23.0,"turns":5.0},{"damage":13.0,"enemies":"Gremlin Leader","floor":25.0,"turns":7.0},{"damage":4.0,"enemies":"Book of Stabbing","floor":31.0,"turns":5.0},{"damage":6.0,"enemies":"Pondfish","floor":33.0,"turns":14.0},{"damage":25,"enemies":"3 Shapes","floor":35,"turns":3},{"damage":0,"enemies":"Orb Walker","floor":36,"turns":1},{"damage":0,"enemies":"Maw","floor":37,"turns":7},{"damage":42,"enemies":"Sphere and 2 Shapes","floor":39,"turns":5}],"seed_played":"-3945733383496310801","potions_obtained":[{"floor":2.0,"key":"Milkshake"},{"floor":7.0,"key":"EntropicBrew"},{"floor":16.0,"key":"Block Potion"},{"floor":25.0,"key":"FearPotion"},{"floor":38,"key":"CultistPotion"},{"floor":38,"key":"Explosive Potion"}],"is_trial":false,"path_per_floor":["M","M","?","?","$","R","E","R","T","E","R","M","E","?","R_BF","B",null,"M","?","?","M","?","E","R","E","T","?","R","$","?","E","R","B",null,"M","M","M","?","M"],"character_chosen":"THE_ELEMENTALIST","items_purchased":["elementalist:Monument","elementalist:Mage_Hand","Replay:Wax Seal","halation:Komachan"],"campfire_rested":1,"item_purchase_floors":[5,5,29,29],"current_hp_per_floor":[70,70,63,63,63,63,63,63,63,48,48,47,7,7,7,7,54,48,48,48,47,47,40,40,27,27,27,48,48,51,47,47,41,65,40,40,40,40,0,0],"gold":363,"neow_bonus":"THREE_ENEMY_KILL","is_daily":false,"chose_seed":false,"campfire_upgraded":5,"win_rate":0.0,"timestamp":1609158522,"path_taken":["M","M","?","?","$","R","E","R","T","E","R","M","E","?","R_BF","BOSS","M","?","?","M","?","E","R","E","T","?","R","$","?","E","R","BOSS","M","M","M","?","M"],"items_purchased_type":["Card","Card","Relic","Relic"],"build_version":"2020-12-22","purchased_purges":1,"victory":false,"max_hp_per_floor":[70,70,70,70,70,70,70,70,70,70,70,70,70,70,70,70,70,70,70,70,70,70,70,70,70,70,70,70,70,73,73,73,73,73,73,73,73,73,73,73],"card_choices":[{"not_picked":["elementalist:Solar_Form","elementalist:Etherstrike"],"picked":"elementalist:Confluence","floor":1.0},{"not_picked":["elementalist:Momentum","elementalist:Stone_to_Mud"],"picked":"elementalist:Flame","floor":2.0},{"not_picked":["elementalist:Overheat","elementalist:Sidereal_Form"],"picked":"elementalist:Wards","floor":7.0},{"not_picked":["elementalist:Rising_Tides","elementalist:Fission_Lance"],"picked":"elementalist:Refract","floor":10.0},{"not_picked":["elementalist:Vaccuum","elementalist:Pressurize","elementalist:Breeze"],"picked":"SKIP","floor":12.0},{"not_picked":["elementalist:Reckless_Dance","elementalist:Lunar_Form"],"picked":"elementalist:Emberveil","floor":13.0},{"not_picked":["elementalist:Burning_Soul","elementalist:Mirror_Circlet"],"picked":"elementalist:Aetheric_Shield","floor":16.0},{"not_picked":["elementalist:Overheat","elementalist:Emberveil"],"picked":"elementalist:Stone_to_Mud","floor":18.0},{"not_picked":["elementalist:Emberveil","elementalist:Overheat"],"picked":"elementalist:Flame","floor":21.0},{"not_picked":["elementalist:Breeze","elementalist:Accelerant"],"picked":"elementalist:Fission_Lance","floor":23.0},{"not_picked":["elementalist:Pressurize","elementalist:Wards+1"],"picked":"elementalist:Spark","floor":25.0},{"not_picked":["elementalist:Inferno","elementalist:Monument+1","elementalist:Blaze"],"picked":"SKIP","floor":31.0},{"not_picked":["elementalist:Inferno","elementalist:Wirbelwight+1"],"picked":"elementalist:Heavensfall","floor":33.0},{"not_picked":["elementalist:Breeze+1","elementalist:Ignition+1","elementalist:Lunar_Form+1"],"picked":"SKIP","floor":35},{"not_picked":["elementalist:Overheat+1","elementalist:Cauterize+1","elementalist:Confluence"],"picked":"SKIP","floor":36},{"not_picked":["elementalist:Cauterize","elementalist:Emberveil+1","elementalist:Pressurize"],"picked":"SKIP","floor":37}],"player_experience":396785,"relics_obtained":[{"floor":7.0,"key":"Pondfish Scales"},{"floor":9.0,"key":"Replay:Bottled Steam"},{"floor":10.0,"key":"Juzu Bracelet"},{"floor":13.0,"key":"CrustySpines"},{"floor":23.0,"key":"Ancient Tea Set"},{"floor":25.0,"key":"Toxic Egg 2"},{"floor":31.0,"key":"MawBank"}],"event_choices":[{"cards_removed":["elementalist:Strike+Elemblue"],"damage_healed":0.0,"max_hp_gain":0.0,"max_hp_loss":0.0,"gold_gain":0.0,"event_name":"Golden Wing","player_choice":"Card Removal","floor":3.0,"gold_loss":0.0,"damage_taken":7.0},{"damage_healed":0.0,"max_hp_gain":0.0,"max_hp_loss":0.0,"gold_gain":2.0,"event_name":"betterStone:BetterStone","player_choice":"4","floor":20.0,"gold_loss":0.0,"damage_taken":0.0,"cards_obtained":["TalkToTheHand"]},{"damage_healed":0.0,"max_hp_gain":0.0,"max_hp_loss":0.0,"gold_gain":0.0,"event_name":"Duplicator","player_choice":"Copied","floor":22.0,"gold_loss":0.0,"damage_taken":0.0,"cards_obtained":["elementalist:Monument"]},{"damage_healed":0,"gold_gain":0,"player_choice":"Got Potions","damage_taken":0,"max_hp_gain":0,"max_hp_loss":0,"event_name":"Lab","floor":38,"gold_loss":0}],"is_beta":false,"boss_relics":[{"not_picked":["Philosopher\u0027s Stone","Ectoplasm"],"picked":"hubris:TerracottaHorce"},{"not_picked":["Runic Dome","Circlet"],"picked":"halation:SmartPhone"}],"items_purged_floors":[29],"is_endless":false,"potions_floor_spawned":[2,7,16,18,25,33,37],"killed_by":"Sphere and 2 Shapes","ascension_level":6}}