{"host":"zm2copjc1o2b6hjv","time":1609195818,"event":{"mods":["AchievementEnabler","BaseMod","BetterRewards","Conspire","Downfall","Friendly Minions","Infinite Spire","Minty Spire (QoL Compilation)","Replay The Spire","StSLib"],"gold_per_floor":[119,45,45,45,61,61,336,336,336,350,365,377,377,394,394,494,594,614,628,647,647,647,647,658,672,695,711,739,739,739,758,758,863,863,879,879,891,891,529,529,561,561,586,586,615,631,649,666,666,666],"floor_reached":51,"playtime":2539,"items_purged":["Bash"],"score":830,"play_id":"0fa9915d-6a88-4593-9bbf-c63e95c18093","local_time":"20201228175018","is_ascension_mode":true,"campfire_choices":[{"data":"Flame Barrier","floor":6,"key":"SMITH"},{"data":"Inflame","floor":8,"key":"SMITH"},{"data":"Bludgeon","floor":13,"key":"SMITH"},{"data":"Regret","floor":15,"key":"PURGE"},{"data":"Body Slam","floor":23,"key":"SMITH"},{"data":"Feed","floor":29,"key":"SMITH"},{"data":"Evolve","floor":32,"key":"SMITH"},{"data":"Anger","floor":40,"key":"SMITH"},{"data":"Feel No Pain","floor":49,"key":"SMITH"}],"circlet_count":0,"master_deck":["Strike_R","Strike_R","Strike_R","Strike_R","Defend_R","Defend_R","Defend_R","Defend_R","Feel No Pain+1","Evolve+1","Flame Barrier+1","Inflame+1","Bludgeon+1","Anger+1","ReplayReversal+1","Disarm+1","Feed+1","Body Slam+1","ReplayTheSpireMod:LeadingStrike+1","ReplayTheSpireMod:Stacked+1","Hemogenesis","Hemogenesis","conspire:ExplosiveBarrier+1","Demonic Infusion+1","conspire:Purge+1","Limit Break+1","Strike_R","Strike_R","Strike_R","Strike_R","Defend_R+1","Defend_R+1","Defend_R+1","Defend_R+1","Feel No Pain","Evolve+1","Flame Barrier+1","Inflame+1","Bludgeon+1","Anger+1","ReplayReversal+1","Disarm+1","Feed+1","Body Slam+1","ReplayTheSpireMod:LeadingStrike+1","ReplayTheSpireMod:Stacked+1","Hemogenesis","Hemogenesis","conspire:ExplosiveBarrier+1","Demonic Infusion+1","conspire:Purge+1","Limit Break+1","Havoc+1","Rage+1","Spot Weakness+1"],"relics":["Black Blood","Magic Flower","Mummified Hand","Toxic Egg 2","Ice Cream","Ornamental Fan","Replay:Wanted Poster","Busted Crown","Pocketwatch","Nloth\u0027s Gift","infinitespire:Lucky Rock","Strawberry","ReplayTheSpireMod:Shallot","StoneCalendar","Replay:Baseball","Blue Doll"],"acts_visited":["Exordium","TheCity","TheBeyond"],"potions_floor_usage":[5,11,14,20,24,31,33,41,45,48,50],"damage_taken":[{"damage":0,"enemies":"2 Louse","floor":1,"turns":4},{"damage":5,"enemies":"Jaw Worm","floor":5,"turns":5},{"damage":0,"enemies":"Cultist","floor":10,"turns":3},{"damage":14,"enemies":"Exordium Wildlife","floor":11,"turns":4},{"damage":11,"enemies":"Red Slaver","floor":12,"turns":3},{"damage":3,"enemies":"Looter","floor":14,"turns":2},{"damage":69,"enemies":"Fading Forest","floor":16,"turns":11},{"damage":0,"enemies":"3 Byrds","floor":18,"turns":3},{"damage":0,"enemies":"Chosen","floor":19,"turns":3},{"damage":0,"enemies":"Snecko","floor":20,"turns":4},{"damage":5,"enemies":"3 Cultists","floor":24,"turns":4},{"damage":20,"enemies":"Snake Plant","floor":25,"turns":2},{"damage":10,"enemies":"Cultist and Chosen","floor":27,"turns":5},{"damage":33,"enemies":"Slavers","floor":28,"turns":5},{"damage":19,"enemies":"Centurion and Healer","floor":31,"turns":5},{"damage":44,"enemies":"conspire:MysteriousRune","floor":33,"turns":8},{"damage":60,"enemies":"3 Shapes","floor":35,"turns":4},{"damage":2,"enemies":"Orb Walker","floor":37,"turns":3},{"damage":10,"enemies":"R_Hoarder","floor":41,"turns":7},{"damage":62,"enemies":"Reptomancer","floor":45,"turns":8},{"damage":59,"enemies":"Transient","floor":46,"turns":5},{"damage":6,"enemies":"Spire Growth","floor":47,"turns":4},{"damage":51,"enemies":"3 Darklings","floor":48,"turns":7},{"damage":98,"enemies":"Replay:Hell Engine","floor":50,"turns":11}],"seed_played":"-6301118822939071747","potions_obtained":[{"floor":1,"key":"Dexterity Potion"},{"floor":10,"key":"Reflective Coating"},{"floor":12,"key":"Weak Potion"},{"floor":16,"key":"Fire Potion"},{"floor":20,"key":"Explosive Potion"},{"floor":25,"key":"Milkshake"},{"floor":27,"key":"Energy Potion"},{"floor":28,"key":"champ:CounterPotion"},{"floor":31,"key":"Adrenaline Potion"},{"floor":37,"key":"Ancient Potion"},{"floor":45,"key":"Adrenaline Potion"},{"floor":48,"key":"BloodPotion"}],"is_trial":false,"path_per_floor":["M","$","?","T","M","R","?","R","T","M","M","M","R","M","R","B",null,"M","M","M","AVR","?","R","M","M","T","M","E","R","?","M","R","B",null,"M","?","M","$","$","R","E","?","T","?","E","M","M","M","R","B",null],"character_chosen":"IRONCLAD","items_purchased":["Magic Flower","Mummified Hand","Feel No Pain","Flame Barrier","conspire:Purge+1","ReplayTheSpireMod:Shallot"],"campfire_rested":0,"item_purchase_floors":[0,0,0,2,39,39],"current_hp_per_floor":[53,53,53,53,57,57,57,57,57,66,61,59,59,65,65,17,80,83,86,86,86,86,86,89,78,78,77,60,60,92,88,88,61,100,66,66,98,98,98,98,100,100,100,100,80,55,83,82,82,31],"gold":666,"neow_bonus":"","is_daily":false,"chose_seed":false,"campfire_upgraded":8,"win_rate":0.0,"timestamp":1609195818,"path_taken":["M","$","?","?","M","R","?","R","T","M","?","M","R","M","R","BOSS","M","M","M","AVR","?","R","?","M","T","M","E","R","?","M","R","BOSS","M","?","?","?","$","R","E","?","T","?","E","?","M","?","R","BOSS"],"items_purchased_type":["Relic","Relic","Card","Card","Card","Relic"],"build_version":"2020-12-22","purchased_purges":1,"victory":true,"max_hp_per_floor":[80,80,80,80,80,80,80,80,80,80,80,80,80,80,80,80,80,83,86,86,86,86,86,89,89,89,89,96,96,96,100,100,100,100,100,100,100,100,100,100,100,100,100,100,100,100,100,100,100,100],"card_choices":[{"not_picked":["Anger","Replay:Undeath\u0027s Touch"],"picked":"Evolve","floor":1},{"not_picked":["Warcry+1","Twin Strike"],"picked":"Inflame","floor":5},{"not_picked":["Hemokinesis","Clash"],"picked":"Bludgeon","floor":10},{"not_picked":["Burning Pact+1","Sword Boomerang"],"picked":"Anger","floor":11},{"not_picked":["Whirlwind","Flex+1"],"picked":"ReplayReversal+1","floor":12},{"not_picked":["Iron Wave","Pommel Strike"],"picked":"Disarm+1","floor":14},{"not_picked":["Demonic Infusion+1","Juggernaut"],"picked":"Feed","floor":16},{"not_picked":["ReplayTheSpireMod:Strike From Hell","Anger"],"picked":"Body Slam","floor":18},{"not_picked":["Heavy Blade","Armaments+1"],"picked":"ReplayTheSpireMod:LeadingStrike+1","floor":19},{"not_picked":["Second Wind+1","Shrug It Off+1","Pummel"],"picked":"SKIP","floor":20},{"not_picked":["Headbutt+1"],"picked":"SKIP","floor":24},{"not_picked":[],"picked":"ReplayTheSpireMod:Stacked+1","floor":25},{"not_picked":["Uppercut"],"picked":"SKIP","floor":27},{"not_picked":["Pommel Strike"],"picked":"SKIP","floor":28},{"not_picked":[],"picked":"Hemogenesis","floor":31},{"not_picked":[],"picked":"Hemogenesis","floor":33},{"not_picked":["True Grit+1"],"picked":"SKIP","floor":35},{"not_picked":["Massacre"],"picked":"SKIP","floor":37},{"not_picked":[],"picked":"Limit Break+1","floor":41},{"not_picked":[],"picked":"Havoc+1","floor":45},{"not_picked":["Headbutt"],"picked":"SKIP","floor":46},{"not_picked":[],"picked":"Rage+1","floor":47},{"not_picked":[],"picked":"Spot Weakness+1","floor":48}],"player_experience":211627,"relics_obtained":[{"floor":3,"key":"Toxic Egg 2"},{"floor":4,"key":"Ice Cream"},{"floor":9,"key":"Ornamental Fan"},{"floor":26,"key":"infinitespire:Lucky Rock"},{"floor":28,"key":"Strawberry"},{"floor":41,"key":"StoneCalendar"},{"floor":43,"key":"Replay:Baseball"},{"floor":45,"key":"Blue Doll"}],"event_choices":[{"damage_healed":0,"gold_gain":275,"player_choice":"Desecrate","damage_taken":0,"max_hp_gain":0,"max_hp_loss":0,"event_name":"Golden Shrine","floor":7,"gold_loss":0,"cards_obtained":["Regret"]},{"damage_healed":0,"gold_gain":0,"player_choice":"Traded Relic","damage_taken":0,"relics_obtained":["Nloth\u0027s Gift"],"max_hp_gain":0,"max_hp_loss":0,"event_name":"N\u0027loth","floor":22,"relics_lost":["Replay:Towering Pillar of Hats"],"gold_loss":0},{"damage_healed":32,"gold_gain":0,"player_choice":"Heal","damage_taken":0,"max_hp_gain":0,"max_hp_loss":0,"event_name":"The Library","floor":30,"gold_loss":0},{"damage_healed":0,"gold_gain":0,"player_choice":"2 cards matched","damage_taken":0,"max_hp_gain":0,"max_hp_loss":0,"event_name":"Match and Keep!","floor":36,"gold_loss":0,"cards_obtained":["conspire:ExplosiveBarrier","Demonic Infusion"]},{"cards_removed":["Strike_R"],"damage_healed":0,"gold_gain":0,"player_choice":"Removed Attack","damage_taken":0,"max_hp_gain":0,"max_hp_loss":0,"event_name":"Falling","floor":42,"gold_loss":0}],"is_beta":false,"boss_relics":[{"not_picked":["Black Star","Runic Dome"],"picked":"Replay:Wanted Poster"},{"not_picked":["Honey Jar","conspire:SeveredTorchhead"],"picked":"Black Blood"}],"items_purged_floors":[0],"is_endless":false,"potions_floor_spawned":[1,10,12,16,20,25,27,28,31,37,45,48],"ascension_level":4}}