{"host":"qlj7f7zro8kbedlv","time":1609151252,"event":{"mods":["2.2 Compatiblity","Astrologer","Bard","BaseMod","Better Note","BetterRewards","Colored Map","Colored Powertips","Conspire","Downfall","Energized Spire","Friendly Minions","Hermit","Highlight Path","Hubris","Infinite Spire","Jorbs\u0027s Wanderer Trilogy","Mimic Mod","Minty Spire (QoL Compilation)","Rare Cards Sparkle","Replay The Spire","StSLib","The Bladedancer","The Cursed","The Elementalist","The Runesmith"],"gold_per_floor":[99,110,110,127,17,48,85,77,77,62,62,62,62,260,276,373,373,373,385,398,417,417,417,443,489,525,154,179,279,299,299,318,420,420,420,432,439,339,360,360,360,388,440,462,497,557,482,482,524,540],"floor_reached":51,"playtime":2921,"items_purged":["hexamod:Defend"],"score":902,"play_id":"0cb59c5f-a29c-4665-b24c-53f77447669d","local_time":"20201228042732","is_ascension_mode":false,"campfire_choices":[{"data":"hexamod:Float","floor":1,"key":"SMITH"},{"data":"hexamod:GhostOfSpirePresent","floor":9,"key":"SMITH"},{"data":"hexamod:ShieldOfDarkness","floor":11,"key":"SMITH"},{"data":"hexamod:InspiringFlames","floor":13,"key":"SMITH"},{"data":"hexamod:ExtraCrispy","floor":18,"key":"SMITH"},{"data":"hexamod:CatchUp","floor":23,"key":"SMITH"},{"data":"hexamod:TimeOfNeed","floor":35,"key":"SMITH"},{"data":"hexamod:SwordOfDarkness","floor":47,"key":"SMITH"}],"circlet_count":0,"master_deck":["hexamod:Strike+1","hexamod:Strike","hexamod:Strike+1","hexamod:Strike+1","hexamod:Defend","hexamod:Defend+1","hexamod:Defend","hexamod:Float+1","hexamod:EtherealExpedition+1","hexamod:AdvancingGuard","hexamod:SwordOfDarkness+1","hexamod:ShieldOfDarkness+1","hexamod:GhostOfSpirePresent+1","hexamod:StepThrough+1","hexamod:InspiringFlames+1","hexamod:RecurringNightmare","hexamod:CatchUp+1","hexamod:NightmareStrike+1","hexamod:TimeOfNeed+1","hexamod:Rewind+1","hexamod:TimeWarp+1","hexamod:EtherealExpedition+1","hexamod:NightmareGuise"],"relics":["hexamod:SpiritBrand","Medical Kit","Onion Ring","Molten Egg 2","Potion Belt","hubris:OldNail","TungstenRod","ReplayTheSpireMod:Ring of Exchange","Ring of Searing","energizedSpire:CursedPentagram","MawBank","Bag of Marbles","ReplayTheSpireMod:Ninjato","hexamod:TheBrokenSeal","Empty Cage","Blood Vial","Replay:Bandana","Iron Hammer","Replay:Bottled Flurry","Bag of Preparation","downfall:HeartBlessingGreen"],"acts_visited":["Exordium","TheCity","TheBeyond"],"potions_floor_usage":[16,33,37,50,50],"damage_taken":[{"damage":0,"enemies":"2 Louse","floor":2,"turns":4},{"damage":1,"enemies":"Jaw Worm","floor":4,"turns":4},{"damage":0,"enemies":"downfall:FleeingMerchant","floor":5,"turns":4},{"damage":9,"enemies":"3 Sentries","floor":6,"turns":8},{"damage":3,"enemies":"Small Slimes","floor":7,"turns":6},{"damage":4,"enemies":"downfall:FleeingMerchant","floor":8,"turns":4},{"damage":0,"enemies":"downfall:FleeingMerchant","floor":10,"turns":4},{"damage":0,"enemies":"Small Slimes","floor":15,"turns":1},{"damage":22,"enemies":"downfall:Defect","floor":16,"turns":7},{"damage":16,"enemies":"Chosen","floor":19,"turns":5},{"damage":35,"enemies":"Cultist and Chosen","floor":20,"turns":7},{"damage":34,"enemies":"Centurion and Healer","floor":21,"turns":7},{"damage":22,"enemies":"Book of Stabbing","floor":25,"turns":7},{"damage":4,"enemies":"Snecko","floor":26,"turns":8},{"damage":0,"enemies":"downfall:FleeingMerchant","floor":27,"turns":4},{"damage":13,"enemies":"Snake Plant","floor":28,"turns":4},{"damage":8,"enemies":"Cultist and Chosen","floor":30,"turns":5},{"damage":9,"enemies":"3 Cultists","floor":32,"turns":3},{"damage":20,"enemies":"downfall:Silent","floor":33,"turns":6},{"damage":4,"enemies":"Orb Walker","floor":36,"turns":2},{"damage":9,"enemies":"downfall:FleeingMerchant","floor":37,"turns":2},{"damage":4,"enemies":"3 Darklings","floor":39,"turns":2},{"damage":12,"enemies":"Transient","floor":42,"turns":5},{"damage":0,"enemies":"R_Hoarder","floor":43,"turns":2},{"damage":0,"enemies":"Sphere and 2 Shapes","floor":44,"turns":1},{"damage":4,"enemies":"Maw","floor":45,"turns":3},{"damage":4,"enemies":"Giant Head","floor":46,"turns":3},{"damage":0,"enemies":"Transient","floor":49,"turns":5},{"damage":4,"enemies":"downfall:Watcher","floor":50,"turns":3}],"seed_played":"-3073548266638815362","potions_obtained":[{"floor":4,"key":"SpeedPotion"},{"floor":15,"key":"LifebloodPotion"},{"floor":16,"key":"Explosive Potion"},{"floor":20,"key":"Swift Potion"},{"floor":22,"key":"infinitespire:BlackPotion"},{"floor":22,"key":"sneckomod:MuddlingPotion"},{"floor":22,"key":"Fire Potion"},{"floor":25,"key":"Guardian:BlockOnCardUsePotion"},{"floor":32,"key":"Block Potion"},{"floor":42,"key":"Energy Potion"},{"floor":44,"key":"Adrenaline Potion"}],"is_trial":false,"path_per_floor":["R","M","?","M","$","E","MIM","$","R","$","R","?","R","?","M","B",null,"R","M","M","M","?","R","T","E","M","$","M","?","M","?","M","B",null,"R","M","?","NS","M","?","T","M","E","M","M","E","R","?","M","B",null],"character_chosen":"THE_SPIRIT","items_purchased":["Medical Kit","Onion Ring","hubris:OldNail","TungstenRod","hexamod:InspiringFlames","ReplayTheSpireMod:Ninjato","SkillPotion","Blood Vial","Replay:Bandana","Dexterity Potion"],"campfire_rested":0,"item_purchase_floors":[5,5,8,8,8,27,27,37,37,37],"current_hp_per_floor":[77,77,77,76,76,67,64,60,60,60,60,60,60,42,42,20,77,77,61,26,43,43,43,43,21,37,37,24,24,46,46,84,64,87,87,83,74,74,72,72,72,62,64,66,64,62,62,62,64,62],"gold":540,"neow_bonus":"TEN_PERCENT_HP_BONUS","is_daily":false,"chose_seed":false,"campfire_upgraded":8,"win_rate":0.0,"timestamp":1609151252,"path_taken":["R","M","?","M","$","E","MIM","$","R","$","R","?","R","?","M","BOSS","R","M","M","M","?","R","T","E","?","$","M","?","M","?","M","BOSS","R","M","?","NS","M","?","T","M","E","M","M","E","R","?","M","BOSS"],"items_purchased_type":["Relic","Relic","Relic","Relic","Card","Relic","Potion","Relic","Relic","Potion"],"build_version":"2020-12-22","purchased_purges":1,"victory":true,"max_hp_per_floor":[77,77,77,77,77,77,77,77,77,77,77,77,77,77,77,77,77,77,77,77,77,77,77,77,77,77,77,77,77,77,77,87,87,87,87,87,87,87,87,87,87,87,87,87,87,87,87,87,87,87],"card_choices":[{"not_picked":["hexamod:NightmareStrike","hexamod:FourthSeal"],"picked":"hexamod:EtherealExpedition","floor":2},{"not_picked":["hexamod:DynamicBlow","hexamod:RainOfEmbers"],"picked":"hexamod:AdvancingGuard","floor":4},{"not_picked":["hexamod:ExtraCrispy","hexamod:ThermalTransfer"],"picked":"hexamod:SwordOfDarkness","floor":5},{"not_picked":["hexamod:FirstSeal","hexamod:CatchUp"],"picked":"hexamod:ShieldOfDarkness","floor":6},{"not_picked":["hexamod:RainOfEmbers+1","hexamod:ThirdSeal"],"picked":"hexamod:GhostOfSpirePresent","floor":7},{"not_picked":["hexamod:NightmareGuise","hexamod:RainOfEmbers+1"],"picked":"hexamod:StepThrough+1","floor":8},{"not_picked":["hexamod:GiftsFromTheDead","hexamod:ThirdSeal","hexamod:SpectersWail+1"],"picked":"SKIP","floor":10},{"not_picked":["hexamod:Hexaguard","hexamod:SoulSteal"],"picked":"hexamod:RecurringNightmare","floor":14},{"not_picked":["hexamod:Firestarter+1","hexamod:Hexaguard"],"picked":"hexamod:ExtraCrispy","floor":15},{"not_picked":["hexamod:ParanormalForm","hexamod:TurnItUp"],"picked":"hexamod:FifthSeal","floor":16},{"not_picked":["hexamod:FourthSeal","hexamod:SecondSeal"],"picked":"hexamod:SixthSeal","floor":19},{"not_picked":["hexamod:PhantomFireball+1","hexamod:RetreatToShadows","hexamod:ExtraCrispy"],"picked":"SKIP","floor":19},{"not_picked":["hexamod:SixthSeal","hexamod:FourthSeal"],"picked":"hexamod:SecondSeal","floor":20},{"not_picked":["hexamod:ShieldOfDarkness+1","hexamod:GhostOfSpirePresent+1"],"picked":"hexamod:CatchUp","floor":20},{"not_picked":["hexamod:RainOfEmbers+1","hexamod:InspiringFlames"],"picked":"hexamod:FourthSeal","floor":21},{"not_picked":["hexamod:Incineration+1","hexamod:FlamesFromBeyond"],"picked":"hexamod:NecessarySacrifice+1","floor":25},{"not_picked":["hexamod:SixthSeal","hexamod:FirstSeal"],"picked":"hexamod:ThirdSeal","floor":25},{"not_picked":["hexamod:EmpoweredFlame","hexamod:AdvancingGuard"],"picked":"hexamod:NightmareStrike+1","floor":26},{"not_picked":["hexamod:SixthSeal","hexamod:ThirdSeal","hexamod:FourthSeal"],"picked":"SKIP","floor":26},{"not_picked":["hexamod:NecessarySacrifice+1","hexamod:FlamesFromBeyond","hexamod:Firestarter+1"],"picked":"SKIP","floor":26},{"not_picked":["hexamod:AdvancingGuard","hexamod:Hexaguard"],"picked":"hexamod:TimeOfNeed","floor":27},{"not_picked":["hexamod:SecondSeal","hexamod:FourthSeal","hexamod:SixthSeal"],"picked":"SKIP","floor":27},{"not_picked":["hexamod:BacktrackSmack+1","hexamod:ThermalTransfer+1"],"picked":"hexamod:FastForward+1","floor":28},{"not_picked":["hexamod:FourthSeal","hexamod:SecondSeal","hexamod:ThirdSeal"],"picked":"SKIP","floor":28},{"not_picked":["hexamod:PhantomCloak","hexamod:GhostOfSpirePresent+1","hexamod:Incineration+1"],"picked":"SKIP","floor":28},{"not_picked":["hexamod:SecondSeal","hexamod:SixthSeal"],"picked":"hexamod:FirstSeal","floor":30},{"not_picked":["hexamod:SpectralAdrenaline","hexamod:FirstSeal"],"picked":"hexamod:Rewind+1","floor":30},{"not_picked":["hexamod:ShieldOfDarkness","hexamod:Firestarter+1","hexamod:BurningTouch"],"picked":"SKIP","floor":30},{"not_picked":["hexamod:GhostLash+1","hexamod:GhostOfSpirePresent","hexamod:GhostOfSpireFuture+1"],"picked":"SKIP","floor":32},{"not_picked":["hexamod:SixthSeal","hexamod:UnleashSpirits+1"],"picked":"hexamod:TimeWarp+1","floor":33},{"not_picked":["hexamod:SpectersWail+1","hexamod:RetreatToShadows+1","hexamod:NecessarySacrifice+1"],"picked":"SKIP","floor":36},{"not_picked":["hexamod:BurningTouch","hexamod:Firestarter+1"],"picked":"hexamod:EtherealExpedition+1","floor":37},{"not_picked":["hexamod:BurningTouch","hexamod:AdvancingGuard","hexamod:SwordOfDarkness+1"],"picked":"SKIP","floor":39},{"not_picked":["hexamod:NightmareStrike+1","hexamod:WildfireWeapon","hexamod:CatchUp"],"picked":"SKIP","floor":42},{"not_picked":["hexamod:RadiantFlame","hexamod:HauntingEcho+1","hexamod:SwordOfDarkness+1"],"picked":"SKIP","floor":43},{"not_picked":["hexamod:EmpoweredFlame+1","hexamod:AdvancingGuard+1","hexamod:ThermalTransfer+1"],"picked":"SKIP","floor":44},{"not_picked":["hexamod:Again+1","hexamod:Hexaguard","hexamod:Haunt+1"],"picked":"SKIP","floor":45},{"not_picked":["hexamod:ChargedBarrage","hexamod:InspiringFlames","hexamod:RainOfEmbers+1"],"picked":"SKIP","floor":46},{"not_picked":["hexamod:SecondSeal","hexamod:GhostLash+1"],"picked":"hexamod:NightmareGuise","floor":49}],"player_experience":108650,"relics_obtained":[{"floor":6,"key":"Molten Egg 2"},{"floor":7,"key":"Potion Belt"},{"floor":12,"key":"ReplayTheSpireMod:Ring of Exchange"},{"floor":12,"key":"Ring of Searing"},{"floor":24,"key":"MawBank"},{"floor":25,"key":"Bag of Marbles"},{"floor":41,"key":"Iron Hammer"},{"floor":43,"key":"Replay:Bottled Flurry"},{"floor":46,"key":"Bag of Preparation"}],"event_choices":[{"damage_healed":0,"gold_gain":0,"player_choice":"Got Potions","damage_taken":0,"max_hp_gain":0,"max_hp_loss":0,"event_name":"Lab","floor":22,"gold_loss":0},{"damage_healed":0,"gold_gain":0,"player_choice":"Ignored","damage_taken":0,"max_hp_gain":0,"max_hp_loss":0,"event_name":"betterNote:BetterNote","floor":31,"gold_loss":0,"cards_obtained":["Strike_R"]},{"damage_healed":0,"gold_gain":0,"player_choice":"Leave","damage_taken":0,"max_hp_gain":0,"max_hp_loss":0,"event_name":"conspire:Investor","floor":40,"gold_loss":0}],"is_beta":false,"boss_relics":[{"not_picked":["Painkiller Herb","hubris:CrackedHourglass"],"picked":"energizedSpire:CursedPentagram"},{"not_picked":["Runic Pyramid","Fusion Hammer"],"picked":"Empty Cage"}],"items_purged_floors":[27],"is_endless":false,"potions_floor_spawned":[4,15,16,20,30,32,42,44,46],"ascension_level":0}}