{"host":"10zqi976ywvus8mh","time":1609135218,"event":{"mods":["AchievementEnabler","Act Like it!","BaseMod","Block Reminder","Colored Map","Colored Powertips","Googly Eyes","Minty Spire (QoL Compilation)","Quick Restart","Rare Cards Sparkle","Relic Stats","StSLib","everything is the same but u backflip on backflip"],"gold_per_floor":[134,134,309,234,294,324,359,414,414,414,439,112,142,157,157,257,257,297,297,337,378,70,70,130,130,130,255,285,285,315,330,330,455,455,495,535,415,464,464,464,464,464,464,494,534,564,74,114,114,114],"floor_reached":51,"playtime":2349,"items_purged":["Doubt","Defend_P"],"score":1184,"play_id":"c7d5c154-f49d-429f-90ca-3e1d0a103d2a","local_time":"20201228010018","daily_mods":["Allstar","Colorless Cards","Night Terrors"],"is_ascension_mode":false,"campfire_choices":[{"data":"Apotheosis","floor":15,"key":"SMITH"},{"data":"Fasting2","floor":23,"key":"SMITH"},{"data":"Ghostly","floor":25,"key":"SMITH"},{"data":"Ghostly","floor":29,"key":"SMITH"},{"data":"Ghostly","floor":32,"key":"SMITH"},{"data":"Ghostly","floor":40,"key":"SMITH"},{"data":"Ghostly","floor":42,"key":"SMITH"},{"data":"Fasting2","floor":49,"key":"SMITH"}],"circlet_count":0,"master_deck":["Strike_P+1","Defend_P+1","Defend_P+1","Defend_P+1","Eruption+1","Vigilance","Chrysalis","Dark Shackles","HandOfGreed","Apotheosis+1","Impatience","TalkToTheHand+1","CutThroughFate","FearNoEvil","EmptyBody","FlurryOfBlows","EmptyFist","TalkToTheHand","CutThroughFate+1","Indignation","Purity+1","Consecrate+1","Violence+1","ThirdEye+1","Ghostly+1","Ghostly+1","Ghostly+1","Ghostly+1","EmptyBody","MentalFortress","LikeWater","Fasting2+1","ThirdEye+1","Fasting2+1","Meditate+1","Master of Strategy","EmptyBody+1","Perseverance+1","Halt+1"],"relics":["PureWater","Pear","Dream Catcher","The Courier","Potion Belt","War Paint","Vajra","Gremlin Horn","Astrolabe","Red Mask","OrangePellets","Bottled Lightning","FossilizedHelix","Mercury Hourglass","Bag of Marbles","Anchor","Sozu","Omamori","Torii","Bottled Tornado","Smiling Mask","Whetstone","Happy Flower","Yang","HandDrill"],"acts_visited":["Exordium","TheCity","TheBeyond"],"potions_floor_usage":[6,27,50,50,50,50,50],"damage_taken":[{"damage":0,"enemies":"Small Slimes","floor":1,"turns":5},{"damage":1,"enemies":"2 Louse","floor":5,"turns":4},{"damage":11,"enemies":"Gremlin Nob","floor":6,"turns":5},{"damage":0,"enemies":"Jaw Worm","floor":7,"turns":2},{"damage":12,"enemies":"3 Sentries","floor":8,"turns":8},{"damage":9,"enemies":"Gremlin Nob","floor":13,"turns":4},{"damage":0,"enemies":"Exordium Wildlife","floor":14,"turns":4},{"damage":0,"enemies":"Slime Boss","floor":16,"turns":4},{"damage":2,"enemies":"2 Thieves","floor":18,"turns":4},{"damage":0,"enemies":"Shell Parasite","floor":20,"turns":2},{"damage":0,"enemies":"Masked Bandits","floor":21,"turns":2},{"damage":4,"enemies":"Shelled Parasite and Fungi","floor":24,"turns":6},{"damage":0,"enemies":"Colosseum Slavers","floor":27,"turns":2},{"damage":2,"enemies":"Colosseum Nobs","floor":27,"turns":3},{"damage":0,"enemies":"Book of Stabbing","floor":28,"turns":3},{"damage":0,"enemies":"Gremlin Leader","floor":30,"turns":1},{"damage":0,"enemies":"3 Cultists","floor":31,"turns":2},{"damage":0,"enemies":"Collector","floor":33,"turns":9},{"damage":0,"enemies":"3 Shapes","floor":35,"turns":3},{"damage":0,"enemies":"3 Darklings","floor":36,"turns":1},{"damage":0,"enemies":"2 Orb Walkers","floor":38,"turns":7},{"damage":0,"enemies":"Giant Head","floor":44,"turns":7},{"damage":0,"enemies":"Maw","floor":45,"turns":6},{"damage":0,"enemies":"Nemesis","floor":46,"turns":5},{"damage":0,"enemies":"Spire Growth","floor":48,"turns":6},{"damage":0,"enemies":"Awakened One","floor":50,"turns":11}],"seed_played":"3313543068594885719","potions_obtained":[{"floor":5,"key":"SkillPotion"},{"floor":6,"key":"DuplicationPotion"},{"floor":14,"key":"Explosive Potion"},{"floor":16,"key":"Energy Potion"},{"floor":18,"key":"PowerPotion"},{"floor":30,"key":"SkillPotion"},{"floor":31,"key":"Energy Potion"}],"is_trial":false,"path_per_floor":["M","?","?","$","M","E","M","E","T","?","T","$","E","M","R","B",null,"M","?","M","?","$","R","M","R","T","?","E","R","E","M","R","B",null,"M","M","$","?","?","R","?","R","T","E","M","E","$","M","R","B",null],"character_chosen":"WATCHER","items_purchased":["War Paint","Vajra","EmptyFist","TalkToTheHand","MentalFortress","LikeWater","Fasting2","OrangePellets","Omamori","Happy Flower","Yang","HandDrill"],"campfire_rested":0,"item_purchase_floors":[12,12,12,12,22,22,22,22,37,47,47,47],"current_hp_per_floor":[72,72,72,72,71,70,70,58,58,42,42,42,33,33,33,33,82,80,41,41,41,41,41,37,37,37,35,35,35,35,35,35,35,41,41,41,41,41,41,41,41,41,41,41,41,41,41,41,41,41],"gold":114,"neow_bonus":"","is_daily":true,"chose_seed":false,"campfire_upgraded":8,"win_rate":0.0,"timestamp":1609135218,"path_taken":["M","?","?","$","?","E","M","E","T","?","?","$","E","M","R","BOSS","M","?","M","?","$","R","M","R","T","?","E","R","E","M","R","BOSS","M","M","$","?","?","R","?","R","T","E","M","E","$","M","R","BOSS"],"items_purchased_type":["Relic","Relic","Card","Card","Card","Card","Card","Relic","Relic","Relic","Relic","Relic"],"build_version":"2020-12-22","purchased_purges":2,"victory":true,"max_hp_per_floor":[72,72,72,72,72,82,82,82,82,82,82,82,82,82,82,82,82,82,41,41,41,41,41,41,41,41,41,41,41,41,41,41,41,41,41,41,41,41,41,41,41,41,41,41,41,41,41,41,41,41],"relic_stats":{"Gremlin Horn":[23,23],"Torii":0,"Happy Flower":[5],"counters":[26,116],"Astrolabe":["Purity","Consecrate","Violence"],"Yang":[35],"Whetstone":["CutThroughFate","Strike_P"],"War Paint":["Defend_P","Defend_P"],"Smiling Mask":30,"Mercury Hourglass":[248],"Sozu":2,"OrangePellets":[24],"Dream Catcher":0,"HandDrill":[0],"obtain_stats":[{"Gremlin Horn":13,"Torii":38,"Vajra":12,"Yang":47,"Whetstone":46,"Bottled Tornado":43,"Smiling Mask":44,"Sozu":34,"Dream Catcher":8,"Red Mask":21,"HandDrill":47,"Potion Belt":11,"Pear":6,"Happy Flower":47,"Astrolabe":17,"The Courier":9,"Omamori":37,"War Paint":12,"Mercury Hourglass":27,"OrangePellets":22,"Anchor":30,"Bag of Marbles":28,"Bottled Lightning":26,"PureWater":0,"FossilizedHelix":27},{"Gremlin Horn":6,"Torii":21,"Vajra":5,"Yang":24,"Whetstone":24,"Bottled Tornado":21,"Smiling Mask":22,"Sozu":18,"Dream Catcher":5,"Red Mask":11,"HandDrill":24,"Potion Belt":5,"Pear":3,"Happy Flower":24,"Astrolabe":8,"The Courier":5,"Omamori":20,"War Paint":5,"Mercury Hourglass":14,"OrangePellets":11,"Anchor":16,"Bag of Marbles":15,"Bottled Lightning":12,"PureWater":0,"FossilizedHelix":14},{"Gremlin Horn":28,"Torii":81,"Vajra":24,"Yang":99,"Whetstone":99,"Bottled Tornado":81,"Smiling Mask":88,"Sozu":70,"Dream Catcher":24,"Red Mask":44,"HandDrill":99,"Potion Belt":24,"Pear":14,"Happy Flower":99,"Astrolabe":36,"The Courier":24,"Omamori":74,"War Paint":24,"Mercury Hourglass":55,"OrangePellets":44,"Anchor":59,"Bag of Marbles":58,"Bottled Lightning":50,"PureWater":0,"FossilizedHelix":55}]},"card_choices":[{"not_picked":["FlurryOfBlows","Prostrate"],"picked":"TalkToTheHand","floor":1},{"not_picked":["Blind","Vengeance"],"picked":"CutThroughFate","floor":5},{"not_picked":["Panache","Impatience"],"picked":"FearNoEvil","floor":6},{"not_picked":["PathToVictory","EmptyFist"],"picked":"EmptyBody","floor":7},{"not_picked":["Perseverance","SpiritShield"],"picked":"FlurryOfBlows","floor":8},{"not_picked":["Sanctity","Pray"],"picked":"CutThroughFate","floor":13},{"not_picked":["CrushJoints","CutThroughFate"],"picked":"Indignation","floor":14},{"not_picked":["Impatience","EmptyBody"],"picked":"ThirdEye+1","floor":18},{"not_picked":["FollowUp","JustLucky","MentalFortress"],"picked":"SKIP","floor":20},{"not_picked":["Pray","Establishment"],"picked":"EmptyBody","floor":21},{"not_picked":["ClearTheMind","Adaptation"],"picked":"ThirdEye+1","floor":24},{"not_picked":["Protect","Prostrate","Deep Breath"],"picked":"SKIP","floor":28},{"not_picked":["JustLucky","Purity"],"picked":"Fasting2","floor":30},{"not_picked":["FearNoEvil","Impatience"],"picked":"Meditate+1","floor":31},{"not_picked":["Sadistic Nature","Mayhem"],"picked":"Master of Strategy","floor":33},{"not_picked":["SashWhip","SignatureMove+1"],"picked":"EmptyBody+1","floor":35},{"not_picked":["Pray+1","Wireheading+1"],"picked":"Perseverance+1","floor":36},{"not_picked":["EmptyFist","Madness","Protect"],"picked":"SKIP","floor":44},{"not_picked":["FlyingSleeves+1","MentalFortress+1"],"picked":"Halt+1","floor":45},{"not_picked":["SashWhip","ThirdEye","ReachHeaven+1"],"picked":"SKIP","floor":46},{"not_picked":["Mind Blast","FlyingSleeves","Establishment"],"picked":"SKIP","floor":48}],"player_experience":1518119,"relics_obtained":[{"floor":6,"key":"Pear"},{"floor":8,"key":"Dream Catcher"},{"floor":9,"key":"The Courier"},{"floor":11,"key":"Potion Belt"},{"floor":13,"key":"Gremlin Horn"},{"floor":21,"key":"Red Mask"},{"floor":26,"key":"Bottled Lightning"},{"floor":27,"key":"FossilizedHelix"},{"floor":27,"key":"Mercury Hourglass"},{"floor":28,"key":"Bag of Marbles"},{"floor":30,"key":"Anchor"},{"floor":38,"key":"Torii"},{"floor":43,"key":"Bottled Tornado"},{"floor":44,"key":"Smiling Mask"},{"floor":46,"key":"Whetstone"}],"event_choices":[{"damage_healed":0,"gold_gain":0,"player_choice":"Grow","damage_taken":0,"max_hp_gain":0,"max_hp_loss":0,"event_name":"Living Wall","floor":2,"gold_loss":0,"cards_upgraded":["Eruption"]},{"damage_healed":0,"gold_gain":175,"player_choice":"AGREE","damage_taken":0,"max_hp_gain":0,"max_hp_loss":0,"event_name":"Liars Game","floor":3,"gold_loss":0,"cards_obtained":["Doubt"]},{"damage_healed":0,"gold_gain":0,"player_choice":"Entered Light","damage_taken":16,"max_hp_gain":0,"max_hp_loss":0,"event_name":"Shining Light","floor":10,"gold_loss":0,"cards_upgraded":["TalkToTheHand","Defend_P"]},{"damage_healed":0,"gold_gain":0,"player_choice":"Became a Ghost","damage_taken":0,"max_hp_gain":0,"max_hp_loss":41,"event_name":"Ghosts","floor":19,"gold_loss":0,"cards_obtained":["Ghostly","Ghostly","Ghostly","Ghostly","Ghostly"]},{"damage_healed":0,"gold_gain":0,"player_choice":"Fought Bandits","damage_taken":0,"max_hp_gain":0,"max_hp_loss":0,"event_name":"Masked Bandits","floor":21,"gold_loss":0},{"damage_healed":0,"gold_gain":0,"player_choice":"Fight","damage_taken":0,"max_hp_gain":0,"max_hp_loss":0,"event_name":"Colosseum","floor":27,"gold_loss":0},{"damage_healed":0,"gold_gain":0,"player_choice":"Fought Nobs","damage_taken":0,"max_hp_gain":0,"max_hp_loss":0,"event_name":"Colosseum","floor":27,"gold_loss":0},{"damage_healed":0,"gold_gain":0,"player_choice":"Fight","damage_taken":0,"max_hp_gain":0,"max_hp_loss":0,"event_name":"Mysterious Sphere","floor":38,"gold_loss":0},{"cards_removed":["Ghostly"],"damage_healed":0,"gold_gain":0,"player_choice":"Removed Skill","damage_taken":0,"max_hp_gain":0,"max_hp_loss":0,"event_name":"Falling","floor":39,"gold_loss":0},{"damage_healed":0,"gold_gain":0,"player_choice":"Memory 1","damage_taken":0,"max_hp_gain":0,"max_hp_loss":0,"event_name":"SensoryStone","floor":41,"gold_loss":0}],"is_beta":false,"boss_relics":[{"not_picked":["SlaversCollar","Snecko Eye"],"picked":"Astrolabe"},{"not_picked":["Coffee Dripper","Cursed Key"],"picked":"Sozu"}],"items_purged_floors":[4,47],"is_endless":false,"potions_floor_spawned":[5,6,14,16,18,27,30,31,44,45,48],"ascension_level":0}}