{"host":"f5ezd1v29dtbwkzo","time":1609189161,"event":{"mods":["2.2 Compatiblity","BaseMod","Hermit","Hubris","Infinite Spire","Minty Spire (QoL Compilation)","Rare Cards Sparkle","Replay The Spire","StSLib"],"gold_per_floor":[112,112,127,143,143,143,176,176,176,176,196,215,58,133,133,133,133],"floor_reached":16,"playtime":749,"items_purged":[],"score":100,"play_id":"d9ba6ff8-7c6a-4f4c-81f9-8d3330866d33","local_time":"20201228235921","is_ascension_mode":false,"campfire_choices":[{"data":"hubris:ReadiedAction","floor":6,"key":"SMITH"},{"floor":8,"key":"RECALL"},{"floor":10,"key":"REST"},{"floor":15,"key":"REST"}],"circlet_count":0,"master_deck":["Strike_R","Strike_R","Strike_R","Strike_R","Strike_R","Defend_R","Defend_R","Defend_R","Defend_R+1","Bash","Shrug It Off","hubris:ReadiedAction+1","Exhume","infinitespire:Starlight","Defy Death","Infernal Blade","Pommel Strike"],"relics":["Burning Blood","NlothsMask","Shuriken","Vajra"],"acts_visited":["Exordium"],"potions_floor_usage":[16],"damage_taken":[{"damage":0,"enemies":"2 Louse","floor":1,"turns":3},{"damage":2,"enemies":"Cultist","floor":3,"turns":4},{"damage":3,"enemies":"Jaw Worm","floor":4,"turns":3},{"damage":62,"enemies":"Lagavulin","floor":7,"turns":11},{"damage":21,"enemies":"Large Slime","floor":11,"turns":12},{"damage":7,"enemies":"Looter","floor":12,"turns":4},{"damage":100,"enemies":"Slime Boss","floor":16,"turns":16}],"seed_played":"-4656895914333701805","potions_obtained":[{"floor":7,"key":"Cursed Concoction"},{"floor":12,"key":"SpeedPotion"}],"is_trial":false,"path_per_floor":["M","?","M","M","?","R","E","R","T","R","M","M","$","?","R","B"],"character_chosen":"IRONCLAD","items_purchased":["Vajra"],"campfire_rested":2,"item_purchase_floors":[13],"current_hp_per_floor":[80,80,80,80,60,60,24,24,24,48,53,72,72,61,80,0,0],"gold":133,"neow_bonus":"RANDOM_EVENT","is_daily":false,"chose_seed":false,"campfire_upgraded":1,"win_rate":0.0,"timestamp":1609189161,"path_taken":["M","?","?","M","?","R","E","R","T","R","M","M","$","?","R","BOSS"],"items_purchased_type":["Relic"],"build_version":"2020-12-22","purchased_purges":0,"victory":false,"max_hp_per_floor":[80,80,80,80,80,80,80,80,80,80,80,80,80,80,80,80,80],"card_choices":[{"not_picked":["ReplayTheSpireMod:Muscle Training","Evolve"],"picked":"Shrug It Off","floor":1},{"not_picked":["Body Slam","Sword Boomerang"],"picked":"hubris:ReadiedAction","floor":3},{"not_picked":["Evolve","Havoc"],"picked":"Exhume","floor":4},{"not_picked":["infinitespire:Execution","infinitespire:SevenWalls"],"picked":"infinitespire:Starlight","floor":5},{"not_picked":["Feel No Pain","Replay:Undeath\u0027s Touch"],"picked":"Defy Death","floor":7},{"not_picked":["Body Slam","Blood for Blood"],"picked":"Infernal Blade","floor":11},{"not_picked":["Second Wind","Body Slam"],"picked":"Pommel Strike","floor":12}],"player_experience":308319,"relics_obtained":[{"floor":7,"key":"Shuriken"}],"event_choices":[{"damage_healed":0,"gold_gain":0,"player_choice":"Trade","damage_taken":0,"relics_obtained":["NlothsMask"],"max_hp_gain":0,"max_hp_loss":0,"event_name":"FaceTrader","floor":2,"gold_loss":0},{"damage_healed":0,"gold_gain":75,"player_choice":"Gather Gold","damage_taken":11,"max_hp_gain":0,"max_hp_loss":0,"event_name":"World of Goop","floor":14,"gold_loss":0}],"is_beta":false,"boss_relics":[],"items_purged_floors":[],"is_endless":false,"potions_floor_spawned":[7,12],"killed_by":"Slime Boss","ascension_level":0}}