{"host":"6pgtslebjnyv5xmi","time":1609168327,"event":{"mods":["AchievementEnabler","BaseMod","Colored Map","Minty Spire (QoL Compilation)","Rare Cards Sparkle","StSLib","SuperFastMode","The Dragon Tamer","everything is the same but u backflip on backflip"],"gold_per_floor":[211,211,225,80,80,80,100,100,100,0,0,19,34,34,34,134,134,149,99,99,49,49,49,49,49,72,72,92,42,57,20,20,116,116,131,143,161,175,187,187,187],"floor_reached":40,"playtime":2268,"items_purged":["Strike_B","Strike_B","Defend_B","Defend_B+1","Decay"],"score":470,"play_id":"c033fe55-e1fb-4d92-bb9e-d95c4a9f86a8","local_time":"20201229001207","is_ascension_mode":true,"campfire_choices":[{"data":"Sunder","floor":6,"key":"SMITH"},{"data":"Recycle","floor":8,"key":"SMITH"},{"data":"Glacier","floor":15,"key":"SMITH"},{"data":"Dualcast","floor":23,"key":"SMITH"},{"data":"Chaos","floor":27,"key":"SMITH"},{"data":"Reinforced Body","floor":32,"key":"SMITH"}],"circlet_count":0,"master_deck":["Zap+1","Dualcast+1","Reinforced Body+1","Glacier+1","Sunder+1","Recycle+1","Core Surge","Undo+1","FTL","Chaos+1","Go for the Eyes","Melter","Echo Form","Double Energy+1","Turbo+1"],"relics":["Cracked Core","Potion Belt","Smiling Mask","Empty Cage","Boot","Nuclear Battery"],"acts_visited":["Exordium","TheCity","TheBeyond"],"potions_floor_usage":[30,33,33,33,38,40],"damage_taken":[{"damage":1,"enemies":"Cultist","floor":1,"turns":4},{"damage":0,"enemies":"2 Louse","floor":3,"turns":3},{"damage":0,"enemies":"Jaw Worm","floor":7,"turns":3},{"damage":0,"enemies":"2 Fungi Beasts","floor":12,"turns":2},{"damage":0,"enemies":"Red Slaver","floor":13,"turns":5},{"damage":17,"enemies":"The Guardian","floor":16,"turns":15},{"damage":10,"enemies":"Shell Parasite","floor":18,"turns":8},{"damage":0,"enemies":"Chosen","floor":28,"turns":3},{"damage":0,"enemies":"3 Cultists","floor":30,"turns":4},{"damage":20,"enemies":"Collector","floor":33,"turns":15},{"damage":4,"enemies":"3 Darklings","floor":35,"turns":5},{"damage":0,"enemies":"Orb Walker","floor":36,"turns":3},{"damage":9,"enemies":"Spire Growth","floor":37,"turns":4},{"damage":6,"enemies":"Transient","floor":38,"turns":5},{"damage":11,"enemies":"Jaw Worm Horde","floor":39,"turns":4},{"damage":46,"enemies":"Giant Head","floor":40,"turns":10}],"seed_played":"8379441454121989539","potions_obtained":[{"floor":1,"key":"Block Potion"},{"floor":3,"key":"DuplicationPotion"},{"floor":16,"key":"Weak Potion"},{"floor":30,"key":"Block Potion"},{"floor":35,"key":"Weak Potion"},{"floor":37,"key":"AttackPotion"},{"floor":39,"key":"BlessingOfTheForge"}],"is_trial":false,"path_per_floor":["M","?","M","$","?","R","M","R","T","$","?","M","M","?","R","B",null,"M","$","?","$","?","R","?","?","T","R","M","$","M","$","R","B",null,"M","M","M","M","M","E"],"character_chosen":"DEFECT","items_purchased":["Sunder","Melter"],"campfire_rested":0,"item_purchase_floors":[4,31],"current_hp_per_floor":[74,74,74,74,79,79,79,79,79,79,63,63,63,63,63,46,72,62,62,62,62,62,62,47,47,47,47,47,47,47,47,47,27,71,67,67,58,52,41,0,0],"gold":187,"neow_bonus":"HUNDRED_GOLD","is_daily":false,"chose_seed":false,"campfire_upgraded":6,"win_rate":0.0,"timestamp":1609168327,"path_taken":["M","?","?","$","?","R","M","R","T","$","?","M","M","?","R","BOSS","M","$","?","$","?","R","?","?","T","R","M","$","?","?","R","BOSS","M","M","M","?","?","E"],"items_purchased_type":["Card","Card"],"build_version":"2020-12-22","purchased_purges":5,"victory":false,"max_hp_per_floor":[75,75,75,75,80,80,80,80,80,80,80,80,80,80,80,80,80,80,80,80,80,80,80,85,85,85,85,85,85,85,85,85,85,85,85,85,85,85,85,85,85],"card_choices":[{"not_picked":["Aggregate","Go for the Eyes"],"picked":"Reinforced Body","floor":1},{"not_picked":["Tempest","Cold Snap"],"picked":"Glacier","floor":3},{"not_picked":["Leap","Glacier"],"picked":"Recycle","floor":7},{"not_picked":["Rebound","Coolheaded","Leap"],"picked":"SKIP","floor":12},{"not_picked":["Steam","Streamline","Ball Lightning"],"picked":"SKIP","floor":13},{"not_picked":["Buffer","Fission"],"picked":"Core Surge","floor":16},{"not_picked":["Go for the Eyes","Redo+1"],"picked":"Undo+1","floor":18},{"not_picked":["Hologram","Consume"],"picked":"Go for the Eyes","floor":28},{"not_picked":["Gash","Coolheaded","Consume"],"picked":"SKIP","floor":30},{"not_picked":["Thunder Strike","Amplify"],"picked":"Echo Form","floor":33},{"not_picked":["Aggregate","Hello World+1","Cold Snap"],"picked":"SKIP","floor":35},{"not_picked":["Streamline","Scrape","Leap"],"picked":"SKIP","floor":36},{"not_picked":["Turbo","Compile Driver+1"],"picked":"Double Energy+1","floor":37},{"not_picked":["Scrape+1","Sweeping Beam+1"],"picked":"Turbo+1","floor":38},{"not_picked":["Genetic Algorithm","Stack+1","Beam Cell"],"picked":"SKIP","floor":39}],"player_experience":566503,"relics_obtained":[{"floor":9,"key":"Potion Belt"},{"floor":14,"key":"Smiling Mask"},{"floor":26,"key":"Boot"}],"event_choices":[{"damage_healed":0,"gold_gain":0,"player_choice":"Forge","damage_taken":0,"max_hp_gain":0,"max_hp_loss":0,"event_name":"Accursed Blacksmith","floor":2,"gold_loss":0,"cards_upgraded":["Zap"]},{"damage_healed":0,"gold_gain":0,"player_choice":"Donut","damage_taken":0,"max_hp_gain":5,"max_hp_loss":0,"event_name":"Big Fish","floor":5,"gold_loss":0},{"damage_healed":0,"gold_gain":0,"player_choice":"Entered Light","damage_taken":16,"max_hp_gain":0,"max_hp_loss":0,"event_name":"Shining Light","floor":11,"gold_loss":0,"cards_upgraded":["Defend_B","Defend_B"]},{"damage_healed":0,"gold_gain":0,"player_choice":"Relic","damage_taken":0,"max_hp_gain":0,"max_hp_loss":0,"event_name":"Wheel of Change","floor":14,"gold_loss":0},{"damage_healed":0,"gold_gain":0,"cards_transformed":["Defend_B","Defend_B"],"player_choice":"Became Test Subject","damage_taken":0,"max_hp_gain":0,"max_hp_loss":0,"event_name":"Drug Dealer","floor":20,"gold_loss":0,"cards_obtained":["FTL","Chaos"]},{"damage_healed":0,"gold_gain":0,"player_choice":"Ignored","damage_taken":0,"max_hp_gain":0,"max_hp_loss":0,"event_name":"Vampires","floor":22,"gold_loss":0},{"damage_healed":0,"gold_gain":0,"player_choice":"Shed Blood","damage_taken":20,"max_hp_gain":5,"max_hp_loss":0,"event_name":"Forgotten Altar","floor":24,"gold_loss":0},{"damage_healed":0,"gold_gain":0,"player_choice":"Cursed","damage_taken":0,"max_hp_gain":0,"max_hp_loss":0,"event_name":"Wheel of Change","floor":25,"gold_loss":0,"cards_obtained":["Decay"]}],"is_beta":false,"boss_relics":[{"not_picked":["SacredBark","Fusion Hammer"],"picked":"Empty Cage"},{"not_picked":["FrozenCore","Cursed Key"],"picked":"Nuclear Battery"}],"items_purged_floors":[4,10,19,21,29],"is_endless":false,"potions_floor_spawned":[1,3,16,30,35,37,39],"killed_by":"Giant Head","ascension_level":5}}