{"host":"9ndbo4kgsfoemf7y","time":1609150565,"event":{"mods":["AchievementEnabler","BaseMod","Colored Map","DeckTracker","Keyboard Shortcuts","Minty Spire (QoL Compilation)","Permanent Neow","Quick Restart","Relic Stats","StSLib","SuperFastMode"],"gold_per_floor":[365,381,21,36,36,63,33,33,33,33,33,52,52,52],"floor_reached":13,"playtime":330,"items_purged":["Strike_B"],"score":100,"play_id":"2c58afd2-66ee-4257-bc49-442612da9804","local_time":"20201228191605","is_ascension_mode":true,"campfire_choices":[{"floor":8.0,"key":"REST"},{"data":"Double Energy","floor":10.0,"key":"SMITH"}],"circlet_count":0,"master_deck":["Strike_B","Strike_B","Strike_B","Defend_B","Defend_B","Defend_B","Defend_B","Zap","Dualcast","Darkness","Skim","Capacitor","Double Energy+1","Beam Cell","Sweeping Beam"],"relics":["Cracked Core","Torii","Pear","Orichalcum","Centennial Puzzle"],"acts_visited":["Exordium"],"potions_floor_usage":[13],"damage_taken":[{"damage":1.0,"enemies":"Cultist","floor":1.0,"turns":3.0},{"damage":8.0,"enemies":"Small Slimes","floor":2.0,"turns":3.0},{"damage":9.0,"enemies":"2 Louse","floor":4.0,"turns":3.0},{"damage":44.0,"enemies":"3 Sentries","floor":6.0,"turns":10.0},{"damage":7.0,"enemies":"Looter","floor":7.0,"turns":4.0},{"damage":3,"enemies":"Blue Slaver","floor":12,"turns":5},{"damage":26,"enemies":"Gremlin Nob","floor":13,"turns":3}],"seed_played":"3045210769266220847","potions_obtained":[{"floor":4.0,"key":"Block Potion"},{"floor":12,"key":"Swift Potion"}],"is_trial":false,"path_per_floor":["M","M","$","M","$","E","M","R","T","R","?","M","E"],"character_chosen":"DEFECT","items_purchased":["Torii"],"campfire_rested":1,"item_purchase_floors":[3],"current_hp_per_floor":[67,59,59,50,50,16,9,32,32,32,25,22,0,0],"gold":52,"neow_bonus":"TWO_FIFTY_GOLD","is_daily":false,"chose_seed":false,"campfire_upgraded":1,"win_rate":0.0,"timestamp":1609150565,"path_taken":["M","M","$","M","$","E","M","R","T","R","?","M","E"],"items_purchased_type":["Relic"],"build_version":"2020-12-22","purchased_purges":1,"victory":false,"max_hp_per_floor":[68,68,68,68,68,78,78,78,78,78,78,78,78,78],"relic_stats":{"Centennial Puzzle":[6],"Torii":24,"counters":[7,31],"Orichalcum":[12],"obtain_stats":[{"Centennial Puzzle":11,"Pear":6,"Torii":3,"Orichalcum":9,"Cracked Core":0},{"Centennial Puzzle":5,"Pear":4,"Torii":2,"Orichalcum":5,"Cracked Core":0},{"Centennial Puzzle":23,"Pear":19,"Torii":6,"Orichalcum":23,"Cracked Core":0}]},"card_choices":[{"not_picked":["Hologram","Static Discharge"],"picked":"Darkness","floor":1.0},{"not_picked":["Stack","Ball Lightning"],"picked":"Skim","floor":2.0},{"not_picked":["Reinforced Body","Melter"],"picked":"Capacitor","floor":4.0},{"not_picked":["Rip and Tear","Defragment"],"picked":"Double Energy","floor":6.0},{"not_picked":["Rebound","Hologram"],"picked":"Beam Cell","floor":7.0},{"not_picked":["Hello World","Gash"],"picked":"Sweeping Beam","floor":12}],"player_experience":761672,"relics_obtained":[{"floor":6.0,"key":"Pear"},{"floor":9.0,"key":"Orichalcum"}],"event_choices":[{"damage_healed":0.0,"max_hp_gain":0.0,"max_hp_loss":0.0,"gold_gain":0.0,"event_name":"Scrap Ooze","player_choice":"Success","floor":11.0,"gold_loss":0.0,"damage_taken":7.0,"relics_obtained":["Centennial Puzzle"]}],"is_beta":false,"boss_relics":[],"items_purged_floors":[3],"is_endless":false,"potions_floor_spawned":[4,12],"killed_by":"Gremlin Nob","ascension_level":4}}