{"host":"5fasz840ryq7obdf","time":1609118443,"event":{"mods":["AchievementEnabler","BaseMod","Bestiary","Better Altar","Better Skull","Better Third Choice","BetterRewards","Block Reminder","Colored Powertips","Curses Come First","Highlight Path","Minty Spire (QoL Compilation)","Quick Restart","Rare Cards Sparkle","Relic Stats","Replay The Spire","Shop Mod","Spicy Shops","StSLib","SuperFastMode"],"gold_per_floor":[110,110,190,208,208,208,143,143,169,207,231,250,400,431,431,525,525,543,543,563,563,563,590,600,629,656,685,705,705,705,723,723,797,797,809,827,441,441,453,503,521,551,621,650,660,159,159,173,173,173,173,173,173,11,36,36],"floor_reached":57,"playtime":3947,"items_purged":["Strike_G","Defend_G","Defend_G","Strike_G","Defend_G","Strike_G","Amnesia","Replay:Hysterical Blindness"],"score":4515,"play_id":"e7750409-762b-4442-80fd-566eb814cfb4","local_time":"20201228012043","is_ascension_mode":true,"campfire_choices":[{"floor":6,"key":"REST"},{"data":"Infinite Blades","floor":8,"key":"SMITH"},{"data":"Doubt","floor":15,"key":"PURGE"},{"data":"Burst","floor":30,"key":"SMITH"},{"data":"Neutralize","floor":32,"key":"SMITH"},{"floor":49,"key":"RECALL"},{"data":"1","floor":53,"key":"LIFT"}],"circlet_count":0,"master_deck":["AscendersBane","Survivor","Neutralize+1","Cloak And Dagger","Blade Dance","Finisher","Infinite Blades+1","Infinite Blades+1","Blur","Master of Strategy","Blade Dance","Well Laid Plans+1","ReplayTheSpireMod:Shiv Toss+1","Adrenaline","ReplayTheSpireMod:Scrap Shanks","Blur","Finisher","Prepared+1","Prepared","Burst+1","Calculated Gamble+1","Concentrate","Choke","Blur","Footwork","Pot Of Greed","Pot Of Greed","Pot Of Greed","Backstab+1","PiercingWail+1","Insight","Tools of the Trade","Terror","ReplayTheSpireMod:Splinters","Adrenaline","Noxious Fumes+1","Pot Of Greed","Acrobatics+1","Terror+1","Outmaneuver+1","Cloak And Dagger+1","Noxious Fumes","Tactician+1","Hidden Blade+1","A Thousand Cuts","Dark Shackles+1","Blur+1","ReplayTheSpireMod:Shiv Toss+1","ReplayTheSpireMod:Shiv Toss+1","Pot Of Greed+1","Deflect+1"],"relics":["Ring of the Snake","HandDrill","Oddly Smooth Stone","Matryoshka","Membership Card","Replay:Wax Seal","Mummified Hand","ReplayTheSpireMod:Shallot","ReplayTheSpireMod:Ninjato","Ninja Scroll","Bottled Tornado","Pen Nib","Bag of Marbles","Bloody Idol","MealTicket","Blue Doll","PreservedInsect","Replay:Accelerometer","Tough Bandages","Kintsugi","Mercury Hourglass","Pet Ghost","Grinning Jar","InkBottle","ReplayTheSpireMod:DimensionalGlitch","ReplayTheSpireMod:CursedCoin","Snack Pack","War Paint","Garlic","DollysMirror","Ring of Hypnosis","Toxic Egg 2","Potion Belt","Shuriken","Girya","Vajra","Medical Kit","Nunchaku","Pantograph"],"acts_visited":["Exordium","TheCity","TheBeyond","TheEnding"],"potions_floor_usage":[56,56,56,56],"damage_taken":[{"damage":0.0,"enemies":"Jaw Worm","floor":1.0,"turns":2.0},{"damage":0,"enemies":"2 Louse","floor":4,"turns":2},{"damage":0,"enemies":"Gremlin Nob","floor":7,"turns":2},{"damage":0,"enemies":"3 Sentries","floor":10,"turns":2},{"damage":0,"enemies":"Small Slimes","floor":11,"turns":2},{"damage":0,"enemies":"Looter","floor":12,"turns":1},{"damage":0,"enemies":"Lagavulin","floor":14,"turns":2},{"damage":0,"enemies":"Hexaghost","floor":16,"turns":3},{"damage":0,"enemies":"2 Thieves","floor":18,"turns":2},{"damage":0,"enemies":"Chosen","floor":20,"turns":2},{"damage":0,"enemies":"Book of Stabbing","floor":23,"turns":1},{"damage":0,"enemies":"Snecko","floor":24,"turns":5},{"damage":0,"enemies":"Gremlin Leader","floor":25,"turns":3},{"damage":0,"enemies":"Slavers","floor":27,"turns":1},{"damage":0,"enemies":"3 Cultists","floor":28,"turns":2},{"damage":0,"enemies":"Sentry and Sphere","floor":31,"turns":1},{"damage":0,"enemies":"Collector","floor":33,"turns":2},{"damage":0,"enemies":"3 Darklings","floor":35,"turns":2},{"damage":5,"enemies":"3 Shapes","floor":36,"turns":3},{"damage":0,"enemies":"Sphere and 2 Shapes","floor":39,"turns":2},{"damage":0,"enemies":"R_Hoarder","floor":40,"turns":2},{"damage":4,"enemies":"4 Shapes","floor":41,"turns":4},{"damage":0,"enemies":"Reptomancer","floor":42,"turns":2},{"damage":0,"enemies":"Giant Head","floor":44,"turns":1},{"damage":0,"enemies":"Transient","floor":45,"turns":2},{"damage":0,"enemies":"Maw","floor":48,"turns":2},{"damage":0,"enemies":"Donu and Deca","floor":50,"turns":2},{"damage":0,"enemies":"Awakened One","floor":51,"turns":3},{"damage":0,"enemies":"Shield and Spear","floor":55,"turns":1},{"damage":51,"enemies":"The Heart","floor":56,"turns":6}],"seed_played":"4225572541056866248","potions_obtained":[{"floor":1.0,"key":"SkillPotion"},{"floor":11,"key":"Block Potion"},{"floor":14,"key":"SpeedPotion"},{"floor":16,"key":"Energy Potion"},{"floor":24,"key":"Cursed Concoction"},{"floor":45,"key":"CultistPotion"}],"is_trial":false,"path_per_floor":["M","?","T","M","?","R","E","R","T","E","M","M","?","E","R","B",null,"M","?","M","?","?","E","M","E","T","E","M","?","R","M","R","B",null,"M","M","$","?","M","E","M","E","T","E","M","$","?","M","R","B","B",null,"R","$","E","B",null],"character_chosen":"THE_SILENT","items_purchased":["HandDrill","Oddly Smooth Stone","Matryoshka","Cloak And Dagger","Membership Card","Replay:Wax Seal","Blade Dance","Finisher","Mummified Hand","Infinite Blades+1","ReplayTheSpireMod:Shallot","ReplayTheSpireMod:Ninjato","Infinite Blades","Blur","Master of Strategy","Blade Dance","Ninja Scroll","Well Laid Plans","ReplayTheSpireMod:Shiv Toss","Bottled Tornado","Pen Nib","Adrenaline","ReplayTheSpireMod:CursedCoin","Snack Pack","War Paint","Garlic","DollysMirror","Noxious Fumes+1","Tactician+1","Vajra","Medical Kit","Hidden Blade+1","A Thousand Cuts","Dark Shackles+1","Dexterity Potion","Dexterity Potion","Nunchaku","ReplayTheSpireMod:Shiv Toss+1"],"campfire_rested":1,"item_purchase_floors":[0,0,0,0,0,0,0,0,0,0,0,0,0,0,0,0,0,0,0,0,0,0,37,37,37,37,37,37,46,46,46,46,46,46,46,46,54,54],"current_hp_per_floor":[10,10,10,10,10,28,28,28,28,28,28,28,28,28,28,28,52,52,49,49,48,48,53,58,60,60,60,60,60,60,60,60,60,60,60,60,60,60,60,60,60,60,60,60,60,60,60,60,60,60,60,60,60,60,60,13],"gold":36,"neow_bonus":"","is_daily":false,"chose_seed":false,"campfire_upgraded":3,"win_rate":0.0,"timestamp":1609118443,"path_taken":["M","?","?","M","?","R","E","R","T","E","M","M","?","E","R","BOSS","M","?","?","?","?","E","M","E","T","E","M","?","R","M","R","BOSS","M","M","$","?","M","E","M","E","T","E","M","$","?","?","R","BOSS","BOSS","R","$","E","BOSS"],"items_purchased_type":["Relic","Relic","Relic","Card","Relic","Relic","Card","Card","Relic","Card","Relic","Relic","Card","Card","Card","Card","Relic","Card","Card","Relic","Relic","Card","Relic","Relic","Relic","Relic","Relic","Card","Card","Relic","Relic","Card","Card","Card","Potion","Potion","Relic","Card"],"build_version":"2020-12-22","purchased_purges":8,"victory":true,"max_hp_per_floor":[66,66,66,66,60,60,60,60,60,60,60,60,60,60,60,60,60,60,60,60,60,60,60,60,60,60,60,60,60,60,60,60,60,60,60,60,60,60,60,60,60,60,60,60,60,60,60,60,60,60,60,60,60,60,60,60],"relic_stats":{"counters":[296,1126],"Pen Nib":[46],"PreservedInsect":548,"War Paint":["Toxin Wave","Deadly Poison","Prepared","ReplayTheSpireMod:Shiv Toss"],"Medical Kit":[2],"Mercury Hourglass":[125],"Tough Bandages":[858],"Nunchaku":[21],"Mummified Hand":[269],"Shuriken":[48],"Bloody Idol":262,"Pantograph":0,"MealTicket":0,"HandDrill":[10],"obtain_stats":[{"TwistedFunnel":19,"Golden Egg":40,"Replay:Accelerometer":10,"Vampiric Spirits":4,"Spirit Poop":5,"Whetstone":40,"Ginger":0,"Bottled Tornado":0,"Sling":0,"Boot":3,"Blood Vial":48,"Replay:Wanted Poster":36,"Replay:Ringing Soul":40,"Sundial":11,"MealTicket":0,"HandDrill":2,"Kunai":26,"Replay:Wax Seal":0,"Replay:Bottled Steam":12,"Pear":27,"Blue Candle":41,"Counterbalance":39,"Tingsha":0,"Eternal Feather":26,"Pen Nib":36,"Paper Crane":36,"Akabeko":2,"SlaversCollar":17,"Bird Faced Urn":6,"ReplayTheSpireMod:Ring of Collecting":47,"Kintsugi":34,"Unceasing Top":0,"Ring of the Serpent":17,"Lantern":23,"Regal Pillow":28,"Singing Bowl":36,"Torii":25,"Blue Doll":0,"Bag of Preparation":6,"Smiling Mask":20,"Cursed Key":34,"Pet Ghost":23,"Replay:Rubber Ducky":21,"Matryoshka":8,"Ring of Fangs":25,"Ninja Scroll":10,"Ring of Peace":22,"Replay:Bottled Eggs":12,"InkBottle":21,"Ring of the Snake":0,"Potion Belt":9,"Lee\u0027s Waffle":0,"The Specimen":17,"Golden Idol":2,"Basket Of Snakes":5,"PreservedInsect":9,"The Courier":28,"Omamori":0,"Ring of Greed":47,"Frozen Egg 2":17,"MawBank":14,"Replay:Arrowhead":0,"Busted Crown":17,"Ornamental Fan":54,"Bloody Idol":19,"Orrery":0,"Art of War":40,"Durian":42,"Garlic":23,"Bottled Lightning":26,"Toy Ornithopter":9,"Ice Cream":0,"Tiny House":17,"Calipers":43,"Gremlin Horn":0,"CeramicFish":44,"Vajra":0,"HoveringKite":34,"Centennial Puzzle":22,"Lizard Tail":38,"DollysMirror":25,"Strawberry":46,"Prayer Wheel":17,"Philosopher\u0027s Stone":34,"Toxic Egg 2":7,"Byrd Skull":13,"Girya":44,"Happy Flower":0,"Ring of Hypnosis":38,"ReplayTheSpireMod:CursedCoin":48,"Astrolabe":17,"Oddly Smooth Stone":11,"Letter Opener":40,"Replay:Kaleidoscope":28,"War Paint":0,"Question Card":17,"Du-Vu Doll":13,"Bottled Flame":32,"ReplayTheSpireMod:Shallot":9,"Shuriken":25,"Bronze Scales":26,"Onion Ring":0,"Molten Egg 2":9,"ReplayTheSpireMod:TigerMarble":44,"Grinning Jar":15,"Mirror":40,"ReplayTheSpireMod:DimensionalGlitch":34,"Pocketwatch":14,"Meat on the Bone":0,"Darkstone Periapt":9,"ReplayFunnel":15,"ReplayTheSpireMod:Ring of Exchange":25,"Snake Skull":0,"Juzu Bracelet":30,"Incense Burner":0,"Replay:Mystery Machine":55,"Empty Cage":34,"Frozen Eye":10,"Nunchaku":43,"Dream Catcher":26,"Replay:Bandana":14,"Tough Bandages":14,"Mummified Hand":31,"Pantograph":55,"Tiny Chest":6,"Red Mask":36,"Replay:Bottled Snecko":10,"Runic Pyramid":17,"Gremlin Food":26,"BargainBundle":0,"ReplayTheSpireMod:Ninjato":0,"Replay:Towering Pillar of Hats":0,"Guide Book":0,"Orichalcum":55,"Medical Kit":46,"White Beast Statue":19,"Mercury Hourglass":8,"Calling Bell":17,"Strange Spoon":0,"Anchor":55,"Pondfish Scales":42,"Ring of Fury":22,"Bag of Marbles":49,"Snack Pack":0,"Coffee Dripper":17,"Membership Card":8},{"TwistedFunnel":77,"Golden Egg":144,"Replay:Accelerometer":270,"Vampiric Spirits":153,"Spirit Poop":68,"Whetstone":88,"Ginger":127,"Bottled Tornado":42,"Sling":29,"Boot":43,"Blood Vial":27,"Replay:Wanted Poster":141,"Replay:Ringing Soul":201,"Sundial":37,"MealTicket":32,"HandDrill":97,"Kunai":16,"Replay:Wax Seal":150,"Replay:Bottled Steam":217,"Pear":83,"Blue Candle":88,"Counterbalance":172,"Tingsha":29,"Eternal Feather":251,"Pen Nib":21,"Paper Crane":21,"Akabeko":33,"SlaversCollar":247,"Bird Faced Urn":184,"ReplayTheSpireMod:Ring of Collecting":205,"Kintsugi":169,"Unceasing Top":29,"Ring of the Serpent":40,"Lantern":14,"Regal Pillow":17,"Singing Bowl":86,"Torii":110,"Blue Doll":127,"Bag of Preparation":4,"Smiling Mask":51,"Cursed Key":85,"Pet Ghost":138,"Replay:Rubber Ducky":136,"Matryoshka":46,"Ring of Fangs":224,"Ninja Scroll":131,"Ring of Peace":248,"Replay:Bottled Eggs":132,"InkBottle":51,"Ring of the Snake":0,"Potion Belt":46,"Lee\u0027s Waffle":96,"The Specimen":105,"Golden Idol":1,"Basket Of Snakes":153,"PreservedInsect":70,"The Courier":83,"Omamori":96,"Ring of Greed":205,"Frozen Egg 2":105,"MawBank":39,"Replay:Arrowhead":150,"Busted Crown":187,"Ornamental Fan":125,"Bloody Idol":248,"Orrery":29,"Art of War":61,"Durian":174,"Garlic":224,"Bottled Lightning":82,"Toy Ornithopter":5,"Ice Cream":96,"Tiny House":9,"Calipers":89,"Gremlin Horn":0,"CeramicFish":25,"Vajra":0,"HoveringKite":20,"Centennial Puzzle":79,"Lizard Tail":117,"DollysMirror":110,"Strawberry":146,"Prayer Wheel":76,"Philosopher\u0027s Stone":115,"Toxic Egg 2":36,"Byrd Skull":158,"Girya":290,"Happy Flower":96,"Ring of Hypnosis":285,"ReplayTheSpireMod:CursedCoin":175,"Astrolabe":134,"Oddly Smooth Stone":7,"Letter Opener":24,"Replay:Kaleidoscope":225,"War Paint":32,"Question Card":76,"Du-Vu Doll":74,"Bottled Flame":140,"ReplayTheSpireMod:Shallot":214,"Shuriken":16,"Bronze Scales":110,"Onion Ring":127,"Molten Egg 2":155,"ReplayTheSpireMod:TigerMarble":145,"Grinning Jar":159,"Mirror":231,"ReplayTheSpireMod:DimensionalGlitch":283,"Pocketwatch":8,"Meat on the Bone":66,"Darkstone Periapt":46,"ReplayFunnel":159,"ReplayTheSpireMod:Ring of Exchange":224,"Snake Skull":32,"Juzu Bracelet":18,"Incense Burner":96,"Replay:Mystery Machine":265,"Empty Cage":58,"Frozen Eye":131,"Nunchaku":24,"Dream Catcher":55,"Replay:Bandana":219,"Tough Bandages":273,"Mummified Hand":114,"Pantograph":126,"Tiny Chest":45,"Red Mask":59,"Replay:Bottled Snecko":243,"Runic Pyramid":50,"Gremlin Food":139,"BargainBundle":127,"ReplayTheSpireMod:Ninjato":127,"Replay:Towering Pillar of Hats":150,"Guide Book":179,"Orichalcum":95,"Medical Kit":291,"White Beast Statue":77,"Mercury Hourglass":5,"Calling Bell":76,"Strange Spoon":210,"Anchor":178,"Pondfish Scales":232,"Ring of Fury":248,"Bag of Marbles":147,"Snack Pack":179,"Coffee Dripper":220,"Membership Card":36},{"TwistedFunnel":427,"Golden Egg":660,"Replay:Accelerometer":1067,"Vampiric Spirits":686,"Spirit Poop":395,"Whetstone":467,"Ginger":613,"Bottled Tornado":241,"Sling":179,"Boot":244,"Blood Vial":148,"Replay:Wanted Poster":648,"Replay:Ringing Soul":817,"Sundial":209,"MealTicket":186,"HandDrill":504,"Kunai":93,"Replay:Wax Seal":681,"Replay:Bottled Steam":877,"Pear":450,"Blue Candle":467,"Counterbalance":729,"Tingsha":179,"Eternal Feather":986,"Pen Nib":120,"Paper Crane":120,"Akabeko":190,"SlaversCollar":973,"Bird Faced Urn":760,"ReplayTheSpireMod:Ring of Collecting":833,"Kintsugi":726,"Unceasing Top":179,"Ring of the Serpent":230,"Lantern":82,"Regal Pillow":97,"Singing Bowl":460,"Torii":544,"Blue Doll":613,"Bag of Preparation":20,"Smiling Mask":286,"Cursed Key":456,"Pet Ghost":640,"Replay:Rubber Ducky":637,"Matryoshka":260,"Ring of Fangs":898,"Ninja Scroll":622,"Ring of Peace":975,"Replay:Bottled Eggs":625,"InkBottle":286,"Ring of the Snake":0,"Potion Belt":260,"Lee\u0027s Waffle":501,"The Specimen":525,"Golden Idol":2,"Basket Of Snakes":686,"PreservedInsect":401,"The Courier":450,"Omamori":501,"Ring of Greed":833,"Frozen Egg 2":525,"MawBank":219,"Replay:Arrowhead":681,"Busted Crown":775,"Ornamental Fan":602,"Bloody Idol":975,"Orrery":179,"Art of War":353,"Durian":733,"Garlic":898,"Bottled Lightning":446,"Toy Ornithopter":24,"Ice Cream":501,"Tiny House":46,"Calipers":472,"Gremlin Horn":0,"CeramicFish":136,"Vajra":0,"HoveringKite":115,"Centennial Puzzle":435,"Lizard Tail":569,"DollysMirror":544,"Strawberry":664,"Prayer Wheel":425,"Philosopher\u0027s Stone":563,"Toxic Egg 2":204,"Byrd Skull":700,"Girya":1110,"Happy Flower":501,"Ring of Hypnosis":1099,"ReplayTheSpireMod:CursedCoin":734,"Astrolabe":632,"Oddly Smooth Stone":32,"Letter Opener":132,"Replay:Kaleidoscope":902,"War Paint":186,"Question Card":425,"Du-Vu Doll":415,"Bottled Flame":645,"ReplayTheSpireMod:Shallot":869,"Shuriken":93,"Bronze Scales":544,"Onion Ring":613,"Molten Egg 2":694,"ReplayTheSpireMod:TigerMarble":663,"Grinning Jar":701,"Mirror":922,"ReplayTheSpireMod:DimensionalGlitch":1094,"Pocketwatch":39,"Meat on the Bone":392,"Darkstone Periapt":260,"ReplayFunnel":701,"ReplayTheSpireMod:Ring of Exchange":898,"Snake Skull":186,"Juzu Bracelet":102,"Incense Burner":501,"Replay:Mystery Machine":1051,"Empty Cage":333,"Frozen Eye":622,"Nunchaku":132,"Dream Catcher":308,"Replay:Bandana":881,"Tough Bandages":1072,"Mummified Hand":557,"Pantograph":606,"Tiny Chest":254,"Red Mask":338,"Replay:Bottled Snecko":960,"Runic Pyramid":281,"Gremlin Food":642,"BargainBundle":613,"ReplayTheSpireMod:Ninjato":613,"Replay:Towering Pillar of Hats":681,"Guide Book":749,"Orichalcum":496,"Medical Kit":1112,"White Beast Statue":427,"Mercury Hourglass":24,"Calling Bell":425,"Strange Spoon":858,"Anchor":744,"Pondfish Scales":926,"Ring of Fury":975,"Bag of Marbles":668,"Snack Pack":749,"Coffee Dripper":886,"Membership Card":204}],"InkBottle":[69],"Ring of the Snake":[508]},"card_choices":[{"not_picked":["Setup","Flying Knee"],"picked":"ReplayTheSpireMod:Scrap Shanks","floor":1.0},{"not_picked":["Blade Dance","Calculated Gamble"],"picked":"Blur","floor":4},{"not_picked":["Heel Hook","Predator"],"picked":"Finisher","floor":7},{"not_picked":["Riddle With Holes","ReplayTheSpireMod:Speed Training"],"picked":"Prepared","floor":10},{"not_picked":["Underhanded Strike","Sucker Punch","Dagger Spray"],"picked":"SKIP","floor":11},{"not_picked":["Deadly Poison","Flying Knee"],"picked":"Prepared","floor":12},{"not_picked":["Bouncing Flask","Quick Slash"],"picked":"Deflect","floor":14},{"not_picked":["Glass Knife","Die Die Die"],"picked":"Burst","floor":16},{"not_picked":["Sucker Punch","Acrobatics"],"picked":"Calculated Gamble+1","floor":18},{"not_picked":["Dodge and Roll","Poisoned Stab"],"picked":"Concentrate","floor":20},{"not_picked":["ReplayTheSpireMod:The Works","PiercingWail"],"picked":"Choke","floor":23},{"not_picked":["Prepared","Predator"],"picked":"Blur","floor":24},{"not_picked":["Predator","Catalyst+1"],"picked":"Footwork","floor":25},{"not_picked":["Dodge and Roll+1","Outmaneuver"],"picked":"Backstab+1","floor":27},{"not_picked":["Expertise","Cloak And Dagger"],"picked":"PiercingWail+1","floor":28},{"not_picked":["Poisoned Stab+1","Outmaneuver","Quick Slash"],"picked":"SKIP","floor":31},{"not_picked":["Burst","Replay:Bag of Tricks"],"picked":"Tools of the Trade","floor":33},{"not_picked":["Predator","Deflect"],"picked":"Terror","floor":35},{"not_picked":["Dagger Throw","Bouncing Flask","Flechettes"],"picked":"SKIP","floor":36},{"not_picked":["Cloak And Dagger","Choke"],"picked":"Acrobatics+1","floor":39},{"not_picked":["Dash+1","PiercingWail+1"],"picked":"Terror+1","floor":40},{"not_picked":["Die Die Die","Dagger Throw"],"picked":"Outmaneuver+1","floor":41},{"not_picked":["Sucker Punch+1","Backstab"],"picked":"Cloak And Dagger+1","floor":42},{"not_picked":["Terror+1","Poisoned Stab","Dagger Spray+1"],"picked":"SKIP","floor":44},{"not_picked":["Escape Plan+1","Replay:Poison Smokescreen+1"],"picked":"Noxious Fumes","floor":45},{"not_picked":["Dash+1","Backstab"],"picked":"Blur+1","floor":48},{"not_picked":["Sneak Up+1","Flying Knee+1"],"picked":"Deflect+1","floor":55}],"player_experience":1194062,"relics_obtained":[{"floor":3.0,"key":"Bag of Marbles"},{"floor":7,"key":"MealTicket"},{"floor":9,"key":"Blue Doll"},{"floor":9,"key":"PreservedInsect"},{"floor":10,"key":"Replay:Accelerometer"},{"floor":14,"key":"Tough Bandages"},{"floor":23,"key":"Mercury Hourglass"},{"floor":25,"key":"Pet Ghost"},{"floor":26,"key":"Grinning Jar"},{"floor":27,"key":"InkBottle"},{"floor":38,"key":"Ring of Hypnosis"},{"floor":40,"key":"Toxic Egg 2"},{"floor":42,"key":"Potion Belt"},{"floor":43,"key":"Shuriken"},{"floor":44,"key":"Girya"},{"floor":55,"key":"Pantograph"}],"event_choices":[{"damage_healed":0.0,"max_hp_gain":0.0,"max_hp_loss":0.0,"gold_gain":0.0,"event_name":"Living Wall","player_choice":"Grow","floor":2.0,"gold_loss":0.0,"damage_taken":0.0,"cards_upgraded":["Well Laid Plans"]},{"damage_healed":0,"gold_gain":0,"player_choice":"Lose Max HP","damage_taken":0,"relics_obtained":["Golden Idol"],"max_hp_gain":0,"max_hp_loss":6,"event_name":"Golden Idol","floor":5,"gold_loss":0},{"damage_healed":0,"gold_gain":150,"player_choice":"AGREE","damage_taken":250,"max_hp_gain":0,"max_hp_loss":0,"event_name":"betterThird:BetterSerpent","floor":13,"gold_loss":0},{"damage_healed":0,"gold_gain":0,"player_choice":"Bought 0 Potions","damage_taken":0,"max_hp_gain":0,"max_hp_loss":0,"event_name":"The Woman in Blue","floor":19,"gold_loss":0},{"damage_healed":0,"gold_gain":0,"player_choice":" GoldIdol ","damage_taken":1,"relics_obtained":["Bloody Idol"],"max_hp_gain":49,"max_hp_loss":48,"event_name":"betterAltar:BetterAltar","floor":21,"potions_obtained":[],"relics_lost":["Golden Idol"],"gold_loss":0},{"damage_healed":0,"gold_gain":0,"player_choice":"Ignored","damage_taken":0,"max_hp_gain":0,"max_hp_loss":0,"event_name":"Ghosts","floor":22,"gold_loss":0},{"damage_healed":0,"gold_gain":0,"player_choice":"Insight","damage_taken":0,"max_hp_gain":0,"max_hp_loss":0,"event_name":"betterThird:BetterWriting","floor":29,"gold_loss":0,"cards_obtained":["Insight"]},{"cards_removed":["Writhe"],"damage_healed":0,"gold_gain":0,"player_choice":"Card Removal","damage_taken":0,"max_hp_gain":0,"max_hp_loss":0,"event_name":"Wheel of Change","floor":47,"gold_loss":0}],"is_beta":false,"boss_relics":[{"not_picked":["Ectoplasm","Honey Jar"],"picked":"Kintsugi"},{"not_picked":["SacredBark","Runic Dome"],"picked":"ReplayTheSpireMod:DimensionalGlitch"}],"items_purged_floors":[0,0,0,0,0,0,37,46],"is_endless":false,"potions_floor_spawned":[1,11,14,16,18,24,25,33,35,40,45,48],"ascension_level":20}}