{"host":"ki5kvxn974a96omm","time":1609120109,"event":{"mods":["BaseMod","Colored Map","Colored Powertips","Downfall","Key Reminder","Minty Spire (QoL Compilation)","Relic Sorter","StSLib"],"gold_per_floor":[399,412,687,699,188,222,247,261,275,306,406,424,424,94,107,208,208,208,224,244,379,429,494,494,522,109,121,140,65,100,164,184,289,289,289,305,319,333,343,358,358,378,428,201,201,252,102,152,170,170,170,196,46,46,46],"floor_reached":56,"playtime":6855,"items_purged":["Regret","Injury","champ:Strike","champ:Defend","champ:Strike"],"score":1616,"play_id":"5e4c918b-47a7-42dd-9216-dbfff0981f38","local_time":"20201227204829","is_ascension_mode":true,"campfire_choices":[{"data":"champ:Taunt","floor":1,"key":"SMITH"},{"data":"champ:Lariat","floor":13,"key":"SMITH"},{"data":"champ:SkillfulDodge","floor":18,"key":"SMITH"},{"data":"champ:DefensiveStyle","floor":29,"key":"SMITH"},{"data":"champ:RapidStrikes","floor":35,"key":"SMITH"},{"floor":45,"key":"RECALL"},{"data":"champ:EnchantShield","floor":47,"key":"SMITH"},{"data":"expansioncontent:DashGenerateEvil","floor":54,"key":"SMITH"}],"circlet_count":0,"master_deck":["champ:Strike","champ:Strike","champ:Defend","champ:Defend","champ:Defend","champ:Execute","champ:Taunt+1","champ:DefensiveStyle+1","champ:RapidStrikes+1","champ:RageSigil","champ:Lariat+1","champ:Circumvent","champ:EnchantShield+1","champ:SkillfulDodge+1","champ:StanceDance+1","champ:ShieldSigil+1","champ:DefensiveShout+1","expansioncontent:QuickStudy+1","champ:Circumvent+1","champ:ShieldThrow","champ:TornadoPunch","champ:DefensiveStyle","champ:BringItOn+1","expansioncontent:DashGenerateEvil+1","champ:EnGarde+1","champ:DefensiveStyle","champ:EnchantSword+1","expansioncontent:ChargeUp+1"],"relics":["champ:ChampionCrown","Old Coin","Bag of Preparation","Toolbox","Guardian:PocketSentry","Toxic Egg 2","downfall:CloakOfManyFaces","CultistMask","FaceOfCleric","NlothsMask","GremlinMask","SsserpentHead","Runic Pyramid","champ:SpectersHand","Pen Nib","downfall:HeartBlessingGreen","Cursed Key","HornCleat","Juzu Bracelet","downfall:HeartBlessingRed","downfall:HeartBlessingBlue","champ:DefensiveTrainingManual"],"acts_visited":["Exordium","TheCity","TheBeyond","TheEnding"],"potions_floor_usage":[10,25,25,33,46,55,55],"damage_taken":[{"damage":7,"enemies":"Jaw Worm","floor":2,"turns":5},{"damage":7,"enemies":"Cultist","floor":4,"turns":3},{"damage":9,"enemies":"downfall:FleeingMerchant","floor":5,"turns":4},{"damage":11,"enemies":"Lagavulin","floor":6,"turns":8},{"damage":0,"enemies":"Small Slimes","floor":8,"turns":2},{"damage":6,"enemies":"Red Slaver","floor":9,"turns":4},{"damage":9,"enemies":"3 Sentries","floor":10,"turns":4},{"damage":11,"enemies":"downfall:FaceTrader","floor":11,"turns":7},{"damage":0,"enemies":"Blue Slaver","floor":12,"turns":4},{"damage":27,"enemies":"downfall:FleeingMerchant","floor":14,"turns":4},{"damage":8,"enemies":"Gremlin Gang","floor":15,"turns":2},{"damage":18,"enemies":"downfall:Watcher","floor":16,"turns":9},{"damage":0,"enemies":"Spheric Guardian","floor":19,"turns":2},{"damage":0,"enemies":"Chosen","floor":20,"turns":4},{"damage":1,"enemies":"Snake Plant","floor":23,"turns":4},{"damage":13,"enemies":"Slavers","floor":25,"turns":6},{"damage":5,"enemies":"downfall:FleeingMerchant","floor":26,"turns":4},{"damage":17,"enemies":"Cultist and Chosen","floor":27,"turns":5},{"damage":1,"enemies":"Centurion and Healer","floor":28,"turns":5},{"damage":6,"enemies":"downfall:FleeingMerchant","floor":30,"turns":4},{"damage":11,"enemies":"Chosen and Byrds","floor":31,"turns":4},{"damage":0,"enemies":"Snecko","floor":32,"turns":3},{"damage":2,"enemies":"downfall:Defect","floor":33,"turns":6},{"damage":0,"enemies":"3 Shapes","floor":36,"turns":3},{"damage":0,"enemies":"Orb Walker","floor":37,"turns":3},{"damage":9,"enemies":"Maw","floor":38,"turns":5},{"damage":20,"enemies":"downfall:FleeingMerchant","floor":39,"turns":3},{"damage":30,"enemies":"4 Shapes","floor":40,"turns":7},{"damage":4,"enemies":"Writhing Mass","floor":42,"turns":5},{"damage":4,"enemies":"Reptomancer","floor":46,"turns":6},{"damage":0,"enemies":"Spire Growth","floor":49,"turns":4},{"damage":27,"enemies":"downfall:Silent","floor":50,"turns":7},{"damage":4,"enemies":"downfall:CharBossMerchant","floor":52,"turns":4},{"damage":0,"enemies":"downfall:NeowBoss","floor":55,"turns":24}],"seed_played":"5472530006522387358","potions_obtained":[{"floor":2,"key":"Explosive Potion"},{"floor":4,"key":"Strength Potion"},{"floor":12,"key":"PowerPotion"},{"floor":15,"key":"Block Potion"},{"floor":22,"key":"Fire Potion"},{"floor":22,"key":"ColorlessPotion"},{"floor":25,"key":"LiquidBronze"},{"floor":28,"key":"AttackPotion"},{"floor":33,"key":"Ancient Potion"}],"is_trial":false,"path_per_floor":["R","M","?","M","$","E","T","M","M","E","?","M","R","$","M","B",null,"R","M","M","?","?","M","T","E","$","M","M","R","$","M","M","B",null,"R","M","M","M","$","M","T","M","?","$","R","E","R","?","M","B",null,"E","$","R","B",null],"character_chosen":"THE_CHAMP","items_purchased":["champ:Lariat","Bag of Preparation","champ:Circumvent","Toolbox","expansioncontent:QuickStudy+1","champ:Circumvent+1","expansioncontent:DashGenerateEvil","Pen Nib","HornCleat","SpeedPotion","champ:DefensiveTrainingManual"],"campfire_rested":0,"item_purchase_floors":[5,5,5,5,14,14,26,26,39,44,53],"current_hp_per_floor":[90,88,88,86,82,71,71,71,70,61,55,56,56,47,43,31,78,78,79,80,62,62,62,62,55,51,50,50,50,45,45,46,47,91,91,92,93,85,86,72,72,69,54,54,54,51,61,56,57,36,102,99,99,99,100],"gold":46,"neow_bonus":"ONE_RARE_RELIC","is_daily":false,"chose_seed":false,"campfire_upgraded":7,"win_rate":0.0,"timestamp":1609120109,"path_taken":["R","M","?","?","$","E","T","?","M","E","?","M","R","$","M","BOSS","R","M","M","?","?","?","T","E","?","M","M","R","?","?","M","BOSS","R","M","M","M","?","M","T","M","?","$","R","E","R","?","M","BOSS","E","$","R","BOSS"],"items_purchased_type":["Card","Relic","Card","Relic","Card","Card","Card","Relic","Relic","Potion","Relic"],"build_version":"2020-12-22","purchased_purges":5,"victory":true,"max_hp_per_floor":[90,90,90,90,90,90,90,90,90,90,90,91,91,92,93,94,94,94,95,96,96,96,97,97,98,99,100,101,101,102,103,104,105,105,105,106,107,108,109,110,110,111,111,111,111,112,122,122,123,124,124,125,125,125,126],"card_choices":[{"not_picked":["champ:BerserkersShout","champ:Control"],"picked":"champ:DefensiveStyle","floor":2},{"not_picked":["champ:Encircle","champ:RecklessLeap"],"picked":"champ:RapidStrikes","floor":4},{"not_picked":["champ:DancingMaster","champ:Circumvent"],"picked":"champ:RageSigil","floor":5},{"not_picked":["champ:Backstep","champ:RapidStrikes"],"picked":"champ:EnchantShield","floor":6},{"not_picked":["champ:AdrenalArmor","champ:DefensiveStyle"],"picked":"champ:SkillfulDodge","floor":8},{"not_picked":["champ:CalledShot","champ:FlashCut","champ:GladiatorStyle"],"picked":"SKIP","floor":9},{"not_picked":["champ:GutPunch","champ:HeartStrike"],"picked":"champ:StanceDance+1","floor":10},{"not_picked":["champ:FlashCut","champ:EnchantShield+1"],"picked":"champ:ShieldSigil+1","floor":11},{"not_picked":["champ:FocusedGladiator+1","champ:RageSigil+1"],"picked":"champ:DefensiveShout+1","floor":12},{"not_picked":["champ:CrownThrow","champ:CrookedStrike","champ:PerfectedStrike"],"picked":"SKIP","floor":14},{"not_picked":["champ:RageSigil+1","champ:AdrenalArmor+1","champ:CalledShot"],"picked":"SKIP","floor":15},{"not_picked":["champ:VampiricStrike","champ:PerfectForm"],"picked":"champ:ShieldThrow","floor":16},{"not_picked":["champ:CalledShot","champ:ShieldWall"],"picked":"champ:TornadoPunch","floor":19},{"not_picked":["champ:Aggression+1","champ:ArenaPreparation+1"],"picked":"champ:DefensiveStyle","floor":20},{"not_picked":["champ:GutPunch+1","champ:BladeFlurry","champ:HeartStrike"],"picked":"SKIP","floor":23},{"not_picked":["champ:ArenaPreparation+1","champ:StanceDance+1"],"picked":"champ:BringItOn+1","floor":25},{"not_picked":["champ:CrownThrow","champ:ShieldSigil+1","champ:GutPunch"],"picked":"SKIP","floor":26},{"not_picked":["champ:PreciseThrust","champ:RapidStrikes"],"picked":"champ:EnGarde+1","floor":27},{"not_picked":["champ:RapidStrikes","champ:FlashCut+1","champ:EnragedBash"],"picked":"SKIP","floor":28},{"not_picked":["champ:ShieldSigil+1","champ:FanOfKnives"],"picked":"champ:DefensiveStyle","floor":30},{"not_picked":["champ:DefensiveShout+1","champ:GutPunch","champ:Circumvent+1"],"picked":"SKIP","floor":31},{"not_picked":["champ:FanOfKnives","champ:DefensiveShout+1","champ:IronFortress+1"],"picked":"SKIP","floor":32},{"not_picked":["champ:VampiricStrike","champ:CheapShot"],"picked":"champ:EnchantSword+1","floor":33},{"not_picked":["champ:Balance+1","champ:CrookedStrike","champ:FanOfKnives"],"picked":"SKIP","floor":36},{"not_picked":["champ:IronFortress","champ:BringItOn+1","champ:GladiatorsShout+1"],"picked":"SKIP","floor":37},{"not_picked":["champ:SteelEdge","champ:FocusedGladiator+1","champ:Encircle+1"],"picked":"SKIP","floor":38},{"not_picked":["champ:SkillfulDodge+1","champ:BerserkerStyle+1","champ:ShieldSigil+1"],"picked":"SKIP","floor":39},{"not_picked":["champ:PerfectedStrike","champ:FanOfKnives","champ:RageSigil+1"],"picked":"SKIP","floor":40},{"not_picked":["champ:EnragedBash+1","champ:BladeFlurry","champ:MurderStrike"],"picked":"SKIP","floor":42},{"not_picked":["champ:PreciseThrust","champ:GutPunch","champ:FlashCut+1"],"picked":"SKIP","floor":46},{"not_picked":["expansioncontent:Collect","expansioncontent:Torchfire"],"picked":"expansioncontent:ChargeUp+1","floor":48},{"not_picked":["champ:BladeFlurry+1","champ:FlashCut+1","champ:StanceDance+1"],"picked":"SKIP","floor":49},{"not_picked":["champ:TornadoPunch+1","champ:EnGarde+1","champ:ShieldSigil+1"],"picked":"SKIP","floor":52}],"player_experience":1900859,"relics_obtained":[{"floor":6,"key":"Guardian:PocketSentry"},{"floor":10,"key":"Toxic Egg 2"},{"floor":11,"key":"downfall:CloakOfManyFaces"},{"floor":25,"key":"champ:SpectersHand"},{"floor":46,"key":"Juzu Bracelet"}],"event_choices":[{"damage_healed":0,"gold_gain":0,"player_choice":"Got Potions","damage_taken":0,"max_hp_gain":0,"max_hp_loss":0,"event_name":"Lab","floor":22,"gold_loss":0}],"is_beta":false,"boss_relics":[{"not_picked":["SacredBark","Tiny House"],"picked":"Runic Pyramid"},{"not_picked":["champ:PowerArmor","Velvet Choker"],"picked":"Cursed Key"}],"items_purged_floors":[5,14,26,39,44],"is_endless":false,"potions_floor_spawned":[2,4,12,15,19,23,25,28,31,33,37,38,40],"ascension_level":5}}