{"host":"9gczkbtdkbhjojey","time":1609165202,"event":{"mods":["BaseMod","Colored Map","Minty Spire (QoL Compilation)","Quick Restart","StSLib","[功能]功能增强和修复MOD"],"gold_per_floor":[118,118,118,135,120,120,152,152,178,178,178,173,173,198,198,329,329,342,442,427,427,445,445,465,380,380,411,406,406,406,401,401,525,525,549,549,549,612,612,612,612,648,697,716,708,0,0,0,0,0,0,0,0,43,43],"floor_reached":56,"playtime":2353,"items_purged":["Defend_P","Defend_P","Strike_P","MentalFortress","Defend_P","Defend_P","Strike_P+1","Strike_P+1","Vigilance+1","Apotheosis+1","Injury"],"score":1456,"play_id":"742747c5-a346-4d8d-9b34-97dd3730d880","local_time":"20201228222002","is_ascension_mode":false,"campfire_choices":[{"floor":6.0,"key":"RECALL"},{"data":"Crescendo","floor":8.0,"key":"SMITH"},{"data":"SandsOfTime","floor":11.0,"key":"SMITH"},{"data":"Eruption","floor":15.0,"key":"SMITH"},{"data":"Tantrum","floor":23,"key":"SMITH"},{"data":"Vigilance","floor":29,"key":"SMITH"},{"data":"FollowUp","floor":32,"key":"SMITH"},{"data":"TalkToTheHand","floor":40,"key":"SMITH"},{"data":"EmptyBody","floor":41,"key":"SMITH"},{"data":"FollowUp","floor":49,"key":"SMITH"},{"data":"1","floor":52,"key":"LIFT"}],"circlet_count":0,"master_deck":["Eruption+1","Crescendo+1","SandsOfTime+1","EmptyBody+1","MentalFortress+1","MasterReality+1","EmptyBody+1","EmptyBody+1","FollowUp+1","Tantrum+1","FlurryOfBlows+1","FollowUp+1","ClearTheMind+1","Meditate+1","EmptyFist+1","Prostrate+1","InnerPeace+1","Establishment+1","TalkToTheHand+1","EmptyMind+1"],"relics":["PureWater","Dead Branch","Prayer Wheel","Blue Candle","Melange","Pantograph","Whetstone","Toolbox","Omamori","Golden Idol","Turnip","Frozen Egg 2","Medical Kit","Cursed Key","Mummified Hand","Damaru","Frozen Eye","Girya","Juzu Bracelet","ClockworkSouvenir","Toxic Egg 2","FossilizedHelix","WingedGreaves","Letter Opener","Dream Catcher","HandDrill","Bottled Flame","Akabeko","Lee\u0027s Waffle","Singing Bowl","Gremlin Horn","Orrery","Calling Bell","Bag of Preparation","Pear","Peace Pipe","Pen Nib","Shuriken","Strange Spoon","StoneCalendar","Ancient Tea Set","Bag of Marbles","TheAbacus","Sundial","Strawberry","Toy Ornithopter","CeramicFish","Membership Card","Red Mask","War Paint","Vajra","OrangePellets","Ornamental Fan","Nunchaku","Cauldron","Yang"],"acts_visited":["Exordium","TheCity","TheBeyond","TheEnding"],"potions_floor_usage":[55,55],"damage_taken":[{"damage":1.0,"enemies":"Jaw Worm","floor":1.0,"turns":3.0},{"damage":0.0,"enemies":"Small Slimes","floor":4.0,"turns":3.0},{"damage":4.0,"enemies":"Gremlin Nob","floor":7.0,"turns":3.0},{"damage":0.0,"enemies":"Cultist","floor":14.0,"turns":2.0},{"damage":0.0,"enemies":"Slime Boss","floor":16.0,"turns":5.0},{"damage":19.0,"enemies":"Shell Parasite","floor":18.0,"turns":3.0},{"damage":0,"enemies":"Spheric Guardian","floor":22,"turns":4},{"damage":8,"enemies":"Shelled Parasite and Fungi","floor":24,"turns":3},{"damage":16,"enemies":"Gremlin Leader","floor":27,"turns":4},{"damage":0,"enemies":"Automaton","floor":33,"turns":5},{"damage":0,"enemies":"Orb Walker","floor":35,"turns":2},{"damage":7,"enemies":"Mind Bloom Boss Battle","floor":38,"turns":3},{"damage":0,"enemies":"Giant Head","floor":42,"turns":2},{"damage":0,"enemies":"3 Shapes","floor":44,"turns":2},{"damage":24,"enemies":"Time Eater","floor":50,"turns":5},{"damage":0,"enemies":"Shield and Spear","floor":54,"turns":1},{"damage":34,"enemies":"The Heart","floor":55,"turns":5}],"seed_played":"-105028948523514069","potions_obtained":[{"floor":1.0,"key":"EssenceOfSteel"},{"floor":53,"key":"FearPotion"}],"is_trial":false,"path_per_floor":["M","?","$","M","$","R","E","R","T","?","R","$","?","M","R","B",null,"M","?","$","$","M","R","M","?","T","E","$","R","$","$","R","B",null,"M","?","$","?","$","R","R","E","T","M","$","?","?","$","R","B",null,"R","$","E","B",null],"character_chosen":"WATCHER","items_purchased":["Prayer Wheel","Blue Candle","Melange","Crescendo","SandsOfTime","Fruit Juice","Ancient Potion","PowerPotion","Pantograph","Whetstone","Toolbox","Turnip","Frozen Egg 2","Medical Kit","MentalFortress+1","Mummified Hand","Damaru","Frozen Eye","EmptyBody","FollowUp","Tantrum","Girya","Juzu Bracelet","ClockworkSouvenir","Letter Opener","Dream Catcher","HandDrill","Bottled Flame","Akabeko","Lee\u0027s Waffle","ClearTheMind+1","Singing Bowl","Gremlin Horn","Orrery","InnerPeace+1","Pen Nib","Shuriken","Strange Spoon","Apotheosis+1","Ancient Tea Set","Bag of Marbles","TheAbacus","EmptyMind+1","Toy Ornithopter","CeramicFish","Membership Card","War Paint","Vajra","OrangePellets","Ornamental Fan","Nunchaku","Cauldron"],"campfire_rested":0,"item_purchase_floors":[3,3,3,3,3,3,3,3,5,5,5,12,12,12,12,20,20,20,20,20,21,21,21,21,28,28,28,30,30,30,30,31,31,31,31,37,37,37,39,39,39,39,39,45,45,45,48,48,48,53,53,53],"current_hp_per_floor":[71,38,43,43,43,43,39,39,39,39,39,39,39,39,39,64,71,52,52,52,52,52,52,44,44,44,28,28,28,78,82,82,82,92,94,94,94,89,89,89,89,91,98,102,102,102,102,102,102,80,104,104,104,106,73],"gold":43,"neow_bonus":"REMOVE_CARD","is_daily":false,"chose_seed":false,"campfire_upgraded":9,"win_rate":0.0,"timestamp":1609165202,"path_taken":["M","?","$","M","$","R","E","R","T","?","R","$","?","M","R","BOSS","M","?","?","$","M","R","M","?","T","E","$","R","$","$","R","BOSS","M","?","$","?","$","R","R","E","T","M","$","?","?","$","R","BOSS","R","$","E","BOSS"],"items_purchased_type":["Relic","Relic","Relic","Card","Card","Potion","Potion","Potion","Relic","Relic","Relic","Relic","Relic","Relic","Card","Relic","Relic","Relic","Card","Card","Card","Relic","Relic","Relic","Relic","Relic","Relic","Relic","Relic","Relic","Card","Relic","Relic","Relic","Card","Relic","Relic","Relic","Card","Relic","Relic","Relic","Card","Relic","Relic","Relic","Relic","Relic","Relic","Relic","Relic","Relic"],"build_version":"2020-12-22","purchased_purges":11,"victory":true,"max_hp_per_floor":[72,72,77,77,77,77,77,77,77,71,71,71,71,71,71,71,71,71,71,71,71,71,71,71,71,71,71,71,71,78,82,82,82,92,94,94,94,96,96,96,96,98,105,109,109,109,104,104,104,104,104,104,104,106,106],"card_choices":[{"not_picked":["WaveOfTheHand","Conclude"],"picked":"MentalFortress","floor":1.0},{"not_picked":["FlurryOfBlows","BowlingBash"],"picked":"EmptyBody","floor":4.0},{"not_picked":["FlyingSleeves","InnerPeace","SashWhip"],"picked":"SKIP","floor":4.0},{"not_picked":["BattleHymn","Collect","Crescendo"],"picked":"SKIP","floor":7.0},{"not_picked":["WreathOfFlame","CrushJoints","Halt"],"picked":"SKIP","floor":14.0},{"not_picked":["SandsOfTime","CrushJoints","ForeignInfluence"],"picked":"SKIP","floor":14.0},{"not_picked":["DeusExMachina","Alpha"],"picked":"MasterReality+1","floor":16.0},{"not_picked":["CutThroughFate","JustLucky"],"picked":"EmptyBody+1","floor":18.0},{"not_picked":["Consecrate","Evaluate","PathToVictory+1"],"picked":"SKIP","floor":18.0},{"not_picked":["ClearTheMind","Prostrate+1"],"picked":"FlurryOfBlows+1","floor":22},{"not_picked":["Consecrate","ClearTheMind"],"picked":"FollowUp","floor":22},{"not_picked":["Crescendo+1","SashWhip","ConjureBlade"],"picked":"SKIP","floor":24},{"not_picked":["Weave+1","SignatureMove+1","Crescendo"],"picked":"SKIP","floor":24},{"not_picked":["BattleHymn+1","Prostrate+1","Fasting2+1"],"picked":"SKIP","floor":27},{"not_picked":["FlyingSleeves+1","Wish+1"],"picked":"Meditate+1","floor":31},{"not_picked":["Evaluate+1","ClearTheMind+1"],"picked":"EmptyFist+1","floor":31},{"not_picked":["Tantrum+1","CarveReality"],"picked":"Prostrate+1","floor":31},{"not_picked":["Protect+1","SashWhip+1","Conclude+1"],"picked":"Singing Bowl","floor":31},{"not_picked":["MentalFortress+1","Wallop+1","BattleHymn+1"],"picked":"Singing Bowl","floor":31},{"not_picked":["Omniscience+1","Judgement+1"],"picked":"Establishment+1","floor":33},{"not_picked":["MentalFortress+1","FlyingSleeves+1"],"picked":"TalkToTheHand","floor":35},{"not_picked":["JustLucky","Wireheading+1","Meditate+1"],"picked":"Singing Bowl","floor":35},{"not_picked":["FearNoEvil","TalkToTheHand","Protect+1"],"picked":"Singing Bowl","floor":38},{"not_picked":["Vengeance+1","Study+1","DevaForm+1"],"picked":"Singing Bowl","floor":42},{"not_picked":["Evaluate+1","SandsOfTime","Halt+1"],"picked":"Singing Bowl","floor":44},{"not_picked":["Meditate+1","FlyingSleeves+1","SashWhip+1"],"picked":"Singing Bowl","floor":44},{"not_picked":["FollowUp","Wallop","Crescendo+1"],"picked":"Singing Bowl","floor":54}],"player_experience":105086,"relics_obtained":[{"floor":7.0,"key":"Omamori"},{"floor":26,"key":"FossilizedHelix"},{"floor":27,"key":"WingedGreaves"},{"floor":34,"key":"Bag of Preparation"},{"floor":34,"key":"Pear"},{"floor":34,"key":"Peace Pipe"},{"floor":38,"key":"StoneCalendar"},{"floor":42,"key":"Sundial"},{"floor":43,"key":"Strawberry"},{"floor":54,"key":"Yang"}],"event_choices":[{"damage_healed":0.0,"max_hp_gain":0.0,"max_hp_loss":0.0,"gold_gain":0.0,"event_name":"Scrap Ooze","player_choice":"Success","floor":2.0,"gold_loss":0.0,"damage_taken":33.0,"relics_obtained":["Dead Branch"]},{"damage_healed":0.0,"max_hp_gain":0.0,"max_hp_loss":6.0,"gold_gain":0.0,"event_name":"Golden Idol","player_choice":"Lose Max HP","floor":10.0,"gold_loss":0.0,"damage_taken":0.0,"relics_obtained":["Golden Idol"]},{"damage_healed":0.0,"max_hp_gain":0.0,"max_hp_loss":0.0,"gold_gain":0.0,"event_name":"Liars Game","player_choice":"Ignored","floor":13.0,"gold_loss":0.0,"damage_taken":0.0},{"damage_healed":0.0,"max_hp_gain":0.0,"max_hp_loss":0.0,"gold_gain":100.0,"event_name":"Golden Shrine","player_choice":"Pray","floor":19.0,"gold_loss":0.0,"damage_taken":0.0},{"damage_healed":0,"gold_gain":0,"player_choice":"Obtained Relic","damage_taken":0,"relics_obtained":["Toxic Egg 2"],"max_hp_gain":0,"max_hp_loss":0,"event_name":"Addict","floor":25,"gold_loss":85},{"damage_healed":0,"gold_gain":0,"player_choice":"Ignored","damage_taken":0,"max_hp_gain":0,"max_hp_loss":0,"event_name":"Purifier","floor":36,"gold_loss":0},{"damage_healed":0,"gold_gain":0,"player_choice":"Fight","damage_taken":0,"max_hp_gain":0,"max_hp_loss":0,"event_name":"MindBloom","floor":38,"gold_loss":0},{"damage_healed":0,"gold_gain":0,"player_choice":"Paid","damage_taken":0,"relics_obtained":["Red Mask"],"max_hp_gain":0,"max_hp_loss":0,"event_name":"Tomb of Lord Red Mask","floor":46,"gold_loss":708},{"damage_healed":0,"gold_gain":0,"player_choice":"Max HP","damage_taken":0,"max_hp_gain":0,"max_hp_loss":5,"event_name":"Winding Halls","floor":47,"gold_loss":0}],"is_beta":false,"boss_relics":[{"not_picked":["Coffee Dripper","Runic Pyramid"],"picked":"Cursed Key"},{"not_picked":["Busted Crown","Astrolabe"],"picked":"Calling Bell"}],"items_purged_floors":[5,5,5,12,20,20,20,28,31,45,45],"is_endless":false,"potions_floor_spawned":[1,4,7,7,14,16,18,22,24,33,35,35,35,42,44,54],"ascension_level":0}}