{"host":"31s8hzukbhz1k6i6","time":1609116468,"event":{"mods":["BaseMod","Colored Map","Minty Spire (QoL Compilation)","Relic Stats","UnlockEverythingMod"],"gold_per_floor":[117,42,42,42,61,93,93,93,120,147,160,160,171,206,206,206,206],"floor_reached":16,"playtime":495,"items_purged":[],"score":179,"play_id":"733d8d84-774d-4248-908f-09386509113d","local_time":"20201227164748","is_ascension_mode":true,"campfire_choices":[{"data":"Neutralize","floor":8,"key":"SMITH"},{"data":"Doppelganger","floor":12,"key":"SMITH"},{"data":"Blur","floor":15,"key":"SMITH"}],"circlet_count":0,"master_deck":["Strike_G","Strike_G","Strike_G","Strike_G","Strike_G","Defend_G","Defend_G","Defend_G","Defend_G","Defend_G","Survivor","Neutralize+1","Deadly Poison+1","Blur+1","Flying Knee","Doppelganger+1","PiercingWail"],"relics":["Ring of the Snake","NeowsBlessing","Ornamental Fan","Meat on the Bone","Bronze Scales","InkBottle","Orichalcum"],"acts_visited":["Exordium"],"potions_floor_usage":[10,13],"damage_taken":[{"damage":0,"enemies":"Jaw Worm","floor":1,"turns":1},{"damage":0,"enemies":"Small Slimes","floor":5,"turns":1},{"damage":0,"enemies":"Lagavulin","floor":6,"turns":1},{"damage":16,"enemies":"Gremlin Nob","floor":10,"turns":3},{"damage":2,"enemies":"2 Louse","floor":11,"turns":2},{"damage":0,"enemies":"Gremlin Gang","floor":13,"turns":4},{"damage":7,"enemies":"Lagavulin","floor":14,"turns":6},{"damage":40,"enemies":"Slime Boss","floor":16,"turns":8}],"seed_played":"-1035223234894575615","potions_obtained":[{"floor":1,"key":"DistilledChaos"},{"floor":6,"key":"SteroidPotion"}],"is_trial":false,"path_per_floor":["M","$","?","?","M","E","?","R","T","E","M","R","M","E","R","B"],"character_chosen":"THE_SILENT","items_purchased":["Blur"],"campfire_rested":0,"item_purchase_floors":[2],"current_hp_per_floor":[70,70,63,63,63,63,63,63,63,47,45,45,45,38,38,0,0],"gold":206,"neow_bonus":"THREE_ENEMY_KILL","is_daily":false,"chose_seed":false,"campfire_upgraded":3,"win_rate":0.0,"timestamp":1609116468,"path_taken":["M","$","?","?","M","E","?","R","T","E","?","R","M","E","R","BOSS"],"items_purchased_type":["Card"],"build_version":"2020-12-22","purchased_purges":0,"victory":false,"max_hp_per_floor":[70,70,70,70,70,70,70,70,70,70,70,70,70,70,70,70,70],"relic_stats":{"counters":[8,26],"Ornamental Fan":[20],"Bronze Scales":[45],"Orichalcum":[18],"obtain_stats":[{"NeowsBlessing":0,"Ornamental Fan":3,"Bronze Scales":9,"Orichalcum":14,"InkBottle":10,"Ring of the Snake":0,"Meat on the Bone":6},{"NeowsBlessing":0,"Ornamental Fan":1,"Bronze Scales":3,"Orichalcum":7,"InkBottle":4,"Ring of the Snake":0,"Meat on the Bone":3},{"NeowsBlessing":0,"Ornamental Fan":1,"Bronze Scales":3,"Orichalcum":18,"InkBottle":6,"Ring of the Snake":0,"Meat on the Bone":3}],"InkBottle":[7],"Ring of the Snake":[16],"Meat on the Bone":0},"card_choices":[{"not_picked":["Reflex","Masterful Stab"],"picked":"Deadly Poison","floor":1},{"not_picked":["Quick Slash","Prepared"],"picked":"Flying Knee","floor":5},{"not_picked":["Dodge and Roll","Well Laid Plans","Underhanded Strike"],"picked":"SKIP","floor":6},{"not_picked":["Deflect","Flying Knee"],"picked":"Doppelganger","floor":10},{"not_picked":["Outmaneuver","Backstab"],"picked":"PiercingWail","floor":11},{"not_picked":["Underhanded Strike","Distraction","Deflect"],"picked":"SKIP","floor":13},{"not_picked":["Outmaneuver","Dodge and Roll","Quick Slash"],"picked":"SKIP","floor":14}],"player_experience":49358,"relics_obtained":[{"floor":6,"key":"Meat on the Bone"},{"floor":9,"key":"Bronze Scales"},{"floor":10,"key":"InkBottle"},{"floor":14,"key":"Orichalcum"}],"event_choices":[{"damage_healed":0,"gold_gain":0,"player_choice":"Success","damage_taken":7,"relics_obtained":["Ornamental Fan"],"max_hp_gain":0,"max_hp_loss":0,"event_name":"Scrap Ooze","floor":3,"gold_loss":0},{"damage_healed":0,"gold_gain":0,"player_choice":"Ignored","damage_taken":0,"max_hp_gain":0,"max_hp_loss":0,"event_name":"Liars Game","floor":4,"gold_loss":0},{"damage_healed":0,"gold_gain":0,"player_choice":"Upgraded","damage_taken":0,"max_hp_gain":0,"max_hp_loss":0,"event_name":"Upgrade Shrine","floor":7,"gold_loss":0,"cards_upgraded":["Deadly Poison"]}],"is_beta":false,"boss_relics":[],"items_purged_floors":[],"is_endless":false,"potions_floor_spawned":[1,6],"killed_by":"Slime Boss","ascension_level":5}}