{"host":"zm2copjc1o2b6hjv","time":1609193246,"event":{"mods":["AchievementEnabler","BaseMod","BetterRewards","Conspire","Downfall","Friendly Minions","Infinite Spire","Minty Spire (QoL Compilation)","Replay The Spire","StSLib"],"gold_per_floor":[118,118,118,138,138,138,150,150,150,169,181,181,181,206,206,206,206],"floor_reached":16,"playtime":1470,"items_purged":["sneckomod:Bewildered"],"score":120,"play_id":"65c847fb-7a69-41f9-9d3c-4ecc6917ddf8","local_time":"20201228170726","is_ascension_mode":true,"campfire_choices":[{"floor":6,"key":"DIG"},{"floor":8,"key":"DIG"},{"floor":13,"key":"DIG"},{"data":"Dual Wield","floor":15,"key":"SMITH"}],"circlet_count":0,"master_deck":["Strike_R","Strike_R","Strike_R","Strike_R","Strike_R","Defend_R","Defend_R","Defend_R","Defend_R","Shrug It Off+1","expansioncontent:PrepareCrush","Seeing Red","Fire Breathing","Entrench","Dual Wield+1","Anger"],"relics":["Burning Blood","ReplayTheSpireMod:CursedCoin","Torii","Ornamental Fan","Shovel","Pen Nib","Blue Candle","conspire:DecoderRing","WingedGreaves","Replay:Bottled Steam","infinitespire:CursedDice"],"acts_visited":["Exordium"],"potions_floor_usage":[10,16],"damage_taken":[{"damage":0,"enemies":"Jaw Worm","floor":1,"turns":2},{"damage":0,"enemies":"Small Slimes","floor":4,"turns":3},{"damage":0,"enemies":"2 Louse","floor":7,"turns":5},{"damage":1,"enemies":"Exordium Wildlife","floor":10,"turns":4},{"damage":0,"enemies":"Looter","floor":11,"turns":2},{"damage":21,"enemies":"Gremlin Nob","floor":14,"turns":5},{"damage":26,"enemies":"The Guardian","floor":16,"turns":4}],"seed_played":"6485517063473626999","potions_obtained":[{"floor":4,"key":"champ:CounterPotion"},{"floor":7,"key":"DuplicationPotion"}],"is_trial":false,"path_per_floor":["M","$","?","M","?","R","M","R","T","M","M","T","R","E","R","B"],"character_chosen":"IRONCLAD","items_purchased":["ReplayTheSpireMod:CursedCoin","Torii","Ornamental Fan","Shrug It Off+1","Shovel","expansioncontent:PrepareCrush"],"campfire_rested":0,"item_purchase_floors":[0,0,0,0,0,0],"current_hp_per_floor":[50,50,43,49,49,49,55,55,55,60,66,66,66,51,51,25,25],"gold":206,"neow_bonus":"","is_daily":false,"chose_seed":false,"campfire_upgraded":1,"win_rate":0.0,"timestamp":1609193246,"path_taken":["M","$","?","M","?","R","M","R","T","M","M","?","R","E","R","BOSS"],"items_purchased_type":["Relic","Relic","Relic","Card","Relic","Card"],"build_version":"2020-12-22","purchased_purges":1,"victory":false,"max_hp_per_floor":[80,80,80,80,80,80,80,80,80,80,80,80,80,80,80,80,80],"card_choices":[{"not_picked":["Run Through","Heavy Blade","ReplayTheSpireMod:Strike From Hell"],"picked":"SKIP","floor":1},{"not_picked":["Havoc","Defy Death"],"picked":"Seeing Red","floor":4},{"not_picked":["Clash","Spot Weakness"],"picked":"Fire Breathing","floor":7},{"not_picked":["Iron Wave","Run Through"],"picked":"Entrench","floor":10},{"not_picked":["Defy Death","Replay:Undeath\u0027s Touch"],"picked":"Dual Wield","floor":11},{"not_picked":["Perfected Strike","Run Through"],"picked":"Anger","floor":14}],"player_experience":210149,"relics_obtained":[{"floor":6,"key":"Pen Nib"},{"floor":8,"key":"Blue Candle"},{"floor":9,"key":"conspire:DecoderRing"},{"floor":12,"key":"WingedGreaves"},{"floor":13,"key":"Replay:Bottled Steam"},{"floor":14,"key":"infinitespire:CursedDice"}],"event_choices":[{"cards_removed":["Bash"],"damage_healed":0,"gold_gain":0,"player_choice":"Card Removal","damage_taken":7,"max_hp_gain":0,"max_hp_loss":0,"event_name":"Golden Wing","floor":3,"gold_loss":0}],"is_beta":false,"boss_relics":[],"items_purged_floors":[0],"is_endless":false,"potions_floor_spawned":[4,7],"killed_by":"The Guardian","ascension_level":4}}