{"host":"bydnmyvf669xu6ab","time":1609199591,"event":{"mods":["Aspiration","BaseMod","Better Note","BetterRewards","Colored Map","Colored Powertips","Minty Spire (QoL Compilation)","Rare Cards Sparkle","Relic Stats","Shop Mod","StSLib","SuperFastMode","Virulent Crown"],"gold_per_floor":[117,192,192,80,113,113,113,113,140,175,201,228,240,268,280,390,402,432,444,466,478,490,502,514,557,620,632,664,82,99,146,146,146,146],"floor_reached":33,"playtime":1598,"items_purged":[],"score":402,"play_id":"849fc7d2-0325-4579-b6ee-0f27f51b4da4","local_time":"20201228155311","is_ascension_mode":true,"campfire_choices":[{"data":"Armaments","floor":6,"key":"SMITH"},{"data":"Inflame","floor":8,"key":"SMITH"},{"floor":15,"key":"REST"},{"floor":24,"key":"REST"},{"floor":27,"key":"REST"},{"floor":32,"key":"REST"}],"circlet_count":0,"master_deck":["Strike_R","Strike_R+1","Strike_R","Strike_R","Defend_R","Defend_R","Defend_R","Defend_R","Bash","Armaments+1","The Bomb+1","Ghostly Armor","Fire Breathing","Inflame+1","Rampage+1","Flex","Headbutt","Pummel","Body Slam","Impervious","Limit Break+1","Dual Wield","Deadly Poison","Deadly Poison"],"relics":["Burning Blood","PreservedInsect","Toolbox","Bag of Marbles","MawBank","Black Star","PrismaticShard","Blue Candle","Boot","Potion Belt","Pocketwatch","Bag of Preparation"],"acts_visited":["Exordium","TheCity"],"potions_floor_usage":[16,23,23,25,30,33,33],"damage_taken":[{"damage":7,"enemies":"Small Slimes","floor":1,"turns":3},{"damage":0,"enemies":"2 Louse","floor":5,"turns":3},{"damage":14,"enemies":"Gremlin Nob","floor":10,"turns":4},{"damage":6,"enemies":"Cultist","floor":11,"turns":3},{"damage":2,"enemies":"2 Fungi Beasts","floor":12,"turns":3},{"damage":7,"enemies":"Blue Slaver","floor":14,"turns":2},{"damage":26,"enemies":"The Guardian","floor":16,"turns":10},{"damage":5,"enemies":"3 Byrds","floor":18,"turns":3},{"damage":35,"enemies":"Shell Parasite","floor":20,"turns":6},{"damage":35,"enemies":"Book of Stabbing","floor":23,"turns":5},{"damage":26,"enemies":"Gremlin Leader","floor":25,"turns":5},{"damage":27,"enemies":"Sentry and Sphere","floor":28,"turns":7},{"damage":6,"enemies":"Snake Plant","floor":30,"turns":4},{"damage":46,"enemies":"Automaton","floor":33,"turns":6}],"seed_played":"1451111030722922625","potions_obtained":[{"floor":1,"key":"FearPotion"},{"floor":5,"key":"Energy Potion"},{"floor":10,"key":"Energy Potion"},{"floor":11,"key":"SmokeBomb"},{"floor":18,"key":"LiquidBronze"}],"is_trial":false,"path_per_floor":["M","?","?","$","M","R","?","R","T","E","M","M","?","M","R","B",null,"M","?","M","$","?","E","R","E","T","R","M","$","M","T","R","B"],"character_chosen":"IRONCLAD","items_purchased":["PreservedInsect","Armaments","Toolbox","The Bomb","Ghostly Armor","Fire Breathing","Inflame","Rampage","Potion Belt","Energy Potion","Block Potion","Fire Potion","Pocketwatch"],"campfire_rested":4,"item_purchase_floors":[0,0,0,0,0,0,4,4,29,29,29,29,29],"current_hp_per_floor":[55,44,28,28,34,34,34,34,34,26,26,30,23,22,46,26,80,80,80,51,51,43,14,38,18,18,42,21,21,21,21,45,0,0],"gold":146,"neow_bonus":"","is_daily":false,"chose_seed":false,"campfire_upgraded":2,"win_rate":0.0,"timestamp":1609199591,"path_taken":["M","?","?","$","M","R","?","R","T","E","?","M","?","M","R","BOSS","M","?","M","$","?","E","R","E","T","R","M","$","M","?","R","BOSS"],"items_purchased_type":["Relic","Card","Relic","Card","Card","Card","Card","Card","Relic","Potion","Potion","Potion","Relic"],"build_version":"2020-12-22","purchased_purges":0,"victory":false,"max_hp_per_floor":[80,80,80,80,80,80,80,80,80,80,80,80,80,80,80,80,80,80,80,80,80,80,80,80,80,80,80,80,80,80,80,80,80,80],"relic_stats":{"counters":[1121,5699],"Blue Candle":[0],"PreservedInsect":108,"Black Star":2,"Bag of Preparation":[2],"MawBank":228,"Boot":[18],"obtain_stats":[{"Ice Cream":49,"Calipers":10,"Tiny House":34,"Gremlin Horn":29,"Whetstone":19,"Ginger":24,"Boot":9,"Old Coin":43,"Blood Vial":4,"HornCleat":10,"DollysMirror":0,"Strawberry":10,"MealTicket":19,"Philosopher\u0027s Stone":17,"Fusion Hammer":17,"Kunai":31,"Toxic Egg 2":19,"aspiration:DSix":10,"Pear":7,"Happy Flower":22,"Blue Candle":44,"Oddly Smooth Stone":10,"Eternal Feather":44,"Pen Nib":9,"Charon\u0027s Ashes":37,"aspiration:SeaSaltIceCream":25,"Letter Opener":40,"War Paint":26,"aspiration:HiddenCompartment":9,"Question Card":19,"SlaversCollar":17,"Bottled Flame":24,"Shuriken":30,"Bird Faced Urn":22,"Bronze Scales":28,"MutagenicStrength":30,"Mark of Pain":34,"Black Star":17,"Nloth\u0027s Gift":20,"aspiration:HatOfInfinitePower":12,"Unceasing Top":5,"Meat on the Bone":24,"Pocketwatch":29,"Regal Pillow":0,"Lantern":24,"aspiration:Lifesprig":13,"Singing Bowl":26,"Enchiridion":19,"Black Blood":17,"Magic Flower":0,"Mango":45,"Bag of Preparation":38,"Incense Burner":38,"Juzu Bracelet":40,"Cursed Key":17,"Ancient Tea Set":26,"PrismaticShard":22,"Burning Blood":0,"ClockworkSouvenir":19,"Nunchaku":0,"Dream Catcher":9,"Shovel":38,"Mummified Hand":31,"aspiration:AnachronicSnailShell":12,"Pantograph":26,"Gambling Chip":17,"Toolbox":0,"WingedGreaves":36,"Red Skull":0,"InkBottle":11,"Paper Frog":45,"Potion Belt":38,"Self Forming Clay":26,"The Courier":12,"PreservedInsect":0,"aspiration:HummingbirdHeart":9,"Omamori":0,"aspiration:SecretTechniqueScroll":17,"MawBank":8,"Calling Bell":17,"Strange Spoon":0,"Anchor":0,"Busted Crown":17,"Orrery":0,"Turnip":38,"Bag of Marbles":20,"Champion Belt":24,"Membership Card":38,"Bottled Lightning":14,"aspiration:RitualDagger":17,"TungstenRod":42,"FossilizedHelix":10},{"Ice Cream":978,"Calipers":937,"Tiny House":1020,"Gremlin Horn":968,"Whetstone":964,"Ginger":1051,"Boot":983,"Old Coin":975,"Blood Vial":1032,"HornCleat":983,"DollysMirror":979,"Strawberry":983,"MealTicket":1003,"Philosopher\u0027s Stone":1013,"Fusion Hammer":1049,"Kunai":970,"Toxic Egg 2":942,"aspiration:DSix":1067,"Pear":983,"Happy Flower":1051,"Blue Candle":976,"Oddly Smooth Stone":1010,"Eternal Feather":976,"Pen Nib":936,"Charon\u0027s Ashes":1056,"aspiration:SeaSaltIceCream":1017,"Letter Opener":1058,"War Paint":1070,"aspiration:HiddenCompartment":1009,"Question Card":1014,"SlaversCollar":985,"Bottled Flame":1100,"Shuriken":1019,"Bird Faced Urn":951,"Bronze Scales":1017,"MutagenicStrength":1087,"Mark of Pain":971,"Black Star":963,"Nloth\u0027s Gift":986,"aspiration:HatOfInfinitePower":1011,"Unceasing Top":945,"Meat on the Bone":966,"Pocketwatch":1119,"Regal Pillow":956,"Lantern":1051,"aspiration:Lifesprig":1094,"Singing Bowl":1017,"Enchiridion":951,"Black Blood":1002,"Magic Flower":1073,"Mango":1060,"Bag of Preparation":973,"Incense Burner":973,"Juzu Bracelet":974,"Cursed Key":941,"Ancient Tea Set":953,"PrismaticShard":1116,"Burning Blood":0,"ClockworkSouvenir":964,"Nunchaku":979,"Dream Catcher":1033,"Shovel":973,"Mummified Hand":970,"aspiration:AnachronicSnailShell":949,"Pantograph":1051,"Gambling Chip":1096,"Toolbox":943,"WingedGreaves":1022,"Red Skull":1029,"InkBottle":1067,"Paper Frog":976,"Potion Belt":1022,"Self Forming Clay":966,"The Courier":961,"PreservedInsect":1043,"aspiration:HummingbirdHeart":960,"Omamori":979,"aspiration:SecretTechniqueScroll":950,"MawBank":960,"Calling Bell":1096,"Strange Spoon":956,"Anchor":992,"Busted Crown":1081,"Orrery":1007,"Turnip":973,"Bag of Marbles":1097,"Champion Belt":952,"Membership Card":973,"Bottled Lightning":1048,"aspiration:RitualDagger":1068,"TungstenRod":975,"FossilizedHelix":999},{"Ice Cream":4914,"Calipers":4722,"Tiny House":5142,"Gremlin Horn":4863,"Whetstone":4842,"Ginger":5310,"Boot":4940,"Old Coin":4895,"Blood Vial":5197,"HornCleat":4940,"DollysMirror":4922,"Strawberry":4940,"MealTicket":5053,"Philosopher\u0027s Stone":5111,"Fusion Hammer":5300,"Kunai":4872,"Toxic Egg 2":4738,"aspiration:DSix":5389,"Pear":4940,"Happy Flower":5310,"Blue Candle":4903,"Oddly Smooth Stone":5090,"Eternal Feather":4903,"Pen Nib":4716,"Charon\u0027s Ashes":5339,"aspiration:SeaSaltIceCream":5129,"Letter Opener":5349,"War Paint":5411,"aspiration:HiddenCompartment":5083,"Question Card":5113,"SlaversCollar":4957,"Bottled Flame":5588,"Shuriken":5135,"Bird Faced Urn":4777,"Bronze Scales":5129,"MutagenicStrength":5515,"Mark of Pain":4879,"Black Star":4835,"Nloth\u0027s Gift":4962,"aspiration:HatOfInfinitePower":5094,"Unceasing Top":4749,"Meat on the Bone":4851,"Pocketwatch":5689,"Regal Pillow":4807,"Lantern":5310,"aspiration:Lifesprig":5548,"Singing Bowl":5129,"Enchiridion":4777,"Black Blood":5048,"Magic Flower":5436,"Mango":5360,"Bag of Preparation":4886,"Incense Burner":4886,"Juzu Bracelet":4891,"Cursed Key":4734,"Ancient Tea Set":4790,"PrismaticShard":5672,"Burning Blood":0,"ClockworkSouvenir":4842,"Nunchaku":4922,"Dream Catcher":5203,"Shovel":4886,"Mummified Hand":4872,"aspiration:AnachronicSnailShell":4761,"Pantograph":5310,"Gambling Chip":5565,"Toolbox":4741,"WingedGreaves":5152,"Red Skull":5186,"InkBottle":5389,"Paper Frog":4903,"Potion Belt":5152,"Self Forming Clay":4851,"The Courier":4824,"PreservedInsect":5276,"aspiration:HummingbirdHeart":4819,"Omamori":4922,"aspiration:SecretTechniqueScroll":4773,"MawBank":4819,"Calling Bell":5565,"Strange Spoon":4807,"Anchor":5001,"Busted Crown":5473,"Orrery":5076,"Turnip":4886,"Bag of Marbles":5570,"Champion Belt":4786,"Membership Card":4886,"Bottled Lightning":5292,"aspiration:RitualDagger":5400,"TungstenRod":4895,"FossilizedHelix":5030}],"Burning Blood":163,"Pocketwatch":[12]},"card_choices":[{"not_picked":["Clash","Second Wind","Wild Strike"],"picked":"SKIP","floor":1},{"not_picked":["Body Slam","Combust"],"picked":"Flex","floor":5},{"not_picked":["Thunderclap","Armaments","Second Wind"],"picked":"SKIP","floor":10},{"not_picked":["Clash","Dual Wield"],"picked":"Headbutt","floor":11},{"not_picked":["Fire Breathing","Clothesline"],"picked":"Pummel","floor":12},{"not_picked":["Impervious","Iron Wave"],"picked":"Body Slam","floor":14},{"not_picked":["Feed","Brutality"],"picked":"Impervious","floor":16},{"not_picked":["Havoc","Pommel Strike","Sever Soul+1"],"picked":"SKIP","floor":18},{"not_picked":["Havoc","Anger","Blood for Blood"],"picked":"SKIP","floor":20},{"not_picked":["Iron Wave","Carnage"],"picked":"Dual Wield","floor":22},{"not_picked":["CarveReality","Distraction","Gash+1"],"picked":"SKIP","floor":25},{"not_picked":["Brilliance","Beam Cell+1"],"picked":"Deadly Poison","floor":28},{"not_picked":["BowlingBash","Hologram"],"picked":"Deadly Poison","floor":30}],"player_experience":2074108,"relics_obtained":[{"floor":9,"key":"Bag of Marbles"},{"floor":10,"key":"MawBank"},{"floor":22,"key":"PrismaticShard"},{"floor":25,"key":"Blue Candle"},{"floor":25,"key":"Boot"},{"floor":31,"key":"Bag of Preparation"}],"event_choices":[{"damage_healed":0,"gold_gain":75,"player_choice":"Gather Gold","damage_taken":11,"max_hp_gain":0,"max_hp_loss":0,"event_name":"World of Goop","floor":2,"gold_loss":0},{"damage_healed":0,"gold_gain":0,"player_choice":"Entered Light","damage_taken":16,"max_hp_gain":0,"max_hp_loss":0,"event_name":"Shining Light","floor":3,"gold_loss":0,"cards_upgraded":["The Bomb","Strike_R"]},{"damage_healed":0,"gold_gain":0,"player_choice":"Upgraded","damage_taken":0,"max_hp_gain":0,"max_hp_loss":0,"event_name":"Upgrade Shrine","floor":7,"gold_loss":0,"cards_upgraded":["Rampage"]},{"cards_removed":["Strike_R"],"damage_healed":0,"gold_gain":0,"player_choice":"Card Removal","damage_taken":7,"max_hp_gain":0,"max_hp_loss":0,"event_name":"Golden Wing","floor":13,"gold_loss":0},{"cards_removed":["The Bomb"],"damage_healed":0,"gold_gain":0,"player_choice":"Take \u0026 Give","damage_taken":0,"max_hp_gain":0,"max_hp_loss":0,"event_name":"betterNote:BetterNote","floor":19,"gold_loss":0,"cards_obtained":["Limit Break"]}],"is_beta":false,"boss_relics":[{"not_picked":["SacredBark","Coffee Dripper"],"picked":"Black Star"}],"items_purged_floors":[],"is_endless":false,"potions_floor_spawned":[1,5,10,11,18,20],"killed_by":"Automaton","ascension_level":1}}