{"host":"lvhfn8l5bvc4nolx","time":1609155743,"event":{"mods":["AchievementEnabler","BaseMod","Colored Map","Keyboard Shortcuts","Minty Spire (QoL Compilation)","Permanent Neow","Quick Restart","SuperFastMode"],"gold_per_floor":[367,379,379,454,151,185,185,197,197,215,234,234,234,14,14,111,111,129,129,129,129,140,174,174,200,200,115,115,125,98,197,197,297,297,317,327,78,89,63,63,92,92,92,115,126,126,0,15,34,34,34],"floor_reached":52,"playtime":1503,"items_purged":["Defend_G","Strike_G","Defend_G","Strike_G"],"score":854,"play_id":"7f26b865-3e70-42ee-88c4-ba10b430149e","local_time":"20201228204223","is_ascension_mode":true,"campfire_choices":[{"floor":15.0,"key":"REST"},{"floor":24.0,"key":"REST"},{"data":"Blade Dance","floor":28.0,"key":"SMITH"},{"data":"Trip","floor":32.0,"key":"SMITH"},{"data":"Tactician","floor":40.0,"key":"SMITH"},{"data":"Accuracy","floor":42.0,"key":"SMITH"},{"data":"Accuracy","floor":46.0,"key":"SMITH"},{"data":"Blade Dance","floor":50,"key":"SMITH"}],"circlet_count":0,"master_deck":["Defend_G+1","Survivor","Neutralize","Quick Slash","Blade Dance+1","Bullet Time+1","Tactician","A Thousand Cuts","PiercingWail","Masterful Stab","Underhanded Strike","Accuracy+1","Cloak And Dagger","Skewer","Tools of the Trade","Accuracy+1","Grand Finale+1","Venomology+1","Blade Dance+1","All Out Attack","Adrenaline","Tactician+1","Tactician","Trip+1","Blur","Doppelganger","Concentrate","After Image","Accuracy+1","Master of Strategy","Backflip+1","Backflip","Blade Dance+1","Prepared+1"],"relics":["Ring of the Snake","Membership Card","Shuriken","Eternal Feather","Chemical X","Astrolabe","Enchiridion","Paper Crane","MealTicket","Tingsha","Bronze Scales","Nunchaku","HoveringKite","Potion Belt","Vajra","Torii","Omamori","Red Mask"],"acts_visited":["Exordium","TheCity","TheBeyond"],"potions_floor_usage":[51,51],"damage_taken":[{"damage":0.0,"enemies":"Small Slimes","floor":1.0,"turns":4.0},{"damage":5.0,"enemies":"2 Louse","floor":2.0,"turns":4.0},{"damage":23.0,"enemies":"Lagavulin","floor":6.0,"turns":6.0},{"damage":6.0,"enemies":"Cultist","floor":8.0,"turns":3.0},{"damage":1.0,"enemies":"3 Louse","floor":10.0,"turns":2.0},{"damage":4.0,"enemies":"Looter","floor":11.0,"turns":3.0},{"damage":9.0,"enemies":"The Guardian","floor":16.0,"turns":9.0},{"damage":0.0,"enemies":"Chosen","floor":18.0,"turns":3.0},{"damage":2.0,"enemies":"3 Byrds","floor":22.0,"turns":3.0},{"damage":39.0,"enemies":"Book of Stabbing","floor":23.0,"turns":4.0},{"damage":4.0,"enemies":"Gremlin Leader","floor":25.0,"turns":2.0},{"damage":6.0,"enemies":"3 Cultists","floor":29.0,"turns":3.0},{"damage":0.0,"enemies":"Collector","floor":33.0,"turns":4.0},{"damage":4.0,"enemies":"3 Darklings","floor":35.0,"turns":4.0},{"damage":7.0,"enemies":"3 Shapes","floor":36.0,"turns":3.0},{"damage":8.0,"enemies":"Maw","floor":38.0,"turns":5.0},{"damage":25.0,"enemies":"Giant Head","floor":41.0,"turns":5.0},{"damage":17.0,"enemies":"Sphere and 2 Shapes","floor":45.0,"turns":3.0},{"damage":15.0,"enemies":"Writhing Mass","floor":48.0,"turns":3.0},{"damage":13.0,"enemies":"Maw","floor":49.0,"turns":5.0},{"damage":33,"enemies":"Donu and Deca","floor":51,"turns":5}],"seed_played":"6709071161716625036","potions_obtained":[{"floor":1.0,"key":"Swift Potion"},{"floor":8.0,"key":"ColorlessPotion"},{"floor":23.0,"key":"Swift Potion"},{"floor":33.0,"key":"Weak Potion"},{"floor":36.0,"key":"CunningPotion"},{"floor":45.0,"key":"Swift Potion"}],"is_trial":false,"path_per_floor":["M","M","?","?","$","E","?","M","T","M","M","?","?","$","R","B",null,"M","?","?","?","M","E","R","E","T","?","R","M","$","?","R","B",null,"M","M","$","M","$","R","E","R","T","T","M","R","?","M","M","R","B",null],"character_chosen":"THE_SILENT","items_purchased":["Membership Card","Tactician","A Thousand Cuts","Accuracy","Cloak And Dagger","Chemical X","Skewer","Trip","Blur","Accuracy","Potion Belt","Master of Strategy","Backflip"],"campfire_rested":2,"item_purchase_floors":[5,5,5,14,14,14,14,30,30,37,37,37,39],"current_hp_per_floor":[63,58,58,47,47,24,24,18,18,17,13,34,21,21,51,42,63,63,47,47,47,45,6,36,32,32,32,44,38,53,53,63,63,63,59,52,63,55,63,63,38,56,56,56,39,57,57,42,29,47,14],"gold":34,"neow_bonus":"TWO_FIFTY_GOLD","is_daily":false,"chose_seed":false,"campfire_upgraded":6,"win_rate":0.0,"timestamp":1609155743,"path_taken":["M","M","?","?","$","E","?","?","T","M","M","?","?","?","R","BOSS","M","?","?","?","?","E","R","E","T","?","R","M","?","?","R","BOSS","M","M","$","M","$","R","E","R","T","T","M","R","?","M","M","R","BOSS"],"items_purchased_type":["Relic","Card","Card","Card","Card","Relic","Card","Card","Card","Card","Relic","Card","Card"],"build_version":"2020-12-22","purchased_purges":4,"victory":true,"max_hp_per_floor":[63,63,63,63,63,63,63,63,63,63,63,63,63,63,63,63,63,63,63,63,63,63,63,63,63,63,63,63,63,63,63,63,63,63,63,63,63,63,63,63,63,63,63,63,63,63,63,63,63,63,63],"card_choices":[{"not_picked":["Catalyst","Bane"],"picked":"Quick Slash","floor":1.0},{"not_picked":["Cloak And Dagger","Deflect"],"picked":"Blade Dance","floor":2.0},{"not_picked":["Deflect","Dodge and Roll"],"picked":"PiercingWail","floor":6.0},{"not_picked":["Dodge and Roll","Infinite Blades"],"picked":"Masterful Stab","floor":8.0},{"not_picked":["Slice","Underhanded Strike","Poisoned Stab"],"picked":"SKIP","floor":10.0},{"not_picked":["Slice","Poisoned Stab"],"picked":"Underhanded Strike","floor":10.0},{"not_picked":["Noxious Fumes","PiercingWail","Infinite Blades"],"picked":"SKIP","floor":11.0},{"not_picked":["Venomology","Bullet Time"],"picked":"Tools of the Trade","floor":16.0},{"not_picked":["Dagger Spray","Prepared"],"picked":"Blade Dance","floor":18.0},{"not_picked":["Dodge and Roll","Dash","Slice+1"],"picked":"SKIP","floor":22.0},{"not_picked":["Choke","Eviscerate"],"picked":"Adrenaline","floor":23.0},{"not_picked":["PiercingWail","Dash+1"],"picked":"Tactician","floor":25.0},{"not_picked":["Backflip","Deadly Poison"],"picked":"Tactician","floor":29.0},{"not_picked":["Burst","Grand Finale"],"picked":"Doppelganger","floor":33.0},{"not_picked":["Dodge and Roll","Sucker Punch"],"picked":"Concentrate","floor":35.0},{"not_picked":["PiercingWail+1","Flying Knee+1"],"picked":"After Image","floor":36.0},{"not_picked":["Poisoned Stab","PiercingWail"],"picked":"Backflip+1","floor":38.0},{"not_picked":["Deflect","Predator"],"picked":"Blade Dance","floor":41.0},{"not_picked":["Quick Slash","Dagger Spray+1"],"picked":"Prepared+1","floor":45.0},{"not_picked":["PiercingWail+1","Infinite Blades+1","Venomology"],"picked":"SKIP","floor":48.0},{"not_picked":["Eviscerate","Dagger Spray+1","Sucker Punch+1"],"picked":"SKIP","floor":49}],"player_experience":346787,"relics_obtained":[{"floor":6.0,"key":"Shuriken"},{"floor":9.0,"key":"Eternal Feather"},{"floor":19.0,"key":"Enchiridion"},{"floor":23.0,"key":"MealTicket"},{"floor":25.0,"key":"Tingsha"},{"floor":26.0,"key":"Bronze Scales"},{"floor":41.0,"key":"Vajra"},{"floor":43.0,"key":"Torii"},{"floor":44.0,"key":"Omamori"}],"event_choices":[{"damage_healed":0.0,"max_hp_gain":0.0,"max_hp_loss":0.0,"gold_gain":0.0,"cards_transformed":["Strike_G"],"event_name":"Living Wall","player_choice":"Change","floor":3.0,"gold_loss":0.0,"damage_taken":0.0,"cards_obtained":["Bullet Time"]},{"damage_healed":0.0,"max_hp_gain":0.0,"max_hp_loss":0.0,"gold_gain":75.0,"event_name":"World of Goop","player_choice":"Gather Gold","floor":4.0,"gold_loss":0.0,"damage_taken":11.0},{"damage_healed":0.0,"max_hp_gain":0.0,"max_hp_loss":0.0,"gold_gain":0.0,"event_name":"Accursed Blacksmith","player_choice":"Forge","floor":7.0,"gold_loss":0.0,"damage_taken":0.0,"cards_upgraded":["Blade Dance"]},{"damage_healed":21.0,"max_hp_gain":0.0,"max_hp_loss":0.0,"gold_gain":0.0,"event_name":"Big Fish","player_choice":"Banana","floor":12.0,"gold_loss":0.0,"damage_taken":0.0},{"damage_healed":0.0,"max_hp_gain":0.0,"max_hp_loss":0.0,"gold_gain":0.0,"event_name":"Shining Light","player_choice":"Entered Light","floor":13.0,"gold_loss":0.0,"damage_taken":13.0,"cards_upgraded":["Defend_G","Bullet Time"]},{"damage_healed":0.0,"max_hp_gain":0.0,"max_hp_loss":0.0,"gold_gain":0.0,"event_name":"Cursed Tome","player_choice":"Obtained Book","floor":19.0,"gold_loss":0.0,"damage_taken":16.0},{"damage_healed":0.0,"max_hp_gain":0.0,"max_hp_loss":0.0,"gold_gain":0.0,"event_name":"The Mausoleum","player_choice":"Opened","floor":20.0,"gold_loss":0.0,"damage_taken":0.0,"relics_obtained":["Paper Crane"]},{"damage_healed":0.0,"max_hp_gain":0.0,"max_hp_loss":0.0,"gold_gain":0.0,"cards_transformed":["Strike_G"],"event_name":"Transmorgrifier","player_choice":"Transformed","floor":21.0,"gold_loss":0.0,"damage_taken":0.0,"cards_obtained":["All Out Attack"]},{"damage_healed":0.0,"max_hp_gain":0.0,"max_hp_loss":0.0,"gold_gain":0.0,"event_name":"Addict","player_choice":"Obtained Relic","floor":27.0,"gold_loss":85.0,"damage_taken":0.0,"relics_obtained":["Nunchaku"]},{"damage_healed":0.0,"max_hp_gain":0.0,"max_hp_loss":0.0,"gold_gain":99.0,"event_name":"Nest","player_choice":"Stole From Cult","floor":31.0,"gold_loss":0.0,"damage_taken":0.0},{"damage_healed":0.0,"max_hp_gain":0.0,"max_hp_loss":0.0,"gold_gain":0.0,"event_name":"Tomb of Lord Red Mask","player_choice":"Paid","floor":47.0,"gold_loss":126.0,"damage_taken":0.0,"relics_obtained":["Red Mask"]}],"is_beta":false,"boss_relics":[{"not_picked":["Calling Bell","Philosopher\u0027s Stone"],"picked":"Astrolabe"},{"not_picked":["Snecko Eye","Tiny House"],"picked":"HoveringKite"}],"items_purged_floors":[5,14,30,37],"is_endless":false,"potions_floor_spawned":[1,8,23,33,36,45],"ascension_level":1}}