{"host":"l15sdf2mmi0nobpi","time":1609158838,"event":{"mods":["ATMod(°¢èªMod)","Arknights The Spire","BaseMod","Highlight Path","Minty Spire (QoL Compilation)","Quick Restart","StSLib","¡¾¹¦ÄÜMod¡¿Neow½±Àø"],"gold_per_floor":[112,112,129,149,149,149,163,189,239,257,257,267,46,56,56,160,160,173,188,188,205,219,219,229,239,239,239,239,239,239],"floor_reached":29,"playtime":1920,"items_purged":["ats:Strike S"],"score":231,"play_id":"c4cf3464-ad9b-4303-b5ba-61bf0f249333","local_time":"20201228203358","is_ascension_mode":false,"campfire_choices":[{"data":"AT_FamilyPortrait","floor":6.0,"key":"SMITH"},{"data":"ats:Shadow Assault","floor":11.0,"key":"SMITH"},{"data":"ats:Ignite","floor":15.0,"key":"SMITH"},{"data":"ats:Healing Drone","floor":23,"key":"SMITH"},{"data":"ats:Emotion Absorption","floor":28,"key":"SMITH"}],"circlet_count":0,"master_deck":["ats:Strike C","ats:Strike G","ats:Strike V","ats:Armor Crushing Shot","ats:Defend","ats:Defend","ats:Defend","ats:Defend","ats:Emotion Absorption+1","AT_FamilyPortrait+1","ats:Shadow Assault+1","ats:Ignite+1","ats:Flame Of Heaven","ats:Blood Oath","ats:Healing Drone+1","ats:Apocalypse+1","ats:Counter Healing Mode+1","ats:Shell Defense+1"],"relics":["ats:Sanity","AT_ATBox","ats:MaxSp2","ats:Originium","Eternal Feather","AT_ArchangelStaff","Philosopher\u0027s Stone","Mercury Hourglass"],"acts_visited":["Exordium","TheCity"],"potions_floor_usage":[22,25],"damage_taken":[{"damage":0.0,"enemies":"Small Slimes","floor":1.0,"turns":3.0},{"damage":0.0,"enemies":"2 Louse","floor":3.0,"turns":4.0},{"damage":1.0,"enemies":"Cultist","floor":4.0,"turns":4.0},{"damage":8.0,"enemies":"Large Slime","floor":7.0,"turns":6.0},{"damage":63.0,"enemies":"3 Sentries","floor":8.0,"turns":9.0},{"damage":3.0,"enemies":"Gremlin Gang","floor":10.0,"turns":5.0},{"damage":11.0,"enemies":"Blue Slaver","floor":12.0,"turns":5.0},{"damage":12.0,"enemies":"Lots of Slimes","floor":14.0,"turns":20.0},{"damage":25.0,"enemies":"Slime Boss","floor":16.0,"turns":7.0},{"damage":10.0,"enemies":"3 Byrds","floor":18.0,"turns":5.0},{"damage":47.0,"enemies":"2 Thieves","floor":19.0,"turns":4.0},{"damage":48.0,"enemies":"Snecko","floor":21.0,"turns":8.0},{"damage":28,"enemies":"Shelled Parasite and Fungi","floor":22,"turns":8},{"damage":42,"enemies":"Cultist and Chosen","floor":24,"turns":6},{"damage":32,"enemies":"Snake Plant","floor":25,"turns":5},{"damage":26,"enemies":"Snecko","floor":29,"turns":6}],"seed_played":"-6122408371035050996","potions_obtained":[{"floor":1.0,"key":"Energy Potion"},{"floor":10.0,"key":"Swift Potion"},{"floor":14.0,"key":"CultistPotion"},{"floor":16.0,"key":"SpeedPotion"},{"floor":19.0,"key":"Dexterity Potion"},{"floor":24,"key":"Block Potion"},{"floor":27,"key":"FairyPotion"},{"floor":27,"key":"EntropicBrew"}],"is_trial":false,"path_per_floor":["M","?","M","M","?","R","M","E","T","M","R","M","$","M","R","B",null,"M","M","?","M","M","R","M","M","T","?","R","M"],"character_chosen":"DOCTOR_CLASS","items_purchased":["AT_ArchangelStaff"],"campfire_rested":0,"item_purchase_floors":[13],"current_hp_per_floor":[72,77,77,76,76,76,68,5,5,8,17,21,21,75,77,61,77,70,42,42,27,38,47,23,10,10,10,19,14,14],"gold":239,"neow_bonus":"RANDOM_COMMON_RELIC","is_daily":false,"chose_seed":false,"campfire_upgraded":5,"win_rate":0.0,"timestamp":1609158838,"path_taken":["M","?","M","M","?","R","M","E","T","M","R","M","$","?","R","BOSS","M","M","?","M","?","R","M","M","T","?","R","M"],"items_purchased_type":["Relic"],"build_version":"2020-12-22","purchased_purges":1,"victory":false,"max_hp_per_floor":[72,77,77,77,77,77,77,77,77,77,77,77,77,77,77,77,77,77,77,77,77,77,77,77,77,77,77,77,77,77],"card_choices":[{"not_picked":["ats:Curse Doll","ats:LN2 Cannon","ats:Powerful Strike"],"picked":"SKIP","floor":1.0},{"not_picked":["ats:Cat Scratch","ats:Leaping Hammer"],"picked":"ats:Shadow Assault","floor":3.0},{"not_picked":["ats:Curse Doll","ats:Hook Shot"],"picked":"ats:Ignite","floor":4.0},{"not_picked":["ats:Revitalization","ats:Powerful Strike"],"picked":"ats:Flame Of Heaven","floor":7.0},{"not_picked":["ats:Steam Pump","ats:Flexible Camouflage"],"picked":"ats:Blood Oath","floor":8.0},{"not_picked":["ats:Powerful Strike","ats:Soul Absorption"],"picked":"ats:Healing Drone","floor":10.0},{"not_picked":["ats:Ignite","ats:Spore Proliferation","ats:Dogmatic Field"],"picked":"SKIP","floor":12.0},{"not_picked":["ats:Blood Oath","ats:Explosion Area Strengthen","ats:Collapsing Strike"],"picked":"SKIP","floor":14.0},{"not_picked":["ats:Hammer On","ats:Revitalization"],"picked":"ats:Apocalypse+1","floor":18.0},{"not_picked":["ats:Assault Order","ats:Flexible Camouflage","ats:Steam Pump+1"],"picked":"SKIP","floor":19.0},{"not_picked":["ats:Spore Proliferation","ats:Consecutive Shot Auto"],"picked":"ats:Counter Healing Mode+1","floor":21.0},{"not_picked":["ats:Fractured Body","ats:Leaping Hammer"],"picked":"ats:Shell Defense+1","floor":22},{"not_picked":["ats:Steam Pump","ats:Consecutive Shot Auto+1","ats:Beaten Up+1"],"picked":"SKIP","floor":24},{"not_picked":["ats:Leaping Hammer","ats:Encircling Forest","ats:Support Order+1"],"picked":"SKIP","floor":25}],"player_experience":434061,"relics_obtained":[{"floor":8.0,"key":"ats:Originium"},{"floor":8.0,"key":"Eternal Feather"},{"floor":26,"key":"Mercury Hourglass"}],"event_choices":[{"damage_healed":0.0,"max_hp_gain":5.0,"max_hp_loss":0.0,"gold_gain":0.0,"event_name":"Big Fish","player_choice":"Donut","floor":2.0,"gold_loss":0.0,"damage_taken":0.0},{"damage_healed":0.0,"max_hp_gain":0.0,"max_hp_loss":0.0,"gold_gain":0.0,"event_name":"NoteForYourself","player_choice":"Ignored","floor":5.0,"gold_loss":0.0,"damage_taken":0.0},{"damage_healed":0.0,"max_hp_gain":0.0,"max_hp_loss":0.0,"gold_gain":0.0,"event_name":"Match and Keep!","player_choice":"0 cards matched","floor":20.0,"gold_loss":0.0,"damage_taken":0.0,"cards_obtained":[]},{"damage_healed":0,"gold_gain":0,"player_choice":"Got Potions","damage_taken":0,"max_hp_gain":0,"max_hp_loss":0,"event_name":"Lab","floor":27,"gold_loss":0}],"is_beta":false,"boss_relics":[{"not_picked":["Astrolabe","Snecko Eye"],"picked":"Philosopher\u0027s Stone"}],"items_purged_floors":[13],"is_endless":false,"potions_floor_spawned":[1,10,14,16,19,24],"killed_by":"Snecko","ascension_level":0}}