{"host":"5bdt6s51dmpd4l3v","time":1609123401,"event":{"mods":["AchievementEnabler","BaseMod","Colored Map","Colored Powertips","Highlight Path","Minty Spire (QoL Compilation)","Quick Restart","Rare Cards Sparkle","StSLib"],"gold_per_floor":[115,90,90,1,16,16,45,64,91,91,91],"floor_reached":10,"playtime":121,"items_purged":[],"score":173,"play_id":"f8292358-28ad-4863-ad7d-eb2c3977d6da","local_time":"20201228104321","is_ascension_mode":true,"campfire_choices":[{"data":"Flex","floor":6,"key":"SMITH"}],"circlet_count":0,"master_deck":["AscendersBane","Strike_R","Strike_R","Strike_R","Strike_R","Strike_R","Defend_R","Defend_R","Defend_R","Bash","Flex+1","Sword Boomerang","Spot Weakness","Seeing Red","Thunderclap"],"relics":["Burning Blood","NeowsBlessing","Pen Nib","Regal Pillow"],"acts_visited":["Exordium"],"potions_floor_usage":[],"damage_taken":[{"damage":0,"enemies":"Cultist","floor":1,"turns":1},{"damage":0,"enemies":"2 Louse","floor":5,"turns":1},{"damage":0,"enemies":"3 Sentries","floor":7,"turns":2},{"damage":14,"enemies":"Jaw Worm","floor":8,"turns":4},{"damage":0,"enemies":"Lagavulin","floor":10,"turns":2}],"seed_played":"5140518762853030555","potions_obtained":[{"floor":1,"key":"LiquidBronze"},{"floor":7,"key":"Dexterity Potion"}],"is_trial":false,"path_per_floor":["M","$","?","$","M","R","E","M","T","E"],"character_chosen":"IRONCLAD","items_purchased":["Sword Boomerang","Spot Weakness"],"campfire_rested":0,"item_purchase_floors":[2,4],"current_hp_per_floor":[74,74,74,74,75,75,75,67,67,67,67],"gold":91,"neow_bonus":"THREE_ENEMY_KILL","is_daily":false,"chose_seed":false,"campfire_upgraded":1,"win_rate":0.0,"timestamp":1609123401,"path_taken":["M","$","?","?","?","R","E","M","T","E"],"items_purchased_type":["Card","Card"],"build_version":"2020-12-22","purchased_purges":0,"victory":false,"max_hp_per_floor":[75,75,75,75,75,75,75,75,75,75,75],"card_choices":[{"not_picked":["Dropkick","Seeing Red"],"picked":"Flex","floor":1},{"not_picked":["Intimidate","Burning Pact"],"picked":"Seeing Red","floor":5},{"not_picked":["Heavy Blade","Searing Blow","Iron Wave"],"picked":"SKIP","floor":7},{"not_picked":["Clothesline","Perfected Strike"],"picked":"Thunderclap","floor":8}],"player_experience":268330,"relics_obtained":[{"floor":7,"key":"Pen Nib"},{"floor":9,"key":"Regal Pillow"}],"event_choices":[{"cards_removed":["Defend_R"],"damage_healed":0,"gold_gain":0,"player_choice":"Offered Basic","damage_taken":0,"max_hp_gain":0,"max_hp_loss":0,"event_name":"Bonfire Elementals","floor":3,"gold_loss":0}],"is_beta":false,"boss_relics":[],"items_purged_floors":[],"is_endless":false,"potions_floor_spawned":[1,7],"killed_by":"Lagavulin","ascension_level":18}}