{"host":"utqe55yv0jihe4d6","time":1609190177,"event":{"mods":["2.2 Compatiblity","AchievementEnabler","BaseMod","Block Reminder","Colored Map","Colored Powertips","Minty Spire (QoL Compilation)","Quick Restart","Rare Cards Sparkle","Relic Stats","SuperFastMode"],"gold_per_floor":[115,115,129,142,155,155,181,181,181,181,211,136,211,225,225,304,304,320,8,27,27,27,61,61,72,96,96,96,126,142,154,154,228,228,241,261,301,301,301,351,159,184,196,244,295,325,364,412,424,436,448,448],"floor_reached":51,"playtime":3168,"items_purged":["Strike_P","Defend_P"],"score":1628,"play_id":"96874e92-8795-416d-8ec1-99e8c878a0bd","local_time":"20201228161617","is_ascension_mode":true,"campfire_choices":[{"data":"Eruption","floor":6.0,"key":"SMITH"},{"data":"CrushJoints","floor":8.0,"key":"SMITH"},{"data":"SandsOfTime","floor":10.0,"key":"SMITH"},{"data":"Devotion","floor":15.0,"key":"SMITH"},{"data":"Ghostly","floor":24.0,"key":"SMITH"},{"data":"Ghostly","floor":28.0,"key":"SMITH"},{"data":"Ghostly","floor":32.0,"key":"SMITH"},{"floor":49,"key":"RECALL"}],"circlet_count":0,"master_deck":["AscendersBane","Defend_P","Eruption+1","Vigilance","SandsOfTime+1","ThirdEye","SashWhip","Prostrate","ClearTheMind","CrushJoints+1","Devotion+1","ThirdEye","Ragnarok","Study+1","Establishment+1","DeusExMachina+1","Nirvana+1","Wireheading","WindmillStrike","Ghostly+1","Ghostly+1","Ghostly+1","Worship","Wallop","WreathOfFlame+1","Nirvana","Wish","CutThroughFate+1","MentalFortress","LikeWater+1","Trip","FearNoEvil","Wireheading+1"],"relics":["Runic Pyramid","Eternal Feather","TeardropLocket","Meat on the Bone","Astrolabe","OrangePellets","HornCleat","MealTicket","Shuriken","Sozu","Frozen Egg 2","MawBank","Strawberry"],"acts_visited":["Exordium","TheCity","TheBeyond"],"potions_floor_usage":[],"damage_taken":[{"damage":0.0,"enemies":"2 Louse","floor":1.0,"turns":2.0},{"damage":0.0,"enemies":"Cultist","floor":3.0,"turns":4.0},{"damage":2.0,"enemies":"Jaw Worm","floor":4.0,"turns":3.0},{"damage":10.0,"enemies":"3 Louse","floor":5.0,"turns":3.0},{"damage":12.0,"enemies":"Gremlin Nob","floor":7.0,"turns":3.0},{"damage":18.0,"enemies":"3 Sentries","floor":11.0,"turns":5.0},{"damage":7.0,"enemies":"Exordium Wildlife","floor":14.0,"turns":4.0},{"damage":14.0,"enemies":"Hexaghost","floor":16.0,"turns":7.0},{"damage":17.0,"enemies":"Spheric Guardian","floor":18.0,"turns":4.0},{"damage":31.0,"enemies":"3 Byrds","floor":20.0,"turns":5.0},{"damage":23.0,"enemies":"Slavers","floor":23.0,"turns":5.0},{"damage":2.0,"enemies":"Centurion and Healer","floor":25.0,"turns":4.0},{"damage":3.0,"enemies":"Book of Stabbing","floor":29.0,"turns":5.0},{"damage":20.0,"enemies":"Shelled Parasite and Fungi","floor":30.0,"turns":2.0},{"damage":4.0,"enemies":"Cultist and Chosen","floor":31.0,"turns":3.0},{"damage":0.0,"enemies":"Champ","floor":33.0,"turns":7.0},{"damage":4.0,"enemies":"3 Darklings","floor":35.0,"turns":4.0},{"damage":8.0,"enemies":"3 Shapes","floor":36.0,"turns":5.0},{"damage":0.0,"enemies":"Maw","floor":37.0,"turns":7.0},{"damage":6.0,"enemies":"Nemesis","floor":40.0,"turns":7.0},{"damage":1.0,"enemies":"Giant Head","floor":42.0,"turns":5.0},{"damage":13.0,"enemies":"3 Darklings","floor":44.0,"turns":6.0},{"damage":20.0,"enemies":"Transient","floor":45.0,"turns":6.0},{"damage":9.0,"enemies":"Writhing Mass","floor":46.0,"turns":6.0},{"damage":3,"enemies":"Nemesis","floor":47,"turns":5},{"damage":3,"enemies":"3 Darklings","floor":48,"turns":6},{"damage":29,"enemies":"Donu and Deca","floor":50,"turns":10},{"damage":49,"enemies":"Awakened One","floor":51,"turns":3}],"seed_played":"3904982542650619052","potions_obtained":[{"floor":1.0,"key":"StancePotion"},{"floor":11.0,"key":"SteroidPotion"},{"floor":14.0,"key":"Block Potion"},{"floor":16.0,"key":"BottledMiracle"},{"floor":18.0,"key":"Regen Potion"},{"floor":23.0,"key":"Ambrosia"},{"floor":25.0,"key":"Strength Potion"}],"is_trial":false,"path_per_floor":["M","?","M","M","M","R","E","R","T","R","E","?","?","M","R","B",null,"M","$","M","?","?","E","R","M","T","?","R","E","M","M","R","B",null,"M","M","M","?","?","E","$","E","T","M","M","M","E","M","R","B","B"],"character_chosen":"WATCHER","items_purchased":["Wireheading","OrangePellets","Trip"],"campfire_rested":0,"item_purchase_floors":[19,19,41],"current_hp_per_floor":[61,61,61,59,49,49,37,46,46,55,37,37,26,31,40,38,61,44,44,39,34,34,23,34,32,32,25,39,36,28,24,39,39,39,35,27,27,27,27,21,36,35,35,22,14,17,33,30,46,29,0,0],"gold":448,"neow_bonus":"BOSS_RELIC","is_daily":false,"chose_seed":false,"campfire_upgraded":7,"win_rate":0.0,"timestamp":1609190177,"path_taken":["M","?","?","M","M","R","E","R","T","R","E","?","?","?","R","BOSS","M","$","M","?","?","E","R","M","T","?","R","E","?","M","R","BOSS","M","M","M","?","?","E","$","E","T","?","M","M","E","M","R","BOSS","BOSS"],"items_purchased_type":["Card","Relic","Card"],"build_version":"2020-12-22","purchased_purges":2,"victory":false,"max_hp_per_floor":[68,68,68,68,68,68,68,68,68,68,68,68,68,68,68,68,68,68,68,68,34,34,34,34,34,34,39,39,39,39,39,39,39,39,39,39,39,39,39,39,39,39,39,39,39,39,46,46,46,46,46,46],"relic_stats":{"Sozu":7,"OrangePellets":[6],"counters":[28,136],"Shuriken":[11],"Astrolabe":["Study","Establishment","DeusExMachina"],"Eternal Feather":83,"MealTicket":15,"MawBank":108,"obtain_stats":[{"Astrolabe":17,"Eternal Feather":7,"TeardropLocket":9,"Frozen Egg 2":40,"MawBank":42,"Sozu":34,"OrangePellets":19,"HornCleat":23,"Shuriken":29,"Strawberry":47,"MealTicket":26,"PureWater":0,"Runic Pyramid":0,"Meat on the Bone":11},{"Astrolabe":8,"Eternal Feather":5,"TeardropLocket":5,"Frozen Egg 2":20,"MawBank":21,"Sozu":16,"OrangePellets":9,"HornCleat":11,"Shuriken":13,"Strawberry":25,"MealTicket":12,"PureWater":0,"Runic Pyramid":0,"Meat on the Bone":6},{"Astrolabe":31,"Eternal Feather":15,"TeardropLocket":15,"Frozen Egg 2":89,"MawBank":94,"Sozu":66,"OrangePellets":35,"HornCleat":45,"Shuriken":54,"Strawberry":117,"MealTicket":49,"PureWater":0,"Runic Pyramid":0,"Meat on the Bone":20}],"Meat on the Bone":108},"card_choices":[{"not_picked":["CarveReality","Meditate"],"picked":"SandsOfTime","floor":1.0},{"not_picked":["FlurryOfBlows","FlyingSleeves"],"picked":"SashWhip","floor":3.0},{"not_picked":["FollowUp","Judgement"],"picked":"Prostrate","floor":4.0},{"not_picked":["JustLucky","FlyingSleeves"],"picked":"ClearTheMind","floor":5.0},{"not_picked":["Worship","Evaluate"],"picked":"CrushJoints","floor":7.0},{"not_picked":["BowlingBash","Omniscience"],"picked":"Devotion","floor":11.0},{"not_picked":["BattleHymn","Crescendo"],"picked":"ThirdEye","floor":14.0},{"not_picked":["Judgement","ConjureBlade"],"picked":"Ragnarok","floor":16.0},{"not_picked":["Evaluate","EmptyFist"],"picked":"Nirvana+1","floor":18.0},{"not_picked":["FlurryOfBlows+1","Weave"],"picked":"WindmillStrike","floor":20.0},{"not_picked":["ThirdEye","SignatureMove"],"picked":"Worship","floor":23.0},{"not_picked":["CutThroughFate","ForeignInfluence"],"picked":"Wallop","floor":25.0},{"not_picked":["Consecrate","BattleHymn"],"picked":"WreathOfFlame+1","floor":29.0},{"not_picked":["PathToVictory","Halt","CarveReality"],"picked":"SKIP","floor":30.0},{"not_picked":["EmptyMind","CarveReality"],"picked":"Nirvana","floor":31.0},{"not_picked":["Judgement","Establishment"],"picked":"Wish","floor":33.0},{"not_picked":["SandsOfTime","Protect"],"picked":"CutThroughFate+1","floor":35.0},{"not_picked":["Conclude","Crescendo"],"picked":"MentalFortress","floor":36.0},{"not_picked":["ClearTheMind","FlyingSleeves","JustLucky"],"picked":"SKIP","floor":37.0},{"not_picked":["Evaluate","Weave"],"picked":"LikeWater+1","floor":40.0},{"not_picked":["Crescendo","FlurryOfBlows","ThirdEye"],"picked":"SKIP","floor":42.0},{"not_picked":["Crescendo","Halt"],"picked":"FearNoEvil","floor":44.0},{"not_picked":["Sanctity","JustLucky","Halt+1"],"picked":"SKIP","floor":45.0},{"not_picked":["Crescendo+1","SashWhip","Sanctity+1"],"picked":"SKIP","floor":46.0},{"not_picked":["Weave+1","Scrawl"],"picked":"Wireheading+1","floor":47},{"not_picked":["Halt","JustLucky","EmptyMind"],"picked":"SKIP","floor":48}],"player_experience":2883700,"relics_obtained":[{"floor":7.0,"key":"Eternal Feather"},{"floor":9.0,"key":"TeardropLocket"},{"floor":11.0,"key":"Meat on the Bone"},{"floor":23.0,"key":"HornCleat"},{"floor":26.0,"key":"MealTicket"},{"floor":29.0,"key":"Shuriken"},{"floor":40.0,"key":"Frozen Egg 2"},{"floor":42.0,"key":"MawBank"},{"floor":47,"key":"Strawberry"}],"event_choices":[{"damage_healed":0.0,"max_hp_gain":0.0,"max_hp_loss":0.0,"gold_gain":0.0,"cards_transformed":["Defend_P"],"event_name":"Transmorgrifier","player_choice":"Transformed","floor":2.0,"gold_loss":0.0,"damage_taken":0.0,"cards_obtained":["ThirdEye"]},{"cards_removed":["Strike_P"],"damage_healed":0.0,"max_hp_gain":0.0,"max_hp_loss":0.0,"gold_gain":0.0,"event_name":"The Cleric","player_choice":"Card Removal","floor":12.0,"gold_loss":75.0,"damage_taken":0.0},{"damage_healed":0.0,"max_hp_gain":0.0,"max_hp_loss":0.0,"gold_gain":75.0,"event_name":"World of Goop","player_choice":"Gather Gold","floor":13.0,"gold_loss":0.0,"damage_taken":11.0},{"damage_healed":0.0,"max_hp_gain":0.0,"max_hp_loss":34.0,"gold_gain":0.0,"event_name":"Ghosts","player_choice":"Became a Ghost","floor":21.0,"gold_loss":0.0,"damage_taken":0.0,"cards_obtained":["Ghostly","Ghostly","Ghostly"]},{"damage_healed":0.0,"max_hp_gain":0.0,"max_hp_loss":0.0,"gold_gain":0.0,"event_name":"The Mausoleum","player_choice":"Ignored","floor":22.0,"gold_loss":0.0,"damage_taken":0.0},{"damage_healed":0.0,"max_hp_gain":5.0,"max_hp_loss":0.0,"gold_gain":0.0,"event_name":"Forgotten Altar","player_choice":"Shed Blood","floor":27.0,"gold_loss":0.0,"damage_taken":12.0},{"damage_healed":0.0,"max_hp_gain":0.0,"max_hp_loss":0.0,"gold_gain":0.0,"event_name":"Tomb of Lord Red Mask","player_choice":"Ignored","floor":38.0,"gold_loss":0.0,"damage_taken":0.0},{"damage_healed":0.0,"max_hp_gain":0.0,"max_hp_loss":0.0,"gold_gain":0.0,"event_name":"Lab","player_choice":"Got Potions","floor":39.0,"gold_loss":0.0,"damage_taken":0.0}],"is_beta":false,"boss_relics":[{"not_picked":["SlaversCollar","SacredBark"],"picked":"Astrolabe"},{"not_picked":["Cursed Key","Philosopher\u0027s Stone"],"picked":"Sozu"}],"items_purged_floors":[19,41],"is_endless":false,"potions_floor_spawned":[1,11,14,16,18,23,25,36,40,42,45,46],"killed_by":"Awakened One","ascension_level":20}}