{"host":"jm9833yuloeli2yd","time":1609120738,"event":{"mods":["AchievementEnabler","BaseMod","Better Altar","Better Match","Better Note","Better Sensory Stone","Better Skull","Better Third Choice","Better Vampires","BetterRewards","Colored Map","Colored Powertips","DeckTracker","Marked Mod","Minty Spire (QoL Compilation)","Permanent Neow","Quick Restart","StSLib","SuperFastMode"],"gold_per_floor":[119,133,133,133,150,150,150,189,189,189,189,114,114,26,26,115,115,136,157,27,52,52,88,106,106,106,126,126,151,164,180,180,271,271,296,32,55,55,75,75,113,113,139,174,205,265,296,78,78,78,78,78,78,10,10,10],"floor_reached":55,"playtime":2008,"items_purged":["Strike_B","Strike_B"],"score":2021,"play_id":"6e73355c-d25b-46cf-99bb-f31d73670d8a","local_time":"20201227205858","is_ascension_mode":true,"campfire_choices":[{"data":"Defragment","floor":6,"key":"SMITH"},{"floor":11,"key":"REST"},{"data":"Zap","floor":13,"key":"SMITH"},{"data":"Defragment","floor":15,"key":"SMITH"},{"floor":25,"key":"REST"},{"data":"Defragment","floor":32,"key":"SMITH"},{"data":"Strike_B","floor":40,"key":"PURGE"},{"data":"Defend_B","floor":42,"key":"PURGE"},{"floor":49,"key":"RECALL"},{"data":"Cold Snap","floor":53,"key":"PURGE"}],"circlet_count":0,"master_deck":["AscendersBane","Defend_B","Defend_B","Defend_B","Zap+1","Dualcast","Creative AI","Defragment+1","Steam","Turbo","Defragment+1","Reboot","Conserve Battery+1","Hologram","Self Repair","Glacier","Rainbow","Storm+1","Self Repair","Master of Strategy","Blind","Stack","Capacitor","Defragment+1","Amplify","Lockon","Hologram","Hologram+1","Buffer","Defragment"],"relics":["Cracked Core","WarpedTongs","Golden Idol","Blue Candle","Oddly Smooth Stone","MealTicket","Philosopher\u0027s Stone","Pocketwatch","Peace Pipe","Nuclear Battery","ClockworkSouvenir","Centennial Puzzle","Pantograph","Torii","Thread and Needle","CeramicFish","PreservedInsect"],"acts_visited":["Exordium","TheCity","TheBeyond","TheEnding"],"potions_floor_usage":[19,21,23,31,33,33,37,51],"damage_taken":[{"damage":8,"enemies":"Small Slimes","floor":1,"turns":3},{"damage":10,"enemies":"2 Louse","floor":2,"turns":3},{"damage":0,"enemies":"Cultist","floor":5,"turns":3},{"damage":29,"enemies":"3 Sentries","floor":8,"turns":9},{"damage":21,"enemies":"Hexaghost","floor":16,"turns":12},{"damage":7,"enemies":"3 Byrds","floor":18,"turns":5},{"damage":0,"enemies":"Chosen","floor":19,"turns":5},{"damage":17,"enemies":"Snake Plant","floor":21,"turns":6},{"damage":25,"enemies":"Slavers","floor":23,"turns":8},{"damage":20,"enemies":"Snecko","floor":24,"turns":7},{"damage":3,"enemies":"3 Cultists","floor":27,"turns":5},{"damage":9,"enemies":"Shelled Parasite and Fungi","floor":29,"turns":7},{"damage":10,"enemies":"Centurion and Healer","floor":30,"turns":4},{"damage":3,"enemies":"Cultist and Chosen","floor":31,"turns":5},{"damage":0,"enemies":"Collector","floor":33,"turns":6},{"damage":27,"enemies":"3 Darklings","floor":35,"turns":6},{"damage":22,"enemies":"3 Shapes","floor":37,"turns":2},{"damage":11,"enemies":"3 Darklings","floor":39,"turns":5},{"damage":17,"enemies":"Giant Head","floor":41,"turns":7},{"damage":9,"enemies":"Nemesis","floor":44,"turns":5},{"damage":0,"enemies":"Mind Bloom Boss Battle","floor":45,"turns":4},{"damage":13,"enemies":"2 Orb Walkers","floor":46,"turns":4},{"damage":0,"enemies":"Giant Head","floor":47,"turns":7},{"damage":45,"enemies":"Time Eater","floor":50,"turns":5},{"damage":24,"enemies":"Donu and Deca","floor":51,"turns":3},{"damage":72,"enemies":"Shield and Spear","floor":55,"turns":3}],"seed_played":"4697281807641134841","potions_obtained":[{"floor":5,"key":"SpeedPotion"},{"floor":18,"key":"AttackPotion"},{"floor":24,"key":"SteroidPotion"},{"floor":29,"key":"Explosive Potion"},{"floor":30,"key":"FocusPotion"},{"floor":31,"key":"GamblersBrew"},{"floor":33,"key":"Explosive Potion"},{"floor":35,"key":"Strength Potion"},{"floor":41,"key":"SpeedPotion"},{"floor":45,"key":"BlessingOfTheForge"}],"is_trial":false,"path_per_floor":["M","M","?","?","M","R","?","E","T","?","R","?","R","$","R","B",null,"M","M","$","M","?","E","M","R","T","M","?","M","M","M","R","B",null,"M","$","M","?","M","R","E","R","T","E","?","?","E","$","R","B","B",null,"R","$","E"],"character_chosen":"DEFECT","items_purchased":["Defragment","Dexterity Potion","ClockworkSouvenir","PreservedInsect","PowerPotion","Defragment"],"campfire_rested":2,"item_purchase_floors":[14,20,36,48,48,54],"current_hp_per_floor":[56,46,51,51,51,51,51,22,22,4,24,24,24,39,39,18,56,49,49,64,47,47,32,19,39,39,36,36,44,48,52,52,66,68,55,69,61,61,69,69,69,69,69,69,69,63,69,69,69,38,39,62,62,69,0,0],"gold":10,"neow_bonus":"ONE_RANDOM_RARE_CARD","is_daily":false,"chose_seed":false,"campfire_upgraded":4,"win_rate":0.0,"timestamp":1609120738,"path_taken":["M","M","?","?","?","R","?","E","T","?","R","?","R","?","R","BOSS","M","?","$","M","?","E","M","R","T","M","?","M","M","M","R","BOSS","M","$","M","?","M","R","E","R","T","E","?","?","E","$","R","BOSS","BOSS","R","$","E"],"items_purchased_type":["Card","Potion","Relic","Relic","Potion","Card"],"build_version":"2020-12-22","purchased_purges":2,"victory":false,"max_hp_per_floor":[71,71,76,76,76,76,69,69,69,69,69,69,69,69,69,69,69,69,69,69,69,69,69,69,69,69,69,69,69,69,69,69,69,69,69,69,69,69,69,69,69,69,69,69,69,69,69,69,69,69,69,69,69,69,69,69],"card_choices":[{"not_picked":["Streamline","Leap"],"picked":"Defragment","floor":1},{"not_picked":["Rebound","Streamline"],"picked":"Cold Snap","floor":2},{"not_picked":["Hologram","Storm"],"picked":"Steam","floor":5},{"not_picked":["Streamline","Compile Driver"],"picked":"Turbo","floor":8},{"not_picked":["Multi-Cast","Hyperbeam"],"picked":"Reboot","floor":16},{"not_picked":["Rebound","Compile Driver"],"picked":"Conserve Battery+1","floor":18},{"not_picked":["Redo","Hyperbeam"],"picked":"Hologram","floor":19},{"not_picked":["Go for the Eyes","Rebound"],"picked":"Self Repair","floor":21},{"not_picked":["Redo","Steam Power"],"picked":"Rainbow","floor":23},{"not_picked":["Cold Snap","Streamline"],"picked":"Storm+1","floor":24},{"not_picked":["Reprogram","Rip and Tear"],"picked":"Self Repair","floor":27},{"not_picked":["Good Instincts","Apotheosis"],"picked":"Master of Strategy","floor":28},{"not_picked":["Jack Of All Trades","PanicButton"],"picked":"Blind","floor":28},{"not_picked":["Rip and Tear","Rebound"],"picked":"Stack","floor":29},{"not_picked":["Hologram","Compile Driver"],"picked":"Capacitor","floor":30},{"not_picked":["Double Energy","Rebound"],"picked":"Defragment","floor":31},{"not_picked":["Multi-Cast","Biased Cognition"],"picked":"Amplify","floor":33},{"not_picked":["Doom and Gloom+1","Rip and Tear","Self Repair"],"picked":"SKIP","floor":35},{"not_picked":["Redo+1","Beam Cell","Self Repair"],"picked":"SKIP","floor":37},{"not_picked":["FTL","Conserve Battery"],"picked":"Lockon","floor":39},{"not_picked":["BootSequence","Leap","Genetic Algorithm"],"picked":"SKIP","floor":41},{"not_picked":["Skim","Gash"],"picked":"Hologram","floor":44},{"not_picked":["Stack","Blizzard"],"picked":"Hologram+1","floor":45},{"not_picked":["Melter","Recycle"],"picked":"Buffer","floor":46},{"not_picked":["Rebound","Reprogram","BootSequence+1"],"picked":"SKIP","floor":47}],"player_experience":1162703,"relics_obtained":[{"floor":8,"key":"Blue Candle"},{"floor":9,"key":"Oddly Smooth Stone"},{"floor":23,"key":"Pocketwatch"},{"floor":26,"key":"Peace Pipe"},{"floor":41,"key":"Centennial Puzzle"},{"floor":44,"key":"Pantograph"},{"floor":45,"key":"Torii"},{"floor":46,"key":"Thread and Needle"},{"floor":47,"key":"CeramicFish"}],"event_choices":[{"damage_healed":0,"gold_gain":0,"player_choice":"Donut","damage_taken":0,"max_hp_gain":5,"max_hp_loss":0,"event_name":"Big Fish","floor":3,"gold_loss":0},{"damage_healed":0,"gold_gain":0,"player_choice":"Rummage","damage_taken":0,"relics_obtained":["WarpedTongs"],"max_hp_gain":0,"max_hp_loss":0,"event_name":"Accursed Blacksmith","floor":4,"gold_loss":0,"cards_obtained":["Pain"]},{"damage_healed":0,"gold_gain":0,"player_choice":"Lose Max HP","damage_taken":0,"relics_obtained":["Golden Idol"],"max_hp_gain":0,"max_hp_loss":7,"event_name":"Golden Idol","floor":7,"gold_loss":0},{"damage_healed":0,"gold_gain":0,"player_choice":"Relic ","damage_taken":18,"max_hp_gain":0,"max_hp_loss":0,"event_name":"betterThird:BetterScrap","floor":10,"gold_loss":0,"cards_obtained":["Immolate"]},{"cards_removed":["Pain"],"damage_healed":0,"gold_gain":0,"player_choice":"Card Removal","damage_taken":0,"max_hp_gain":0,"max_hp_loss":0,"event_name":"The Cleric","floor":12,"gold_loss":75},{"damage_healed":0,"gold_gain":0,"player_choice":"Read","damage_taken":0,"max_hp_gain":0,"max_hp_loss":0,"event_name":"The Library","floor":22,"gold_loss":0,"cards_obtained":["Glacier"]},{"damage_healed":0,"gold_gain":2,"player_choice":"1","damage_taken":0,"max_hp_gain":0,"max_hp_loss":0,"event_name":"betterStone:BetterStone","floor":28,"gold_loss":0},{"cards_removed":["Strike_B"],"damage_healed":0,"gold_gain":0,"player_choice":"Removed Attack","damage_taken":0,"max_hp_gain":0,"max_hp_loss":0,"event_name":"Falling","floor":38,"gold_loss":0},{"damage_healed":0,"gold_gain":0,"player_choice":"Fight","damage_taken":0,"max_hp_gain":0,"max_hp_loss":0,"event_name":"MindBloom","floor":45,"gold_loss":0},{"damage_healed":0,"gold_gain":0,"player_choice":"Fight","damage_taken":0,"max_hp_gain":0,"max_hp_loss":0,"event_name":"Mysterious Sphere","floor":46,"gold_loss":0}],"is_beta":false,"boss_relics":[{"not_picked":["SlaversCollar","Snecko Eye"],"picked":"Philosopher\u0027s Stone"},{"not_picked":["Tiny House","FrozenCore"],"picked":"Nuclear Battery"}],"items_purged_floors":[20,36],"is_endless":false,"potions_floor_spawned":[5,18,24,29,30,31,33,35,41,45],"killed_by":"Shield and Spear","ascension_level":20}}