{"host":"k85tjwrh7mjrrc9a","time":1609123611,"event":{"mods":["AchievementEnabler","BaseMod","Colored Powertips","Highlight Path","Minty Spire (QoL Compilation)","Rare Cards Sparkle","StSLib"],"gold_per_floor":[118,118,118,137,62,91,102,102,102,177,177,128,128,158,158,257,257,273,287,287,287,306,306,336,348,348,248,248,258,270,195,195,293,293,305,305,318,318,50,82,82,82,133,146,165,165,165,165],"floor_reached":47,"playtime":2526,"items_purged":["Regret","Pain","Strike_R"],"score":657,"play_id":"fe7033d2-b6f2-4c25-984f-ca72b626d0f4","local_time":"20201227214651","is_ascension_mode":true,"campfire_choices":[{"floor":8,"key":"REST"},{"data":"Iron Wave","floor":11,"key":"SMITH"},{"floor":15,"key":"REST"},{"data":"Demon Form","floor":23,"key":"SMITH"},{"floor":32,"key":"REST"},{"data":"Madness","floor":41,"key":"SMITH"}],"circlet_count":0,"master_deck":["Strike_R","Strike_R","Strike_R","Strike_R","Defend_R","Defend_R","Defend_R","Defend_R+1","Bash+1","Twin Strike","Cleave","Iron Wave+1","Thunderclap","Shrug It Off","Heavy Blade","Demon Form+1","Inflame","Flex+1","Shrug It Off+1","Dual Wield","Pommel Strike","Inflame","Shrug It Off+1","Double Tap","Shrug It Off+1","Battle Trance+1","Heavy Blade","Madness","Madness+1","Iron Wave+1","Decay","Shame","Flex+1","Heavy Blade+1","Parasite","Evolve+1","Writhe"],"relics":["Burning Blood","Red Skull","Matryoshka","Oddly Smooth Stone","PreservedInsect","Strawberry","Boot","Cursed Key","Prayer Wheel","Self Forming Clay","Bottled Tornado","Lizard Tail","Sozu","Pen Nib","Mercury Hourglass","War Paint","White Beast Statue"],"acts_visited":["Exordium","TheCity","TheBeyond"],"potions_floor_usage":[30,44,47,47],"damage_taken":[{"damage":1,"enemies":"Cultist","floor":1,"turns":3},{"damage":4,"enemies":"Small Slimes","floor":4,"turns":3},{"damage":53,"enemies":"Lagavulin","floor":6,"turns":8},{"damage":2,"enemies":"2 Louse","floor":7,"turns":2},{"damage":24,"enemies":"Gremlin Nob","floor":14,"turns":4},{"damage":53,"enemies":"Hexaghost","floor":16,"turns":11},{"damage":3,"enemies":"Chosen","floor":18,"turns":4},{"damage":4,"enemies":"3 Byrds","floor":19,"turns":5},{"damage":30,"enemies":"Snake Plant","floor":22,"turns":3},{"damage":40,"enemies":"Gremlin Leader","floor":24,"turns":5},{"damage":9,"enemies":"Chosen and Byrds","floor":25,"turns":4},{"damage":2,"enemies":"Snecko","floor":29,"turns":3},{"damage":6,"enemies":"Cultist and Chosen","floor":30,"turns":4},{"damage":58,"enemies":"Automaton","floor":33,"turns":7},{"damage":13,"enemies":"3 Shapes","floor":35,"turns":3},{"damage":6,"enemies":"Orb Walker","floor":37,"turns":3},{"damage":7,"enemies":"Giant Head","floor":40,"turns":5},{"damage":37,"enemies":"Sphere and 2 Shapes","floor":44,"turns":4},{"damage":26,"enemies":"Writhing Mass","floor":45,"turns":3},{"damage":34,"enemies":"3 Darklings","floor":47,"turns":1}],"seed_played":"8963154449748911691","potions_obtained":[{"floor":7,"key":"DuplicationPotion"},{"floor":16,"key":"DuplicationPotion"},{"floor":24,"key":"BloodPotion"},{"floor":33,"key":"Weak Potion"}],"is_trial":false,"path_per_floor":["M","?","?","M","$","E","M","R","T","?","R","$","?","E","R","B",null,"M","M","?","?","M","R","E","M","T","$","?","M","M","?","R","B",null,"M","?","M","?","$","E","R","?","T","M","M","T","M"],"character_chosen":"IRONCLAD","items_purchased":["Shrug It Off","Pen Nib"],"campfire_rested":3,"item_purchase_floors":[12,39],"current_hp_per_floor":[80,80,80,80,80,33,37,61,68,57,57,57,57,39,65,18,87,87,87,71,71,47,47,13,10,10,10,10,14,14,14,40,49,87,80,80,80,69,69,68,68,68,68,37,17,17,0,0],"gold":165,"neow_bonus":"RANDOM_COMMON_RELIC","is_daily":false,"chose_seed":false,"campfire_upgraded":3,"win_rate":0.0,"timestamp":1609123611,"path_taken":["M","?","?","M","$","E","M","R","T","?","R","$","?","E","R","BOSS","M","M","?","?","M","R","E","?","T","?","?","M","M","?","R","BOSS","M","?","M","?","$","E","R","?","T","M","?","?","M"],"items_purchased_type":["Card","Relic"],"build_version":"2020-12-22","purchased_purges":3,"victory":false,"max_hp_per_floor":[80,80,80,80,80,80,80,80,87,87,87,87,87,87,87,87,87,87,87,87,87,87,87,87,87,87,87,87,87,87,87,87,87,87,87,87,87,87,87,87,87,87,87,87,87,87,87,87],"card_choices":[{"not_picked":["Combust","Disarm"],"picked":"Twin Strike","floor":1},{"not_picked":["Perfected Strike","Anger"],"picked":"Cleave","floor":4},{"not_picked":["Havoc","Sever Soul"],"picked":"Iron Wave","floor":6},{"not_picked":["Power Through","Flex"],"picked":"Thunderclap","floor":7},{"not_picked":["Corruption","Perfected Strike"],"picked":"Heavy Blade","floor":14},{"not_picked":["Corruption","Berserk"],"picked":"Demon Form","floor":16},{"not_picked":["Heavy Blade+1","Reckless Charge"],"picked":"Inflame","floor":18},{"not_picked":["Iron Wave+1","Armaments"],"picked":"Flex+1","floor":19},{"not_picked":["Rage+1","Cleave+1"],"picked":"Dual Wield","floor":22},{"not_picked":["Perfected Strike+1","Barricade"],"picked":"Pommel Strike","floor":24},{"not_picked":["Perfected Strike+1","Armaments","Second Wind"],"picked":"SKIP","floor":25},{"not_picked":["Second Wind","Headbutt","Fire Breathing"],"picked":"SKIP","floor":25},{"not_picked":["Impervious","Cleave"],"picked":"Inflame","floor":29},{"not_picked":["Body Slam","Evolve+1","Sword Boomerang"],"picked":"SKIP","floor":29},{"not_picked":["True Grit","Reckless Charge"],"picked":"Shrug It Off+1","floor":30},{"not_picked":["Power Through","Cleave","Clothesline"],"picked":"SKIP","floor":30},{"not_picked":["Offering","Feed"],"picked":"Double Tap","floor":33},{"not_picked":["Warcry","Anger+1"],"picked":"Shrug It Off+1","floor":35},{"not_picked":["Cleave","Iron Wave"],"picked":"Battle Trance+1","floor":35},{"not_picked":["Body Slam","Rage+1"],"picked":"Heavy Blade","floor":37},{"not_picked":["Havoc","Clothesline","Demon Form"],"picked":"SKIP","floor":37},{"not_picked":["Anger","Dark Embrace"],"picked":"Iron Wave+1","floor":40},{"not_picked":["Wild Strike+1","True Grit"],"picked":"Flex+1","floor":44},{"not_picked":["Fiend Fire","Dual Wield+1"],"picked":"Heavy Blade+1","floor":44},{"not_picked":["Clash+1","Seeing Red+1"],"picked":"Evolve+1","floor":45},{"not_picked":["Twin Strike","Armaments+1","Clothesline+1"],"picked":"SKIP","floor":45}],"player_experience":83126,"relics_obtained":[{"floor":6,"key":"Oddly Smooth Stone"},{"floor":9,"key":"PreservedInsect"},{"floor":9,"key":"Strawberry"},{"floor":14,"key":"Boot"},{"floor":24,"key":"Prayer Wheel"},{"floor":26,"key":"Self Forming Clay"},{"floor":26,"key":"Bottled Tornado"},{"floor":40,"key":"Mercury Hourglass"},{"floor":43,"key":"War Paint"},{"floor":46,"key":"White Beast Statue"}],"event_choices":[{"damage_healed":0,"gold_gain":0,"player_choice":"Box","damage_taken":0,"relics_obtained":["Matryoshka"],"max_hp_gain":0,"max_hp_loss":0,"event_name":"Big Fish","floor":2,"gold_loss":0,"cards_obtained":["Regret"]},{"damage_healed":0,"gold_gain":0,"player_choice":"Grow","damage_taken":0,"max_hp_gain":0,"max_hp_loss":0,"event_name":"Living Wall","floor":3,"gold_loss":0,"cards_upgraded":["Bash"]},{"damage_healed":0,"gold_gain":75,"player_choice":"Gather Gold","damage_taken":11,"max_hp_gain":0,"max_hp_loss":0,"event_name":"World of Goop","floor":10,"gold_loss":0},{"damage_healed":0,"gold_gain":0,"player_choice":"Ignored","damage_taken":0,"max_hp_gain":0,"max_hp_loss":0,"event_name":"Liars Game","floor":13,"gold_loss":0},{"damage_healed":0,"gold_gain":0,"player_choice":"Obtained Book","damage_taken":16,"max_hp_gain":0,"max_hp_loss":0,"event_name":"Cursed Tome","floor":20,"gold_loss":0},{"damage_healed":0,"gold_gain":0,"player_choice":"1 cards matched","damage_taken":0,"max_hp_gain":0,"max_hp_loss":0,"event_name":"Match and Keep!","floor":21,"gold_loss":0,"cards_obtained":["Shrug It Off"]},{"damage_healed":0,"gold_gain":0,"player_choice":"Opened","damage_taken":0,"relics_obtained":["Lizard Tail"],"max_hp_gain":0,"max_hp_loss":0,"event_name":"The Mausoleum","floor":28,"gold_loss":0,"cards_obtained":["Writhe"]},{"cards_removed":["Writhe"],"damage_healed":0,"gold_gain":0,"player_choice":"Gave Gold","damage_taken":0,"max_hp_gain":0,"max_hp_loss":0,"event_name":"Beggar","floor":31,"gold_loss":75},{"damage_healed":0,"gold_gain":0,"player_choice":"Ignored","damage_taken":0,"max_hp_gain":0,"max_hp_loss":0,"event_name":"Tomb of Lord Red Mask","floor":36,"gold_loss":0},{"damage_healed":0,"gold_gain":0,"player_choice":"Embrace Madness","damage_taken":11,"max_hp_gain":0,"max_hp_loss":0,"event_name":"Winding Halls","floor":38,"gold_loss":0,"cards_obtained":["Madness","Madness"]},{"damage_healed":0,"gold_gain":0,"player_choice":"Cursed","damage_taken":0,"max_hp_gain":0,"max_hp_loss":0,"event_name":"Wheel of Change","floor":42,"gold_loss":0,"cards_obtained":["Decay"]}],"is_beta":false,"boss_relics":[{"not_picked":["Pandora\u0027s Box","Astrolabe"],"picked":"Cursed Key"},{"not_picked":["Runic Pyramid","SacredBark"],"picked":"Sozu"}],"items_purged_floors":[5,27,39],"is_endless":false,"potions_floor_spawned":[7,16,24,29,33,40,44],"killed_by":"3 Darklings","ascension_level":3}}