{"host":"qwv9nni2x0umspiu","time":1609141962,"event":{"mods":["BaseMod","Downfall","Minty Spire (QoL Compilation)","Replay The Spire","StSLib","The Hierophant","Wandering Minibosses"],"gold_per_floor":[114,28,28,41,62,62,62,33,33,33,33,54,54,69,69,165,165,184,178,193,183,183],"floor_reached":21,"playtime":796,"items_purged":[],"score":346,"play_id":"8f7f2e65-23ed-421c-8cc3-e3aa16c4a2dc","local_time":"20201227235242","is_ascension_mode":true,"campfire_choices":[{"data":"hierophant:ChurchCoffers","floor":6,"key":"SMITH"},{"data":"hierophant:Community","floor":11,"key":"SMITH"},{"data":"hierophant:SealAway","floor":13,"key":"SMITH"},{"floor":15,"key":"REST"}],"circlet_count":0,"master_deck":["AscendersBane","hierophant:Strike_Hierophant","hierophant:Strike_Hierophant","hierophant:Strike_Hierophant","hierophant:Strike_Hierophant","hierophant:Punish+1","hierophant:Defend_Hierophant","hierophant:Defend_Hierophant","hierophant:Defend_Hierophant","hierophant:Defend_Hierophant","hierophant:ChurchCoffers+1","hierophant:Community+1","hierophant:HammerAndAnvil","hierophant:HammerAndAnvil","hierophant:SealAway+1","hierophant:Smite"],"relics":["hierophant:PropheticMaskRelic","NeowsBlessing","Golden Idol","Pondfish Scales"],"acts_visited":["Exordium","TheCity"],"potions_floor_usage":[16,19],"damage_taken":[{"damage":0,"enemies":"Jaw Worm","floor":1,"turns":1},{"damage":0,"enemies":"2 Louse","floor":4,"turns":1},{"damage":0,"enemies":"Cultist","floor":5,"turns":1},{"damage":16,"enemies":"Exordium Thugs","floor":8,"turns":5},{"damage":9,"enemies":"3 Louse","floor":12,"turns":2},{"damage":2,"enemies":"Exordium Wildlife","floor":14,"turns":4},{"damage":26,"enemies":"The Guardian","floor":16,"turns":11},{"damage":16,"enemies":"3 Byrds","floor":18,"turns":6},{"damage":17,"enemies":"2 Thieves","floor":19,"turns":2},{"damage":12,"enemies":"3 Cultists","floor":20,"turns":4},{"damage":0,"enemies":"Cultist and Chosen","floor":21,"turns":1}],"seed_played":"-4488615917678737999","potions_obtained":[{"floor":8,"key":"Elixir"},{"floor":12,"key":"ColorlessPotion"},{"floor":18,"key":"Toxic Potion"}],"is_trial":false,"path_per_floor":["M","$","?","M","M","R","?","M","T","$","R","M","R","M","R","B",null,"M","M","M","M"],"character_chosen":"HIEROPHANT","items_purchased":["hierophant:Community"],"campfire_rested":1,"item_purchase_floors":[2],"current_hp_per_floor":[68,68,42,42,42,42,42,26,26,26,26,17,17,15,37,11,59,43,26,14,14,14],"gold":183,"neow_bonus":"THREE_ENEMY_KILL","is_daily":false,"chose_seed":false,"campfire_upgraded":3,"win_rate":0.0,"timestamp":1609141962,"path_taken":["M","$","?","M","M","R","?","M","T","$","R","M","R","M","R","BOSS","M","M","M","M"],"items_purchased_type":["Card"],"build_version":"2020-12-22","purchased_purges":0,"victory":false,"max_hp_per_floor":[75,75,75,75,75,75,75,75,75,75,75,75,75,75,75,75,75,75,75,75,75,75],"card_choices":[{"not_picked":["hierophant:MorningPrayer","hierophant:AuricShield","hierophant:HolyVerse"],"picked":"SKIP","floor":1},{"not_picked":["hierophant:Alms","hierophant:CoinFling"],"picked":"hierophant:HammerAndAnvil","floor":4},{"not_picked":["hierophant:FlamingChariot","hierophant:WrathOfGod"],"picked":"hierophant:HammerAndAnvil","floor":5},{"not_picked":["hierophant:Purify","hierophant:Doomsaying","hierophant:HammerAndAnvil"],"picked":"SKIP","floor":8},{"not_picked":["hierophant:FlamingChariot","hierophant:Endure"],"picked":"hierophant:SealAway","floor":12},{"not_picked":["hierophant:HolyVerse","hierophant:FlamingChariot"],"picked":"hierophant:Smite","floor":14},{"not_picked":["hierophant:HolyVerse+1","hierophant:Doubloon+1","hierophant:Purify+1"],"picked":"SKIP","floor":18},{"not_picked":["hierophant:Purify","hierophant:Doubloon+1","hierophant:DeathKnell"],"picked":"SKIP","floor":19},{"not_picked":["hierophant:Purify","hierophant:SecretStash","hierophant:Smite+1"],"picked":"SKIP","floor":20}],"player_experience":1322117,"relics_obtained":[{"floor":9,"key":"Pondfish Scales"}],"event_choices":[{"damage_healed":0,"gold_gain":0,"player_choice":"Take Damage","damage_taken":26,"relics_obtained":["Golden Idol"],"max_hp_gain":0,"max_hp_loss":0,"event_name":"Golden Idol","floor":3,"gold_loss":0}],"is_beta":false,"boss_relics":[{"not_picked":["Calling Bell","ChewingGum","Replay:Wanted Poster"]}],"items_purged_floors":[],"is_endless":false,"potions_floor_spawned":[8,12,14,18],"killed_by":"Cultist and Chosen","ascension_level":20}}