{"host":"sav7uxregyirlf69","time":1609150533,"event":{"mods":["AchievementEnabler","BaseMod","Colored Map","DeckTracker","Keyboard Shortcuts","Minty Spire (QoL Compilation)","READ ME - Guardian Mod","StSLib","SuperFastMode"],"gold_per_floor":[117,129,139,150,150,150,160,160,160,179,179,206,206,206,206,281,281,291,301,301,301],"floor_reached":20,"playtime":412,"items_purged":[],"score":352,"play_id":"b999fe2a-c84c-422a-86c1-696a85a3edf0","local_time":"20201228191533","is_ascension_mode":true,"campfire_choices":[{"data":"Searing Blow+1","floor":6,"key":"SMITH"},{"data":"Searing Blow+2","floor":8,"key":"SMITH"},{"data":"Searing Blow+3","floor":11,"key":"SMITH"},{"data":"Armaments","floor":13,"key":"SMITH"},{"data":"Searing Blow+4","floor":15,"key":"SMITH"}],"circlet_count":0,"master_deck":["AscendersBane","Strike_R","Strike_R","Strike_R","Strike_R","Strike_R","Defend_R","Defend_R","Defend_R","Defend_R","Bash","Searing Blow+5","Armaments+1","Disarm","Seeing Red","Barricade","Shrug It Off"],"relics":["Burning Blood","Mummified Hand","Anchor","Letter Opener","Sozu"],"acts_visited":["Exordium","TheCity"],"potions_floor_usage":[12,16,19],"damage_taken":[{"damage":14,"enemies":"Small Slimes","floor":1,"turns":4},{"damage":21,"enemies":"Jaw Worm","floor":2,"turns":5},{"damage":6,"enemies":"Cultist","floor":3,"turns":3},{"damage":20,"enemies":"Large Slime","floor":4,"turns":7},{"damage":28,"enemies":"Exordium Thugs","floor":7,"turns":5},{"damage":7,"enemies":"3 Louse","floor":10,"turns":4},{"damage":1,"enemies":"3 Sentries","floor":12,"turns":9},{"damage":15,"enemies":"The Guardian","floor":16,"turns":11},{"damage":26,"enemies":"2 Thieves","floor":18,"turns":5},{"damage":2,"enemies":"3 Byrds","floor":19,"turns":6},{"damage":64,"enemies":"3 Cultists","floor":20,"turns":6}],"seed_played":"5765168745407635373","potions_obtained":[{"floor":3,"key":"BloodPotion"},{"floor":4,"key":"HeartOfIron"},{"floor":12,"key":"Energy Potion"},{"floor":16,"key":"LiquidMemories"}],"is_trial":false,"path_per_floor":["M","M","M","M","?","R","M","R","T","M","R","E","R","T","R","B",null,"M","M","M"],"character_chosen":"IRONCLAD","items_purchased":[],"campfire_rested":0,"item_purchase_floors":[],"current_hp_per_floor":[67,52,52,38,38,38,16,16,16,15,15,20,20,20,20,27,68,48,52,0,0],"gold":301,"neow_bonus":"TEN_PERCENT_HP_BONUS","is_daily":false,"chose_seed":false,"campfire_upgraded":5,"win_rate":0.0,"timestamp":1609150533,"path_taken":["M","M","M","M","?","R","M","R","T","M","R","E","R","?","R","BOSS","M","?","M"],"items_purchased_type":[],"build_version":"2020-12-22","purchased_purges":0,"victory":false,"max_hp_per_floor":[82,82,82,82,82,82,82,82,82,82,82,82,82,82,82,82,82,82,82,82,82],"card_choices":[{"not_picked":["Warcry","Body Slam"],"picked":"Searing Blow","floor":1},{"not_picked":["Thunderclap","Carnage","Searing Blow"],"picked":"SKIP","floor":2},{"not_picked":["Whirlwind","Clothesline","Wild Strike"],"picked":"SKIP","floor":3},{"not_picked":["Iron Wave","Disarm"],"picked":"Armaments","floor":4},{"not_picked":["Entrench","Disarm","Thunderclap"],"picked":"SKIP","floor":7},{"not_picked":["Sword Boomerang","Reckless Charge"],"picked":"Disarm","floor":10},{"not_picked":["Barricade","Hemokinesis"],"picked":"Seeing Red","floor":12},{"not_picked":["Impervious","Immolate"],"picked":"Barricade","floor":16},{"not_picked":["Shockwave","Warcry"],"picked":"Shrug It Off","floor":18},{"not_picked":["Whirlwind","Metallicize","Heavy Blade"],"picked":"SKIP","floor":19}],"player_experience":1029214,"relics_obtained":[{"floor":9,"key":"Mummified Hand"},{"floor":12,"key":"Anchor"},{"floor":14,"key":"Letter Opener"}],"event_choices":[{"damage_healed":0,"gold_gain":0,"player_choice":"Grow","damage_taken":0,"max_hp_gain":0,"max_hp_loss":0,"event_name":"Living Wall","floor":5,"gold_loss":0,"cards_upgraded":["Searing Blow"]}],"is_beta":false,"boss_relics":[{"not_picked":["SlaversCollar","Black Blood"],"picked":"Sozu"}],"items_purged_floors":[],"is_endless":false,"potions_floor_spawned":[3,4,12,16],"killed_by":"3 Cultists","ascension_level":20}}