{"host":"0cnf9zf1gia27zti","time":1609180387,"event":{"mods":["BaseMod","BetterRewards","Card Forge","Colored Map","Colored Powertips","Conspire","Downfall","Minty Spire (QoL Compilation)","Practice Mode","Quick Restart","Replay The Spire","Robot Space Explorer","Shade Mod","Spicy Shops","StSLib"],"gold_per_floor":[117,128,85,96,96,96,96,96,123,123,141,159,159,169,169,241,241,256,33,33,33,33,52,52,52],"floor_reached":24,"playtime":2196,"items_purged":[],"score":422,"play_id":"777de0d5-2372-4f28-b800-590ab184ec75","local_time":"20201228183307","is_ascension_mode":true,"campfire_choices":[{"floor":6,"key":"REST"},{"floor":8,"key":"REST"}],"circlet_count":0,"master_deck":["AscendersBane","Strike_B+1","Strike_B","Defend_B","Defend_B+1","Defend_B","Defend_B","Zap","Dualcast","Loop","Loop","Defragment+1","Chill+1","Conserve Battery","Force Field","Panic Button+1","Self Repair","Time Bomb","Electrodynamics","Crystallizer","Defragment+1","Self Repair"],"relics":["Cracked Core","Hammer of Thor","Seething Fire","Anvil of the Gods","DollysMirror","Gremlin Food","Replay:Arrowhead","Toy Ornithopter","Cables","conspire:SpecialSausage","Membership Card"],"acts_visited":["Exordium","TheCity"],"potions_floor_usage":[11,16,16,18],"damage_taken":[{"damage":12,"enemies":"Jaw Worm","floor":1,"turns":3},{"damage":0,"enemies":"Small Slimes","floor":2,"turns":4},{"damage":6,"enemies":"Cultist","floor":4,"turns":4},{"damage":2,"enemies":"3 Louse","floor":11,"turns":3},{"damage":0,"enemies":"Lots of Slimes","floor":12,"turns":6},{"damage":21,"enemies":"Exordium Thugs","floor":14,"turns":6},{"damage":24,"enemies":"The Guardian","floor":16,"turns":10},{"damage":22,"enemies":"2 Thieves","floor":18,"turns":4},{"damage":19,"enemies":"Chosen","floor":23,"turns":4},{"damage":48,"enemies":"Slavers","floor":24,"turns":3}],"seed_played":"6687750229804874539","potions_obtained":[{"floor":2,"key":"PotionOfCapacity"},{"floor":4,"key":"FairyPotion"},{"floor":11,"key":"SteroidPotion"},{"floor":15,"key":"BlessingOfTheForge"},{"floor":15,"key":"CultistPotion"},{"floor":16,"key":"Weak Potion"}],"is_trial":false,"path_per_floor":["M","M","$","M","$","R","?","R","T","T","M","M","?","M","R_BF","B",null,"M","$","?","$","?","M","E"],"character_chosen":"DEFECT","items_purchased":["Loop","DollysMirror","Gremlin Food","Defragment","Replay:Arrowhead","Chill","Panic Button+1","Defragment+1","Membership Card"],"campfire_rested":2,"item_purchase_floors":[0,0,0,0,0,0,3,19,19],"current_hp_per_floor":[52,52,52,46,46,67,46,67,67,67,69,71,76,62,62,55,71,54,54,54,54,54,35,0,0],"gold":52,"neow_bonus":"","is_daily":false,"chose_seed":false,"campfire_upgraded":0,"win_rate":0.0,"timestamp":1609180387,"path_taken":["M","M","$","M","$","R","?","R","T","?","M","M","?","M","R_BF","BOSS","M","$","?","?","?","?","E"],"items_purchased_type":["Card","Relic","Relic","Card","Relic","Card","Card","Card","Relic"],"build_version":"2020-12-22","purchased_purges":0,"victory":false,"max_hp_per_floor":[71,71,71,71,71,71,71,71,71,71,71,71,76,76,76,76,76,76,76,76,76,76,76,76,76],"card_choices":[{"not_picked":["Compile Driver","Storm"],"picked":"Conserve Battery","floor":1},{"not_picked":["Undo","Compile Driver"],"picked":"Force Field","floor":2},{"not_picked":["Beam Cell","Cold Snap","ReplaySolidLightProjector"],"picked":"SKIP","floor":4},{"not_picked":["ReplayTheSpireMod:Repulse","Rebound"],"picked":"Self Repair","floor":11},{"not_picked":["Ball Lightning","Loop"],"picked":"Time Bomb","floor":12},{"not_picked":["Steam","Turbo","Beam Cell"],"picked":"SKIP","floor":14},{"not_picked":["Thunder Strike","Seek"],"picked":"Electrodynamics","floor":16},{"not_picked":["Rebound","Redo"],"picked":"Crystallizer","floor":18},{"not_picked":["Steam Power+1","Barrage"],"picked":"Self Repair","floor":23}],"player_experience":2685880,"relics_obtained":[{"floor":9,"key":"Toy Ornithopter"},{"floor":10,"key":"Cables"}],"event_choices":[{"damage_healed":0,"gold_gain":0,"player_choice":"Entered Light","damage_taken":21,"max_hp_gain":0,"max_hp_loss":0,"event_name":"Shining Light","floor":7,"gold_loss":0,"cards_upgraded":["Defend_B","Defragment"]},{"damage_healed":0,"gold_gain":0,"player_choice":"Donut","damage_taken":0,"max_hp_gain":5,"max_hp_loss":0,"event_name":"Big Fish","floor":13,"gold_loss":0},{"cards_removed":["Strike_B"],"damage_healed":0,"gold_gain":0,"player_choice":"Purged","damage_taken":0,"max_hp_gain":0,"max_hp_loss":0,"event_name":"Purifier","floor":20,"gold_loss":0},{"cards_removed":["Strike_B"],"damage_healed":0,"gold_gain":0,"player_choice":"Offered Basic","damage_taken":0,"max_hp_gain":0,"max_hp_loss":0,"event_name":"Bonfire Elementals","floor":22,"gold_loss":0}],"is_beta":false,"boss_relics":[{"not_picked":["Inserter","Replay:Grab Bag"],"picked":"conspire:SpecialSausage"}],"items_purged_floors":[],"is_endless":false,"potions_floor_spawned":[2,4,11,16],"killed_by":"Slavers","ascension_level":20}}