{"host":"f7rb14kzcw8hx1r1","time":1609194521,"event":{"mods":["BaseMod","Better Note","Better Third Choice","Colored Map","Highlight Path","Hubris","Minty Spire (QoL Compilation)","Replay The Spire","StSLib","The Forsaken"],"gold_per_floor":[20,33,108,118,182,182,208,208,233,233,266,266,266,44,44,141,141,159,175,193,24,24,49,148,180,180,180,214,234,250,250,250,355,355,375,392,392,41,54,54,84,98,122,122,122,122,122,155,155,155],"floor_reached":51,"playtime":2546,"items_purged":["Strike_R","Strike_R","Blood for Blood"],"score":869,"play_id":"2dbb3efd-6e54-4dff-9eef-654233095c5b","local_time":"20201228232841","is_ascension_mode":false,"campfire_choices":[{"data":"Bash","floor":6,"key":"SMITH"},{"data":"Pommel Strike","floor":8,"key":"SMITH"},{"data":"Inflame","floor":13,"key":"SMITH"},{"data":"True Grit","floor":15,"key":"SMITH"},{"data":"Heavy Blade","floor":27,"key":"SMITH"},{"data":"Demon Form","floor":32,"key":"SMITH"},{"data":"Reaper","floor":40,"key":"SMITH"},{"data":"Inflame","floor":45,"key":"SMITH"},{"data":"Inflame","floor":47,"key":"SMITH"},{"data":"Feel No Pain","floor":49,"key":"SMITH"}],"circlet_count":0,"master_deck":["Defend_R","Defend_R","Defend_R","Defend_R","Bash+1","Cleave","Shrug It Off","Inflame+1","Pommel Strike+1","True Grit+1","Good Instincts","Demon Form+1","Iron Wave+1","Neutralize+1","Heavy Blade+1","Dropkick","Spot Weakness","Reaper+1","Feel No Pain+1","Offering","Iron Wave+1","Inflame+1","Inflame+1"],"relics":["Burning Blood","Centennial Puzzle","Bag of Marbles","hubris:CrystalStatue","The Courier","Membership Card","Black Star","hubris:SlimyHat","Gremlin Food","Omamori","Red Skull","theForsaken:Lifeblossom","Replay:Mystery Machine","Eternal Feather","Pen Nib","Toy Ornithopter","Velvet Choker","theForsaken:ScaryMask","Singing Bowl","Ancient Tea Set","Oddly Smooth Stone","hubris:Reverence","Blue Doll","hubris:Towel","ReplayTheSpireMod:Spearhead","Incense Burner"],"acts_visited":["Exordium","TheCity","TheBeyond"],"potions_floor_usage":[16,16,18,25,29,30,36,50,50],"damage_taken":[{"damage":0,"enemies":"2 Louse","floor":1,"turns":2},{"damage":1,"enemies":"Cultist","floor":2,"turns":3},{"damage":1,"enemies":"Jaw Worm","floor":4,"turns":5},{"damage":28,"enemies":"Lagavulin","floor":7,"turns":7},{"damage":8,"enemies":"3 Sentries","floor":11,"turns":8},{"damage":0,"enemies":"Hexaghost","floor":16,"turns":8},{"damage":0,"enemies":"Chosen","floor":18,"turns":5},{"damage":1,"enemies":"Shell Parasite","floor":19,"turns":6},{"damage":5,"enemies":"3 Cultists","floor":20,"turns":6},{"damage":6,"enemies":"Gremlin Leader","floor":23,"turns":6},{"damage":28,"enemies":"Slavers","floor":25,"turns":5},{"damage":26,"enemies":"Replay:Snechameleon","floor":28,"turns":7},{"damage":2,"enemies":"Centurion and Healer","floor":29,"turns":7},{"damage":20,"enemies":"Sentry and Sphere","floor":30,"turns":5},{"damage":86,"enemies":"Automaton","floor":33,"turns":9},{"damage":8,"enemies":"Orb Walker","floor":35,"turns":4},{"damage":33,"enemies":"3 Darklings","floor":36,"turns":6},{"damage":8,"enemies":"Jaw Worm Horde","floor":39,"turns":4},{"damage":32,"enemies":"R_Hoarder","floor":41,"turns":6},{"damage":5,"enemies":"Spire Growth","floor":42,"turns":4},{"damage":30,"enemies":"Reptomancer","floor":48,"turns":6},{"damage":53,"enemies":"Time Eater","floor":50,"turns":6}],"seed_played":"9182044472040014928","potions_obtained":[{"floor":1,"key":"Milkshake"},{"floor":5,"key":"DuplicationPotion"},{"floor":5,"key":"Ancient Potion"},{"floor":16,"key":"PowerPotion"},{"floor":19,"key":"ColorlessPotion"},{"floor":20,"key":"Dexterity Potion"},{"floor":28,"key":"SkillPotion"},{"floor":29,"key":"LiquidBronze"},{"floor":33,"key":"Milkshake"},{"floor":39,"key":"SpeedPotion"},{"floor":41,"key":"Weak Potion"},{"floor":42,"key":"PowerPotion"},{"floor":48,"key":"Reflective Coating"}],"is_trial":false,"path_per_floor":["M","M","?","M","?","R","E","R","T","T","E","?","R","$","R","B",null,"M","M","M","$","?","E","?","E","T","R","E","M","M","?","R","B",null,"M","M","?","$","M","R","E","M","T","?","R","?","R","E","R","B",null],"character_chosen":"IRONCLAD","items_purchased":["Membership Card","True Grit","Good Instincts","hubris:SlimyHat","Gremlin Food","Inflame","theForsaken:ScaryMask","Singing Bowl","Ancient Tea Set"],"campfire_rested":0,"item_purchase_floors":[14,14,14,21,21,38,38,38,38],"current_hp_per_floor":[80,80,72,77,57,57,35,35,35,35,33,38,38,38,38,44,85,85,85,85,85,85,85,85,63,63,72,58,73,70,70,82,28,85,84,85,85,85,87,87,88,91,91,91,91,91,91,75,87,47],"gold":155,"neow_bonus":"REMOVE_TWO","is_daily":false,"chose_seed":false,"campfire_upgraded":10,"win_rate":0.0,"timestamp":1609194521,"path_taken":["M","M","?","?","?","R","E","R","T","?","E","?","R","?","R","BOSS","M","M","M","$","?","E","?","E","T","R","E","M","M","?","R","BOSS","M","M","?","$","M","R","E","?","T","?","R","?","R","E","R","BOSS"],"items_purchased_type":["Relic","Card","Card","Relic","Relic","Card","Relic","Relic","Relic"],"build_version":"2020-12-22","purchased_purges":3,"victory":true,"max_hp_per_floor":[80,80,80,80,80,80,80,80,80,80,80,85,85,85,85,85,85,85,85,85,85,85,85,85,85,85,85,85,85,85,85,85,85,85,85,85,85,85,87,87,89,91,91,91,91,91,91,93,93,93],"card_choices":[{"not_picked":["Infernal Blade","Dual Wield","hubris:SharpeningStone"],"picked":"SKIP","floor":1},{"not_picked":["ReplayTheSpireMod:Strike From Hell","ReplayTheSpireMod:Limb From Limb"],"picked":"Cleave","floor":2},{"not_picked":["Headbutt","ReplayReversal"],"picked":"Shrug It Off","floor":4},{"not_picked":["Flame Barrier","Metallicize"],"picked":"Inflame","floor":5},{"not_picked":["Infernal Blade","Barricade"],"picked":"Pommel Strike","floor":7},{"not_picked":["hubris:ReadiedAction","Shockwave","Dark Embrace"],"picked":"SKIP","floor":11},{"not_picked":["Fiend Fire","Reaper"],"picked":"Demon Form","floor":16},{"not_picked":["Clothesline","Warcry","Feel No Pain"],"picked":"SKIP","floor":18},{"not_picked":["Anger","ReplayTheSpireMod:Muscle Training"],"picked":"Iron Wave+1","floor":19},{"not_picked":["Run Through","Perfected Strike"],"picked":"Blood for Blood","floor":20},{"not_picked":["Sever Soul","Whirlwind","hubris:CleavingFinish"],"picked":"SKIP","floor":23},{"not_picked":["Twin Strike","Ghostly Armor"],"picked":"Heavy Blade","floor":25},{"not_picked":["Heavy Blade","Rupture"],"picked":"Dropkick","floor":28},{"not_picked":["Warcry","hubris:ReadiedAction"],"picked":"Spot Weakness","floor":29},{"not_picked":["Rupture","Body Slam"],"picked":"Reaper","floor":30},{"not_picked":["hubris:StunningStrike","Feed"],"picked":"Offering","floor":33},{"not_picked":["Headbutt+1","Sword Boomerang"],"picked":"Iron Wave+1","floor":35},{"not_picked":["Sword Boomerang+1","Cleave"],"picked":"Inflame","floor":36},{"not_picked":["Cleave+1","Seeing Red+1","Anger+1"],"picked":"Singing Bowl","floor":39},{"not_picked":["Clothesline+1","Perfected Strike+1","Ghostly Armor+1"],"picked":"Singing Bowl","floor":41},{"not_picked":["Twin Strike+1","Second Wind+1","Headbutt"],"picked":"Singing Bowl","floor":42},{"not_picked":["Armaments","True Grit","Clash+1"],"picked":"Singing Bowl","floor":48}],"player_experience":888926,"relics_obtained":[{"floor":7,"key":"Centennial Puzzle"},{"floor":9,"key":"Bag of Marbles"},{"floor":10,"key":"hubris:CrystalStatue"},{"floor":11,"key":"The Courier"},{"floor":23,"key":"Omamori"},{"floor":23,"key":"Red Skull"},{"floor":25,"key":"theForsaken:Lifeblossom"},{"floor":25,"key":"Replay:Mystery Machine"},{"floor":26,"key":"Eternal Feather"},{"floor":28,"key":"Pen Nib"},{"floor":28,"key":"Toy Ornithopter"},{"floor":41,"key":"Oddly Smooth Stone"},{"floor":41,"key":"hubris:Reverence"},{"floor":43,"key":"Blue Doll"},{"floor":48,"key":"ReplayTheSpireMod:Spearhead"},{"floor":48,"key":"Incense Burner"}],"event_choices":[{"damage_healed":0,"gold_gain":75,"player_choice":"Touch","damage_taken":8,"max_hp_gain":0,"max_hp_loss":0,"event_name":"FaceTrader","floor":3,"gold_loss":0},{"damage_healed":0,"gold_gain":0,"player_choice":"Donut","damage_taken":0,"max_hp_gain":5,"max_hp_loss":0,"event_name":"Big Fish","floor":12,"gold_loss":0},{"cards_removed":["Inflame"],"damage_healed":0,"gold_gain":0,"player_choice":"Take \u0026 Give","damage_taken":0,"max_hp_gain":0,"max_hp_loss":0,"event_name":"betterNote:BetterNote","floor":22,"gold_loss":0,"cards_obtained":["Neutralize"]},{"damage_healed":0,"gold_gain":99,"player_choice":"Steal","damage_taken":0,"max_hp_gain":0,"max_hp_loss":0,"event_name":"betterThird:BetterNest","floor":24,"gold_loss":0},{"damage_healed":0,"gold_gain":0,"player_choice":"Read","damage_taken":0,"max_hp_gain":0,"max_hp_loss":0,"event_name":"The Library","floor":31,"gold_loss":0,"cards_obtained":["Feel No Pain"]},{"cards_removed":["Strike_R"],"damage_healed":0,"gold_gain":0,"player_choice":"Purged","damage_taken":0,"max_hp_gain":0,"max_hp_loss":0,"event_name":"Purifier","floor":37,"gold_loss":0}],"is_beta":false,"boss_relics":[{"not_picked":["Tiny House","Cursed Key"],"picked":"Black Star"},{"not_picked":["hubris:BlackHole","Ring of Chaos"],"picked":"Velvet Choker"}],"items_purged_floors":[14,21,38],"is_endless":false,"potions_floor_spawned":[1,16,19,20,28,29,33,39,41,42,48],"ascension_level":0}}