{"host":"u499vgr0907g2fby","time":1609198828,"event":{"mods":["BaseMod","Downfall","Googly Eyes","Minty Spire (QoL Compilation)","StSLib"],"gold_per_floor":[99,109,284,284,284,234,234,251,279,229,261,261,211,241,260,361,361,311,325,342,342,354,373,373,399,414,434,465,106,121,153,164,269,269,219,230,249,259,259,259,285,302,318,4,33,33,46,60,78,78],"floor_reached":51,"playtime":5045,"items_purged":["Doubt"],"score":930,"play_id":"14397dcc-e8d4-490e-8716-bc89c4c90eda","local_time":"20201228194028","is_ascension_mode":true,"campfire_choices":[{"data":"Slimebound:Split","floor":1,"key":"SMITH"},{"data":"Slimebound:CorrosiveSpit","floor":6,"key":"SMITH"},{"data":"Slimebound:LeechEnergy","floor":10,"key":"SMITH"},{"floor":13,"key":"REST"},{"data":"Slimebound:CheckThePlaybook","floor":18,"key":"SMITH"},{"data":"Slimebound:AcidTongue","floor":35,"key":"SMITH"},{"data":"Slimebound:FirmFortitude","floor":46,"key":"SMITH"}],"circlet_count":0,"master_deck":["Slimebound:Strike_Slimebound+1","Slimebound:Strike_Slimebound","Slimebound:Strike_Slimebound","Slimebound:Tackle","Slimebound:Defend_Slimebound","Slimebound:Defend_Slimebound+1","Slimebound:Defend_Slimebound","Slimebound:Defend_Slimebound","Slimebound:Split+1","Slimebound:CorrosiveSpit+1","Slimebound:GoopTackle+1","Regret","Slimebound:LeechEnergy+1","Slimebound:Repurpose","Slimebound:CheckThePlaybook+1","Slimebound:LevelUp+1","Slimebound:RejuvenatingLick+1","Slimebound:HauntingLick+1","Slimebound:MegaLick","Panache","Slimebound:AcidTongue+1","expansioncontent:DarkVoid","Slimebound:MassRepurpose","Slimebound:SpikyOuterGoop","Slimebound:FirmFortitude+1","Slimebound:Darklings","Slimebound:AcidTongue","Slimebound:FirmFortitude+1","Slimebound:LevelUp","Slimebound:BestDefense","Slimebound:Repurpose","Slimebound:Replication+1"],"relics":["Busted Crown","Slimebound:GreedOozeRelic","Mummified Hand","Sundial","Pear","Dead Branch","Unceasing Top","SlaversCollar","HornCleat","Blood Vial","Du-Vu Doll","The Courier","Philosopher\u0027s Stone","PreservedInsect","Happy Flower","Slimebound:SelfDamagePreventRelic","TungstenRod","Omamori"],"acts_visited":["Exordium","TheCity","TheBeyond"],"potions_floor_usage":[11,16,33,38,42,43,45,50],"damage_taken":[{"damage":11,"enemies":"2 Louse","floor":2,"turns":3},{"damage":4,"enemies":"Jaw Worm","floor":8,"turns":2},{"damage":14,"enemies":"Gremlin Nob","floor":9,"turns":2},{"damage":30,"enemies":"Lagavulin","floor":11,"turns":4},{"damage":27,"enemies":"3 Sentries","floor":14,"turns":5},{"damage":8,"enemies":"Small Slimes","floor":15,"turns":2},{"damage":21,"enemies":"downfall:Ironclad","floor":16,"turns":4},{"damage":11,"enemies":"Shell Parasite","floor":19,"turns":3},{"damage":15,"enemies":"Chosen","floor":20,"turns":3},{"damage":40,"enemies":"Snake Plant","floor":22,"turns":2},{"damage":22,"enemies":"Centurion and Healer","floor":23,"turns":3},{"damage":20,"enemies":"Slavers","floor":25,"turns":3},{"damage":7,"enemies":"Sentry and Sphere","floor":26,"turns":3},{"damage":16,"enemies":"Shelled Parasite and Fungi","floor":27,"turns":4},{"damage":28,"enemies":"Book of Stabbing","floor":28,"turns":2},{"damage":33,"enemies":"downfall:FleeingMerchant","floor":29,"turns":4},{"damage":8,"enemies":"Snake Plant","floor":30,"turns":3},{"damage":23,"enemies":"Gremlin Leader","floor":31,"turns":2},{"damage":14,"enemies":"3 Cultists","floor":32,"turns":3},{"damage":33,"enemies":"downfall:Silent","floor":33,"turns":5},{"damage":4,"enemies":"Orb Walker","floor":36,"turns":2},{"damage":49,"enemies":"3 Darklings","floor":37,"turns":3},{"damage":11,"enemies":"Jaw Worm Horde","floor":38,"turns":3},{"damage":35,"enemies":"4 Shapes","floor":42,"turns":3},{"damage":21,"enemies":"Maw","floor":43,"turns":3},{"damage":12,"enemies":"downfall:FleeingMerchant","floor":44,"turns":3},{"damage":3,"enemies":"Reptomancer","floor":45,"turns":2},{"damage":0,"enemies":"Sphere and 2 Shapes","floor":47,"turns":3},{"damage":3,"enemies":"Spire Growth","floor":48,"turns":2},{"damage":9,"enemies":"3 Darklings","floor":49,"turns":2},{"damage":14,"enemies":"downfall:Watcher","floor":50,"turns":4}],"seed_played":"5059268597792540216","potions_obtained":[{"floor":2,"key":"Explosive Potion"},{"floor":8,"key":"AttackPotion"},{"floor":15,"key":"Slimebound:SpawnSlimePotion"},{"floor":25,"key":"sneckomod:MuddlingPotion"},{"floor":26,"key":"LiquidBronze"},{"floor":27,"key":"champ:CounterPotion"},{"floor":33,"key":"sneckomod:MuddlingPotion"},{"floor":38,"key":"Fruit Juice"},{"floor":43,"key":"Swift Potion"},{"floor":48,"key":"Strength Potion"},{"floor":49,"key":"sneckomod:MuddlingPotion"}],"is_trial":false,"path_per_floor":["R","M","?","?","?","R","T","M","E","R","E","?","R","E","M","B",null,"R","M","M","?","M","M","T","E","M","M","E","$","M","E","M","B",null,"R","M","M","M","?","?","T","M","M","$","E","R","M","M","M","B",null],"character_chosen":"SLIMEBOUND","items_purchased":["Panache","Slimebound:AcidTongue","expansioncontent:DarkVoid","Slimebound:SelfDamagePreventRelic","Slimebound:FirmFortitude","Slimebound:LevelUp","TungstenRod","Slimebound:BestDefense","Slimebound:Repurpose"],"campfire_rested":1,"item_purchase_floors":[29,29,29,44,44,44,44,44,44],"current_hp_per_floor":[60,57,57,57,57,57,57,53,47,47,35,17,38,19,19,12,70,70,67,64,64,42,30,30,22,33,41,40,46,48,54,50,31,70,70,70,39,47,47,47,47,24,31,39,54,54,70,71,75,75],"gold":78,"neow_bonus":"BOSS_RELIC","is_daily":false,"chose_seed":false,"campfire_upgraded":6,"win_rate":0.0,"timestamp":1609198828,"path_taken":["R","M","?","?","?","R","T","?","E","R","E","?","R","E","M","BOSS","R","M","M","?","M","?","T","E","M","M","E","$","M","E","M","BOSS","R","M","M","M","?","?","T","M","M","$","E","R","?","?","M","BOSS"],"items_purchased_type":["Card","Card","Card","Relic","Card","Card","Relic","Card","Card"],"build_version":"2020-12-22","purchased_purges":1,"victory":true,"max_hp_per_floor":[60,60,60,60,60,60,60,60,60,60,70,70,70,70,70,70,70,70,70,70,70,70,70,70,70,70,70,70,70,70,70,70,70,70,70,70,70,75,75,75,75,75,75,75,75,75,75,75,75,75],"card_choices":[{"not_picked":[],"picked":"Slimebound:GoopTackle","floor":2},{"not_picked":["Slimebound:DisruptingSlam"],"picked":"SKIP","floor":8},{"not_picked":[],"picked":"Slimebound:LeechEnergy","floor":9},{"not_picked":["Slimebound:LeechEnergy"],"picked":"SKIP","floor":11},{"not_picked":["Slimebound:SplitMire"],"picked":"SKIP","floor":14},{"not_picked":[],"picked":"Slimebound:Repurpose","floor":15},{"not_picked":[],"picked":"Slimebound:CheckThePlaybook","floor":16},{"not_picked":["Slimebound:SplitBruiser"],"picked":"SKIP","floor":19},{"not_picked":["Slimebound:FlameTackle"],"picked":"SKIP","floor":20},{"not_picked":[],"picked":"Slimebound:LevelUp+1","floor":22},{"not_picked":[],"picked":"Slimebound:RejuvenatingLick+1","floor":23},{"not_picked":["Slimebound:SlimeSpikes"],"picked":"SKIP","floor":25},{"not_picked":["Slimebound:Schlurp"],"picked":"SKIP","floor":26},{"not_picked":[],"picked":"Slimebound:HauntingLick+1","floor":27},{"not_picked":["Slimebound:LivingWall"],"picked":"SKIP","floor":28},{"not_picked":[],"picked":"Slimebound:MegaLick","floor":29},{"not_picked":["Slimebound:ItLooksTasty+1"],"picked":"SKIP","floor":30},{"not_picked":["Slimebound:ItLooksTasty"],"picked":"SKIP","floor":31},{"not_picked":["Slimebound:FinishingTackle"],"picked":"SKIP","floor":32},{"not_picked":[],"picked":"Slimebound:MassRepurpose","floor":33},{"not_picked":[],"picked":"Slimebound:SpikyOuterGoop","floor":36},{"not_picked":["Slimebound:GoopTackle"],"picked":"SKIP","floor":37},{"not_picked":[],"picked":"Slimebound:FirmFortitude+1","floor":38},{"not_picked":[],"picked":"Slimebound:AcidTongue","floor":42},{"not_picked":["Slimebound:SlimeSpikes"],"picked":"SKIP","floor":43},{"not_picked":["Slimebound:SplitAcid"],"picked":"SKIP","floor":44},{"not_picked":["Slimebound:LeechEnergy+1"],"picked":"SKIP","floor":45},{"not_picked":[],"picked":"Slimebound:Replication+1","floor":47},{"not_picked":["Slimebound:FormOfPuddle"],"picked":"SKIP","floor":48},{"not_picked":["Slimebound:SplitAcid"],"picked":"SKIP","floor":49}],"player_experience":1891400,"relics_obtained":[{"floor":7,"key":"Mummified Hand"},{"floor":9,"key":"Sundial"},{"floor":11,"key":"Pear"},{"floor":14,"key":"Unceasing Top"},{"floor":24,"key":"HornCleat"},{"floor":25,"key":"Blood Vial"},{"floor":28,"key":"Du-Vu Doll"},{"floor":31,"key":"The Courier"},{"floor":39,"key":"PreservedInsect"},{"floor":41,"key":"Happy Flower"},{"floor":45,"key":"Omamori"}],"event_choices":[{"damage_healed":0,"gold_gain":0,"player_choice":"Success","damage_taken":18,"relics_obtained":["Dead Branch"],"max_hp_gain":0,"max_hp_loss":0,"event_name":"Scrap Ooze","floor":12,"gold_loss":0},{"damage_healed":0,"gold_gain":0,"player_choice":"Ignored","damage_taken":0,"max_hp_gain":0,"max_hp_loss":0,"event_name":"NoteForYourself","floor":21,"gold_loss":0}],"is_beta":false,"boss_relics":[{"not_picked":["Sozu","Runic Dome"],"picked":"SlaversCollar"},{"not_picked":["Snecko Eye","Tiny House"],"picked":"Philosopher\u0027s Stone"}],"items_purged_floors":[44],"is_endless":false,"potions_floor_spawned":[2,8,15,25,26,27,28,30,33,38,43,48,49],"ascension_level":1}}