{"host":"kqe6w2igxc79vo14","time":1609174329,"event":{"mods":["AchievementEnabler","BaseMod","Downfall","Minty Spire (QoL Compilation)","StSLib"],"gold_per_floor":[99,113,213,388,404,246,273,273,306,52,69,54,54,154,169,273,273,273,292,311,327,337,337,337,337,360,83,113,128,53,65,83,185,185,185,203,203,203,213,226,226,226,276,329,329,329,342,377,393,393],"floor_reached":51,"playtime":5020,"items_purged":[],"score":754,"play_id":"1b94b991-283b-41ee-9972-4a4eb370a8d7","local_time":"20201228185209","is_ascension_mode":true,"campfire_choices":[{"data":"expansioncontent:StudyTheSpire","floor":1.0,"key":"SMITH"},{"floor":13.0,"key":"REST"},{"data":"Slimebound:Split","floor":18.0,"key":"SMITH"},{"data":"Slimebound:LeechEnergy","floor":23.0,"key":"SMITH"},{"data":"Slimebound:FirmFortitude","floor":30.0,"key":"SMITH"},{"data":"Slimebound:Gluttony","floor":35.0,"key":"SMITH"},{"data":"Slimebound:LeadByExample","floor":42.0,"key":"SMITH"},{"data":"expansioncontent:DecasProtection","floor":46.0,"key":"SMITH"}],"circlet_count":0,"master_deck":["Slimebound:Strike_Slimebound","Slimebound:Strike_Slimebound","Slimebound:Strike_Slimebound","Slimebound:Tackle","Slimebound:Defend_Slimebound","Slimebound:Defend_Slimebound","Slimebound:Defend_Slimebound","Slimebound:Defend_Slimebound","Slimebound:Split","Slimebound:CorrosiveSpit","expansioncontent:StudyTheSpire+1","Slimebound:GrowthPunch","Slimebound:SamplingLick","Slimebound:LeechEnergy","Slimebound:SamplingLick","Slimebound:RejuvenatingLick","Slimebound:RallyTheTroops","Slimebound:FirmFortitude+1","Slimebound:Schlurp","Slimebound:Split+1","expansioncontent:AwakenDeath","Slimebound:OneTwoCombo","Slimebound:GrowthPunch","Slimebound:LeechEnergy+1","Slimebound:Equalize+1","Slimebound:SamplingLick","Slimebound:Gluttony+1","Slimebound:SpikyOuterGoop+1","Slimebound:OozeBath","Slimebound:SlimeBrawl","Slimebound:RallyTheTroops","Slimebound:LeadByExample+1","Slimebound:AcidTongue","Slimebound:GrowthPunch+1","expansioncontent:DecasProtection+1","Slimebound:LeechEnergy+1","Slimebound:HauntingLick+1"],"relics":["Slimebound:AbsorbEndCombat","Vajra","Dream Catcher","downfall:ShatteredFragment","Bottled Tornado","downfall:GremlinSack","Empty Cage","Slimebound:MaxSlimesRelic","Regal Pillow","Mummified Hand","Boot","downfall:HeartBlessingGreen","SlaversCollar","Bag of Preparation","Torii","Unceasing Top","MealTicket"],"acts_visited":["Exordium","TheCity","TheBeyond"],"potions_floor_usage":[47],"damage_taken":[{"damage":4.0,"enemies":"2 Louse","floor":2.0,"turns":4.0},{"damage":6.0,"enemies":"Jaw Worm","floor":5.0,"turns":4.0},{"damage":4.0,"enemies":"downfall:FleeingMerchant","floor":6.0,"turns":4.0},{"damage":15.0,"enemies":"3 Sentries","floor":9.0,"turns":8.0},{"damage":4.0,"enemies":"downfall:FleeingMerchant","floor":10.0,"turns":4.0},{"damage":8.0,"enemies":"Small Slimes","floor":11.0,"turns":3.0},{"damage":16.0,"enemies":"downfall:FleeingMerchant","floor":12.0,"turns":4.0},{"damage":11.0,"enemies":"downfall:FleeingMerchant","floor":14.0,"turns":4.0},{"damage":16.0,"enemies":"Blue Slaver","floor":15.0,"turns":3.0},{"damage":41.0,"enemies":"downfall:Defect","floor":16.0,"turns":6.0},{"damage":8.0,"enemies":"Spheric Guardian","floor":19.0,"turns":3.0},{"damage":12.0,"enemies":"Chosen","floor":20.0,"turns":4.0},{"damage":26.0,"enemies":"Centurion and Healer","floor":21.0,"turns":6.0},{"damage":22.0,"enemies":"Snake Plant","floor":22.0,"turns":4.0},{"damage":37.0,"enemies":"downfall:FleeingMerchant","floor":27.0,"turns":4.0},{"damage":28.0,"enemies":"Book of Stabbing","floor":28.0,"turns":6.0},{"damage":8.0,"enemies":"Cultist and Chosen","floor":29.0,"turns":5.0},{"damage":32.0,"enemies":"Snecko","floor":31.0,"turns":4.0},{"damage":14.0,"enemies":"Chosen and Byrds","floor":32.0,"turns":3.0},{"damage":27.0,"enemies":"downfall:Ironclad","floor":33.0,"turns":8.0},{"damage":15.0,"enemies":"Orb Walker","floor":36.0,"turns":4.0},{"damage":14.0,"enemies":"3 Shapes","floor":39.0,"turns":3.0},{"damage":14.0,"enemies":"Writhing Mass","floor":40.0,"turns":6.0},{"damage":8.0,"enemies":"Mind Bloom Boss Battle","floor":43.0,"turns":4.0},{"damage":25.0,"enemies":"2 Orb Walkers","floor":44.0,"turns":4.0},{"damage":34,"enemies":"Jaw Worm Horde","floor":47,"turns":4},{"damage":19,"enemies":"Nemesis","floor":48,"turns":5},{"damage":18,"enemies":"Sphere and 2 Shapes","floor":49,"turns":4},{"damage":11,"enemies":"downfall:Watcher","floor":50,"turns":6}],"seed_played":"3647807689412307206","potions_obtained":[{"floor":2.0,"key":"Weak Potion"},{"floor":14.0,"key":"Guardian:BlockOnCardUsePotion"},{"floor":15.0,"key":"SkillPotion"},{"floor":16.0,"key":"AttackPotion"},{"floor":28.0,"key":"BlessingOfTheForge"},{"floor":29.0,"key":"sneckomod:MuddlingPotion"},{"floor":39.0,"key":"DistilledChaos"},{"floor":47,"key":"Slimebound:SpawnSlimePotion"}],"is_trial":false,"path_per_floor":["R","M","?","?","M","$","T","?","E","$","M","$","R","?","M","B",null,"R","M","M","M","M","R","T","?","T","$","E","M","R","M","M","B",null,"R","M","?","?","M","M","T","R","?","?","?","R","M","E","M","B",null],"character_chosen":"SLIMEBOUND","items_purchased":["Vajra","Bottled Tornado","Mummified Hand"],"campfire_rested":1,"item_purchase_floors":[6,10,27],"current_hp_per_floor":[42,42,42,42,42,48,48,30,29,31,31,25,43,40,32,21,60,60,60,60,60,58,58,58,48,48,60,65,65,65,55,65,65,65,65,63,63,63,55,65,65,65,65,65,65,65,61,65,65,65],"gold":393,"neow_bonus":"RANDOM_COLORLESS_2","is_daily":false,"chose_seed":false,"campfire_upgraded":7,"win_rate":0.0,"timestamp":1609174329,"path_taken":["R","M","?","?","M","$","T","?","E","$","M","?","R","?","M","BOSS","R","?","M","M","?","R","T","?","?","$","E","M","R","M","M","BOSS","R","M","?","?","?","M","T","R","?","?","?","R","M","E","M","BOSS"],"items_purchased_type":["Relic","Relic","Relic"],"build_version":"2020-12-22","purchased_purges":0,"victory":true,"max_hp_per_floor":[60,60,60,60,60,60,60,60,60,60,60,60,60,60,60,60,60,60,60,60,60,60,60,60,65,65,65,65,65,65,65,65,65,65,65,65,65,65,65,65,65,65,65,65,65,65,65,65,65,65],"card_choices":[{"not_picked":["Panache","The Bomb"],"picked":"expansioncontent:StudyTheSpire","floor":0.0},{"not_picked":["Slimebound:DisruptingSlam","Slimebound:PressTheAttack"],"picked":"Slimebound:GrowthPunch","floor":2.0},{"not_picked":["Slimebound:GoopTackle","Slimebound:DivideAndConquer"],"picked":"Slimebound:SamplingLick","floor":5.0},{"not_picked":["Slimebound:Grow","Slimebound:Chomp"],"picked":"Slimebound:LeechEnergy","floor":6.0},{"not_picked":["Slimebound:GoopSpray","Slimebound:LeechEnergy","Slimebound:ComboTackle"],"picked":"SKIP","floor":9.0},{"not_picked":["Slimebound:RollThrough","Slimebound:SlimeBrawl","Slimebound:PressTheAttack"],"picked":"SKIP","floor":10.0},{"not_picked":["Slimebound:LivingWall","Slimebound:Gluttony"],"picked":"Slimebound:SamplingLick","floor":11.0},{"not_picked":["Slimebound:Schlurp","Slimebound:Teamwork","Slimebound:LeechingTouch"],"picked":"SKIP","floor":12.0},{"not_picked":["Slimebound:SplitBruiser","Slimebound:LeadByExample"],"picked":"Slimebound:RejuvenatingLick","floor":13.0},{"not_picked":["Slimebound:TongueLash","Slimebound:SplitBruiser","Slimebound:LeechEnergy"],"picked":"SKIP","floor":15.0},{"not_picked":["Slimebound:SelfFormingGoo","Slimebound:MinionMaster"],"picked":"Slimebound:OneTwoCombo","floor":16.0},{"not_picked":["Slimebound:ViciousTackle","Slimebound:SlimeSpikes+1"],"picked":"Slimebound:GrowthPunch","floor":19.0},{"not_picked":["Slimebound:SamplingLick","Slimebound:SplitLeeching"],"picked":"Slimebound:LeechEnergy","floor":20.0},{"not_picked":["Slimebound:ComboTackle","Slimebound:AcidTongue","Slimebound:PressTheAttack"],"picked":"SKIP","floor":21.0},{"not_picked":["Slimebound:DisruptingSlam","Slimebound:ComboTackle"],"picked":"Slimebound:Equalize+1","floor":22.0},{"not_picked":["Slimebound:SelfFormingGoo","Slimebound:FirmFortitude+1"],"picked":"Slimebound:SamplingLick","floor":27.0},{"not_picked":["Slimebound:ForwardTackle","Slimebound:LeechEnergy","Slimebound:ViciousTackle"],"picked":"SKIP","floor":28.0},{"not_picked":["Slimebound:SplitAcid+1","Slimebound:SplitBruiser","Slimebound:FinishingTackle"],"picked":"SKIP","floor":29.0},{"not_picked":["Slimebound:LeadByExample","Slimebound:SlimeTap"],"picked":"Slimebound:Gluttony","floor":31.0},{"not_picked":["Slimebound:SplitAcid","Slimebound:LeechingTouch"],"picked":"Slimebound:SpikyOuterGoop+1","floor":32.0},{"not_picked":["Slimebound:MinionMaster","Slimebound:PrepareCrush"],"picked":"Slimebound:OozeBath","floor":33.0},{"not_picked":["Slimebound:ViciousTackle+1","Slimebound:ServeAndProtect"],"picked":"Slimebound:SlimeBrawl","floor":36.0},{"not_picked":["Slimebound:SplitAcid+1","Slimebound:LeechingTouch"],"picked":"Slimebound:LeadByExample","floor":39.0},{"not_picked":["Slimebound:ForwardTackle","Slimebound:RejuvenatingLick"],"picked":"Slimebound:AcidTongue","floor":40.0},{"not_picked":["Slimebound:FinishingTackle","Slimebound:GoopSpray"],"picked":"Slimebound:GrowthPunch+1","floor":43.0},{"not_picked":["expansioncontent:Hexaburn","expansioncontent:DonusPower"],"picked":"expansioncontent:DecasProtection","floor":45.0},{"not_picked":["Slimebound:FirmFortitude","Slimebound:SplitBruiser"],"picked":"Slimebound:LeechEnergy+1","floor":47},{"not_picked":["Slimebound:PressTheAttack","Slimebound:MassFeed"],"picked":"Slimebound:HauntingLick+1","floor":48},{"not_picked":["Slimebound:Nibble+1","Slimebound:RollThrough+1","Slimebound:ViciousTackle"],"picked":"SKIP","floor":49}],"player_experience":851267,"relics_obtained":[{"floor":7.0,"key":"Dream Catcher"},{"floor":9.0,"key":"Orichalcum"},{"floor":14.0,"key":"downfall:GremlinSack"},{"floor":24.0,"key":"Slimebound:MaxSlimesRelic"},{"floor":26.0,"key":"Regal Pillow"},{"floor":28.0,"key":"Boot"},{"floor":41.0,"key":"Bag of Preparation"},{"floor":43.0,"key":"Torii"},{"floor":44.0,"key":"Unceasing Top"},{"floor":48,"key":"MealTicket"}],"event_choices":[{"damage_healed":0.0,"max_hp_gain":0.0,"max_hp_loss":0.0,"gold_gain":0.0,"event_name":"Mysterious Sphere","player_choice":"Fight","floor":44.0,"gold_loss":0.0,"damage_taken":0.0}],"is_beta":false,"boss_relics":[{"not_picked":["Astrolabe","Pandora\u0027s Box"],"picked":"Empty Cage"},{"not_picked":["Tiny House","Sozu"],"picked":"SlaversCollar"}],"items_purged_floors":[],"is_endless":false,"potions_floor_spawned":[2,14,15,16,21,28,29,31,36,39,43,47],"ascension_level":1}}