{"host":"7nu0fnckee4tlfez","time":1609161155,"event":{"mods":["2.2 Compatiblity","AchievementEnabler","Astrologer","BaseMod","CapriCore","Colored Map","Downfall","Hermit","Lobotomy","Marisa£¨Ùöéë¡¡Øª×âÞÞ£©","Minty Spire (QoL Compilation)","Quick Restart","StSLib","SuperFastMode","The Cursed","The Hierophant","The Immortal"],"gold_per_floor":[14,14,28,28,28,67,92,92,115,139,152,152,170,95,95,224,224,240,11,24,48,48,48,87,87,87,112,152,152,186,211,211,336,336,352,352,368,32,32,32,55,96,96,96,429,8,41,64,64,64,64,64,64,14,46,46,46],"floor_reached":56,"playtime":1765,"items_purged":["Strike_R","Strike_R","Defend_R"],"score":840,"play_id":"4c6d2457-6a61-4a43-a014-b751497b8035","local_time":"20201228221235","is_ascension_mode":false,"campfire_choices":[{"data":"Warcry","floor":8.0,"key":"SMITH"},{"floor":15.0,"key":"RECALL"},{"floor":23.0,"key":"REST"},{"floor":25.0,"key":"REST"},{"floor":29.0,"key":"REST"},{"floor":32.0,"key":"REST"},{"floor":40.0,"key":"REST"},{"floor":49.0,"key":"REST"},{"floor":53.0,"key":"REST"}],"circlet_count":0,"master_deck":["Strike_R","Strike_R","Defend_R","Defend_R","Defend_R","Bash","Evolve","Shrug It Off","Warcry+1","Blood for Blood","Pummel+1","Blood for Blood","Wild Strike","Demon Form","Dramatic Entrance","Shrug It Off","J.A.X.","Headbutt","Dropkick+1","Wild Strike+1","Immolate","Dual Wield+1","Fire Breathing","Heavy Blade+1","Pummel+1","Intimidate+1"],"relics":["Burning Blood","Boot","Orichalcum","Fusion Hammer","Regal Pillow","Darkstone Periapt","MealTicket","Art of War","Mark of Pain","Strawberry","Bottled Tornado","Sundial","Pear","Bag of Marbles","Happy Flower","TungstenRod"],"acts_visited":["Exordium","TheCity","TheBeyond","TheEnding"],"potions_floor_usage":[56,56],"damage_taken":[{"damage":0.0,"enemies":"Small Slimes","floor":1.0,"turns":3.0},{"damage":9.0,"enemies":"Cultist","floor":3.0,"turns":4.0},{"damage":49.0,"enemies":"Lagavulin","floor":6.0,"turns":10.0},{"damage":3.0,"enemies":"Jaw Worm","floor":7.0,"turns":5.0},{"damage":6.0,"enemies":"Blue Slaver","floor":10.0,"turns":5.0},{"damage":5.0,"enemies":"Exordium Thugs","floor":11.0,"turns":5.0},{"damage":6.0,"enemies":"Lots of Slimes","floor":13.0,"turns":6.0},{"damage":30.0,"enemies":"Hexaghost","floor":16.0,"turns":8.0},{"damage":15.0,"enemies":"Spheric Guardian","floor":18.0,"turns":5.0},{"damage":8.0,"enemies":"Chosen","floor":20.0,"turns":6.0},{"damage":9.0,"enemies":"3 Cultists","floor":21.0,"turns":5.0},{"damage":36.0,"enemies":"Book of Stabbing","floor":24.0,"turns":4.0},{"damage":31.0,"enemies":"Shelled Parasite and Fungi","floor":27.0,"turns":6.0},{"damage":28.0,"enemies":"Slavers","floor":28.0,"turns":5.0},{"damage":70.0,"enemies":"Gremlin Leader","floor":30.0,"turns":5.0},{"damage":18.0,"enemies":"Chosen and Byrds","floor":31.0,"turns":5.0},{"damage":42.0,"enemies":"Collector","floor":33.0,"turns":8.0},{"damage":5.0,"enemies":"3 Shapes","floor":35.0,"turns":3.0},{"damage":5.0,"enemies":"Orb Walker","floor":37.0,"turns":2.0},{"damage":0.0,"enemies":"Writhing Mass","floor":39.0,"turns":1.0},{"damage":8.0,"enemies":"4 Shapes","floor":41.0,"turns":4.0},{"damage":17.0,"enemies":"Giant Head","floor":42.0,"turns":5.0},{"damage":67.0,"enemies":"Reptomancer","floor":47.0,"turns":5.0},{"damage":107.0,"enemies":"Time Eater","floor":50.0,"turns":9.0},{"damage":39.0,"enemies":"Shield and Spear","floor":55.0,"turns":4.0},{"damage":90,"enemies":"The Heart","floor":56,"turns":5}],"seed_played":"4194127798899641465","potions_obtained":[{"floor":1.0,"key":"Fire Potion"},{"floor":2.0,"key":"Regen Potion"},{"floor":2.0,"key":"LiquidBronze"},{"floor":7.0,"key":"Fruit Juice"},{"floor":11.0,"key":"EntropicBrew"},{"floor":21.0,"key":"Strength Potion"},{"floor":33.0,"key":"SmokeBomb"},{"floor":55.0,"key":"Fruit Juice"}],"is_trial":false,"path_per_floor":["M","?","M","$","?","E","M","R","T","M","M","?","M","$","R","B",null,"M","$","M","M","?","R","E","R","T","M","E","R","E","M","R","B",null,"M","?","M","$","M","R","M","E","T","?","?","$","E","T","R","B",null,null,"R","$","E","B"],"character_chosen":"IRONCLAD","items_purchased":["Regal Pillow","Dramatic Entrance","Fire Breathing","Strawberry","Pear","BloodPotion","SteroidPotion"],"campfire_rested":7,"item_purchase_floors":[19,19,38,38,46,46,54],"current_hp_per_floor":[96,96,93,93,89,46,54,54,54,54,55,55,55,55,55,46,94,85,85,83,80,80,94,64,94,94,69,47,90,26,14,57,21,94,94,94,94,101,101,101,99,88,88,88,88,111,50,50,98,19,19,111,111,111,83,0,0],"gold":46,"neow_bonus":"TWENTY_PERCENT_HP_BONUS","is_daily":false,"chose_seed":false,"campfire_upgraded":1,"win_rate":0.0,"timestamp":1609161155,"path_taken":["M","?","M","?","?","E","?","R","T","M","M","?","M","?","R","BOSS","M","$","?","?","?","R","E","R","T","M","E","R","E","M","R","BOSS","M","?","?","?","M","R","M","E","T","?","?","?","E","?","R","BOSS","R","$","E","BOSS"],"items_purchased_type":["Relic","Card","Card","Relic","Relic","Potion","Potion"],"build_version":"2020-12-22","purchased_purges":3,"victory":false,"max_hp_per_floor":[96,96,96,96,89,89,94,94,94,94,94,94,94,94,94,94,94,94,94,94,94,94,94,94,94,94,94,94,94,94,94,94,94,94,94,94,94,101,101,101,101,101,101,101,101,111,111,111,111,111,111,111,111,111,116,116,116],"card_choices":[{"not_picked":["Inflame","Sword Boomerang"],"picked":"Evolve","floor":1.0},{"not_picked":["Anger","Intimidate"],"picked":"Shrug It Off","floor":3.0},{"not_picked":["Cleave","Entrench"],"picked":"Warcry","floor":6.0},{"not_picked":["Uppercut","Armaments"],"picked":"Blood for Blood","floor":7.0},{"not_picked":["Searing Blow","Seeing Red"],"picked":"Pummel","floor":10.0},{"not_picked":["Combust","Armaments"],"picked":"Blood for Blood","floor":11.0},{"not_picked":["Sever Soul","Metallicize"],"picked":"Wild Strike","floor":13.0},{"not_picked":["Berserk","Juggernaut"],"picked":"Demon Form","floor":16.0},{"not_picked":["Dual Wield","Rage+1"],"picked":"Shrug It Off+1","floor":18.0},{"not_picked":["Armaments","Perfected Strike","Cleave"],"picked":"SKIP","floor":20.0},{"not_picked":["Headbutt","Ghostly Armor","Shrug It Off"],"picked":"SKIP","floor":21.0},{"not_picked":["Headbutt","Ghostly Armor"],"picked":"Shrug It Off","floor":21.0},{"not_picked":["Warcry","Body Slam","Sword Boomerang"],"picked":"SKIP","floor":24.0},{"not_picked":["Bloodletting","Hemokinesis"],"picked":"Headbutt","floor":27.0},{"not_picked":["Dark Embrace","Twin Strike","Infernal Blade"],"picked":"SKIP","floor":28.0},{"not_picked":["Feel No Pain","Body Slam"],"picked":"Dropkick+1","floor":30.0},{"not_picked":["Whirlwind","Anger+1"],"picked":"Wild Strike+1","floor":31.0},{"not_picked":["Berserk","Impervious"],"picked":"Immolate","floor":33.0},{"not_picked":["Pommel Strike+1","Anger+1"],"picked":"Dual Wield+1","floor":35.0},{"not_picked":["Headbutt+1","Metallicize+1","Perfected Strike"],"picked":"SKIP","floor":37.0},{"not_picked":["Infernal Blade+1","Uppercut","Thunderclap"],"picked":"SKIP","floor":41.0},{"not_picked":["Infernal Blade+1","Flex"],"picked":"Heavy Blade+1","floor":42.0},{"not_picked":["Metallicize","Ghostly Armor+1"],"picked":"Pummel+1","floor":47.0},{"not_picked":["Whirlwind+1","Fire Breathing+1"],"picked":"Intimidate+1","floor":55.0}],"player_experience":83306,"relics_obtained":[{"floor":6.0,"key":"Boot"},{"floor":9.0,"key":"Orichalcum"},{"floor":24.0,"key":"Darkstone Periapt"},{"floor":28.0,"key":"MealTicket"},{"floor":30.0,"key":"Art of War"},{"floor":42.0,"key":"Bottled Tornado"},{"floor":43.0,"key":"Sundial"},{"floor":47.0,"key":"Bag of Marbles"},{"floor":48.0,"key":"Happy Flower"},{"floor":55.0,"key":"TungstenRod"}],"event_choices":[{"damage_healed":0.0,"max_hp_gain":0.0,"max_hp_loss":0.0,"gold_gain":0.0,"event_name":"Lab","player_choice":"Got Potions","floor":2.0,"gold_loss":0.0,"damage_taken":0.0},{"damage_healed":0.0,"max_hp_gain":0.0,"max_hp_loss":7.0,"gold_gain":0.0,"event_name":"Golden Idol","player_choice":"Lose Max HP","floor":5.0,"gold_loss":0.0,"damage_taken":0.0,"relics_obtained":["Golden Idol"]},{"damage_healed":0.0,"max_hp_gain":0.0,"max_hp_loss":0.0,"gold_gain":0.0,"event_name":"Upgrade Shrine","player_choice":"Upgraded","floor":12.0,"gold_loss":0.0,"damage_taken":0.0,"cards_upgraded":["Pummel"]},{"damage_healed":0.0,"max_hp_gain":0.0,"max_hp_loss":0.0,"gold_gain":0.0,"event_name":"Drug Dealer","player_choice":"Obtain J.A.X.","floor":22.0,"gold_loss":0.0,"damage_taken":0.0,"cards_obtained":["J.A.X."]},{"cards_removed":["Strike_R"],"damage_healed":0.0,"max_hp_gain":0.0,"max_hp_loss":0.0,"gold_gain":0.0,"event_name":"Bonfire Elementals","player_choice":"Offered Basic","floor":36.0,"gold_loss":0.0,"damage_taken":0.0},{"cards_removed":["Shrug It Off"],"damage_healed":0.0,"max_hp_gain":0.0,"max_hp_loss":0.0,"gold_gain":0.0,"event_name":"Falling","player_choice":"Removed Skill","floor":44.0,"gold_loss":0.0,"damage_taken":0.0},{"damage_healed":0.0,"max_hp_gain":0.0,"max_hp_loss":0.0,"gold_gain":333.0,"event_name":"The Moai Head","player_choice":"Gave Idol","floor":45.0,"relics_lost":["Golden Idol"],"gold_loss":0.0,"damage_taken":0.0}],"is_beta":false,"boss_relics":[{"not_picked":["Snecko Eye","Tiny House"],"picked":"Fusion Hammer"},{"not_picked":["Pandora\u0027s Box","Philosopher\u0027s Stone"],"picked":"Mark of Pain"}],"items_purged_floors":[14,38,46],"is_endless":false,"potions_floor_spawned":[1,7,11,13,21,24,27,33,39,55],"killed_by":"The Heart","ascension_level":0}}