{"host":"iy58fyt9wsbv4cf1","time":1609121411,"event":{"mods":["BaseMod","Better Altar","Better Match","Better Skull","Better Third Choice","BetterRewards","Conspire","Custom Start","Defuse TimeMaze Blight","Hubris","Infinite Spire","Minty Spire (QoL Compilation)","Permanent Neow","Quick Restart","Spicy Shops","StSLib"],"gold_per_floor":[115,115,40,0,0,0,31,31,102,133,145,159,174,229,229,333,383,399,399,399,414,414,414,283,296,296,322,195,227,142,153,153,255,255,272,172,172,186,186,212,224,224,250,281,503,503,548,561,561,561,561,561,380,412,412],"floor_reached":56,"playtime":1196,"items_purged":["Strike_R","Strike_R","Strike_R"],"score":2274,"play_id":"c252ea42-a894-45b4-9d41-c84009924c41","local_time":"20201227211011","is_ascension_mode":true,"campfire_choices":[{"data":"Inflame","floor":6,"key":"SMITH"},{"data":"conspire:Purge","floor":8,"key":"SMITH"},{"data":"Flex","floor":15,"key":"SMITH"},{"floor":23,"key":"RECALL"},{"data":"Heavy Blade","floor":32,"key":"SMITH"},{"data":"Trip","floor":42,"key":"SMITH"},{"data":"Thunderclap","floor":46,"key":"SMITH"},{"data":"Master of Strategy","floor":49,"key":"SMITH"},{"data":"Master of Strategy","floor":52,"key":"SMITH"}],"circlet_count":0,"master_deck":["Inflame+1","Flex+1","Limit Break+1","Master of Strategy+1","Limit Break+1","Flex+1","Shrug It Off","Thunderclap+1","Battle Trance","Impervious","Trip+1","Dropkick+1","Heavy Blade+1","Master of Strategy+1","Master of Strategy"],"relics":["Burning Blood","Juzu Bracelet","HandDrill","Strawberry","Membership Card","hubris:SlimyHat","Lee\u0027s Waffle","Vajra","Pear","Omamori","Ice Cream","infinitespire:Lucky Rock","War Paint","PreservedInsect","Question Card","Strange Spoon","DollysMirror","Mummified Hand","Lantern","Bottled Tornado","Bag of Preparation","hubris:Icosahedron","Mango","hubris:ChampionShield","hubris:OldNail","Tiny House","Frozen Egg 2","Red Mask","infinitespire:Eraser","Tiny Chest","Red Skull","SlaversCollar","hubris:TerracottaHorce","Nunchaku","Ancient Tea Set","infinitespire:BottledMercury","Boot","Sling","infinitespire:Beetle Shell","Blood Vial","infinitespire:Satchel"],"acts_visited":["Exordium","TheCity","TheBeyond","TheEnding"],"potions_floor_usage":[],"damage_taken":[{"damage":2,"enemies":"conspire:RoseBush","floor":1,"turns":1},{"damage":27,"enemies":"Gremlin Nob","floor":7,"turns":3},{"damage":8,"enemies":"3 Sentries","floor":10,"turns":3},{"damage":5,"enemies":"Jaw Worm","floor":11,"turns":1},{"damage":0,"enemies":"Cultist","floor":12,"turns":2},{"damage":10,"enemies":"Lots of Slimes","floor":13,"turns":2},{"damage":5,"enemies":"Slime Boss","floor":16,"turns":2},{"damage":13,"enemies":"3 Byrds","floor":18,"turns":3},{"damage":0,"enemies":"conspire:FuzzyDice","floor":21,"turns":2},{"damage":6,"enemies":"3 Cultists","floor":25,"turns":4},{"damage":0,"enemies":"Masked Bandits","floor":27,"turns":1},{"damage":0,"enemies":"conspire:SneckoGhost","floor":29,"turns":1},{"damage":0,"enemies":"Shelled Parasite and Fungi","floor":31,"turns":2},{"damage":0,"enemies":"hubris:MusketHawk","floor":33,"turns":1},{"damage":3,"enemies":"3 Darklings","floor":35,"turns":3},{"damage":0,"enemies":"3 Shapes","floor":38,"turns":1},{"damage":0,"enemies":"Nightmare","floor":40,"turns":1},{"damage":0,"enemies":"Jaw Worm Horde","floor":41,"turns":1},{"damage":0,"enemies":"Reptomancer","floor":44,"turns":1},{"damage":0,"enemies":"Spire Growth","floor":48,"turns":1},{"damage":0,"enemies":"Time Eater","floor":50,"turns":1},{"damage":0,"enemies":"Shield and Spear","floor":54,"turns":1},{"damage":69,"enemies":"The Heart","floor":55,"turns":3}],"seed_played":"1323345835707610357","potions_obtained":[{"floor":7,"key":"BloodPotion"},{"floor":12,"key":"FearPotion"},{"floor":13,"key":"BlessingOfTheForge"}],"is_trial":false,"path_per_floor":["M","?","?","$","?","R","E","R","T","E","M","M","M","T","R","B",null,"M","?","?","M","$","R","$","M","T","?","$","E","?","M","R","B",null,"M","NS","?","M","AVR","NM","M","R","T","E","?","R","T","M","R","B",null,"R","$","E","B",null],"character_chosen":"IRONCLAD","items_purchased":["Juzu Bracelet","HandDrill","Strawberry","Membership Card","hubris:SlimyHat","Inflame","Flex","Limit Break","Lee\u0027s Waffle","Vajra","Pear","Omamori","Ice Cream","Master of Strategy","infinitespire:Lucky Rock","War Paint","PreservedInsect","Question Card","conspire:Purge","Strange Spoon","DollysMirror","Mummified Hand","Lantern","Flex","Bottled Tornado","Bag of Preparation","Shrug It Off","Battle Trance","Trip","infinitespire:Eraser","Sling","infinitespire:Beetle Shell","Blood Vial"],"campfire_rested":0,"item_purchase_floors":[0,0,0,0,0,0,0,0,0,0,0,0,0,0,0,0,0,0,0,0,0,0,0,0,0,0,0,4,24,28,53,53,53],"current_hp_per_floor":[104,104,104,104,97,97,90,90,90,88,89,95,91,91,91,92,123,116,119,103,109,109,109,109,109,109,115,115,121,121,126,126,126,126,126,126,116,122,122,126,126,126,126,126,126,126,126,126,126,126,126,126,126,126,63],"gold":412,"neow_bonus":"","is_daily":false,"chose_seed":false,"campfire_upgraded":8,"win_rate":0.0,"timestamp":1609121411,"path_taken":["M","?","?","$","?","R","E","R","T","E","M","M","M","?","R","BOSS","M","?","?","M","$","R","$","M","T","?","?","E","?","M","R","BOSS","M","NS","?","M","AVR","NM","M","R","T","E","?","R","?","M","R","BOSS","R","$","E","BOSS"],"items_purchased_type":["Relic","Relic","Relic","Relic","Relic","Card","Card","Card","Relic","Relic","Relic","Relic","Relic","Card","Relic","Relic","Relic","Relic","Card","Relic","Relic","Relic","Relic","Card","Relic","Relic","Card","Card","Card","Relic","Relic","Relic","Relic"],"build_version":"2020-12-22","purchased_purges":3,"victory":true,"max_hp_per_floor":[104,104,104,104,104,104,118,118,118,118,118,118,118,118,118,118,123,123,126,126,126,126,126,126,126,126,126,126,126,126,126,126,126,126,126,126,126,126,126,126,126,126,126,126,126,126,126,126,126,126,126,126,126,126,126],"card_choices":[{"not_picked":["hubris:ReadiedAction","Iron Wave","Twin Strike","Uppercut"],"picked":"SKIP","floor":1},{"not_picked":["Warcry","Sword Boomerang","Clash"],"picked":"Thunderclap","floor":3},{"not_picked":["Warcry","Wild Strike","Dual Wield","Carnage"],"picked":"SKIP","floor":7},{"not_picked":["Pommel Strike","hubris:StunningStrike","Fire Breathing","Armaments"],"picked":"SKIP","floor":10},{"not_picked":["Cleave","Pommel Strike","Flex","Reckless Charge"],"picked":"SKIP","floor":11},{"not_picked":["Uppercut","Whirlwind","Pommel Strike","Body Slam"],"picked":"SKIP","floor":12},{"not_picked":["hubris:CleavingFinish","Feel No Pain","hubris:ReadiedAction","Pommel Strike"],"picked":"SKIP","floor":13},{"not_picked":["Corruption","Fiend Fire","Feed"],"picked":"Impervious","floor":16},{"not_picked":["Sword Boomerang","conspire:Charge","Headbutt","Thunderclap"],"picked":"SKIP","floor":18},{"not_picked":["Sword Boomerang","conspire:Charge","Headbutt","Thunderclap"],"picked":"SKIP","floor":18},{"not_picked":["Perfected Strike","Thunderclap+1","Spot Weakness","Havoc"],"picked":"SKIP","floor":21},{"not_picked":["Feed","Disarm+1","Shrug It Off","Body Slam"],"picked":"SKIP","floor":25},{"not_picked":["Bloodletting","Clash","Sword Boomerang"],"picked":"Dropkick+1","floor":27},{"not_picked":["Anger","Sword Boomerang","Dropkick","Berserk+1"],"picked":"SKIP","floor":29},{"not_picked":["Shockwave+1","Rampage","Warcry"],"picked":"Heavy Blade","floor":31},{"not_picked":["Iron Wave","Dual Wield+1","Armaments+1","Power Through"],"picked":"SKIP","floor":35},{"not_picked":["Secret Weapon","Sadistic Nature+1","HandOfGreed"],"picked":"Master of Strategy","floor":37},{"not_picked":["Impatience","Deep Breath","Metamorphosis"],"picked":"Master of Strategy","floor":37},{"not_picked":["Thunderclap+1","Second Wind+1","Rage","Cleave"],"picked":"SKIP","floor":38},{"not_picked":["Spot Weakness","Second Wind+1","Shrug It Off+1","Armaments+1"],"picked":"SKIP","floor":40},{"not_picked":["Heavy Blade+1","Wild Strike+1","Clothesline+1","Armaments+1"],"picked":"SKIP","floor":41},{"not_picked":["Headbutt","Dual Wield+1","Shockwave","Demon Form+1"],"picked":"SKIP","floor":44},{"not_picked":["Cleave+1","Heavy Blade","Flex","Wild Strike+1"],"picked":"SKIP","floor":48},{"not_picked":["Iron Wave+1","Twin Strike","Rampage","Demon Form+1"],"picked":"SKIP","floor":54}],"player_experience":33454,"relics_obtained":[{"floor":7,"key":"Mango"},{"floor":10,"key":"hubris:ChampionShield"},{"floor":14,"key":"hubris:OldNail"},{"floor":26,"key":"Frozen Egg 2"},{"floor":27,"key":"Red Mask"},{"floor":29,"key":"Tiny Chest"},{"floor":40,"key":"Nunchaku"},{"floor":43,"key":"Ancient Tea Set"},{"floor":44,"key":"infinitespire:BottledMercury"},{"floor":47,"key":"Boot"},{"floor":54,"key":"infinitespire:Satchel"}],"event_choices":[{"damage_healed":0,"gold_gain":0,"player_choice":"1","damage_taken":0,"max_hp_gain":0,"max_hp_loss":0,"event_name":"betterMatch:BetterMatch","floor":3,"gold_loss":0,"cards_obtained":["betterMatch:CommonCard","betterMatch:UncommonCard"]},{"cards_removed":["Defend_R"],"damage_healed":0,"gold_gain":0,"player_choice":"Card Removal","damage_taken":7,"max_hp_gain":0,"max_hp_loss":0,"event_name":"Golden Wing","floor":5,"gold_loss":0},{"damage_healed":0,"gold_gain":0,"player_choice":"Obtained Book","damage_taken":16,"max_hp_gain":0,"max_hp_loss":0,"event_name":"Cursed Tome","floor":20,"gold_loss":0},{"damage_healed":0,"gold_gain":0,"player_choice":"Fought Bandits","damage_taken":0,"max_hp_gain":0,"max_hp_loss":0,"event_name":"Masked Bandits","floor":27,"gold_loss":0},{"damage_healed":0,"gold_gain":0,"player_choice":"Obtained Relic","damage_taken":0,"relics_obtained":["Red Skull"],"max_hp_gain":0,"max_hp_loss":0,"event_name":"Addict","floor":30,"gold_loss":85},{"damage_healed":0,"gold_gain":0,"player_choice":"Memory 3","damage_taken":10,"max_hp_gain":0,"max_hp_loss":0,"event_name":"SensoryStone","floor":37,"gold_loss":0},{"damage_healed":0,"gold_gain":222,"player_choice":"Wore Mask","damage_taken":0,"max_hp_gain":0,"max_hp_loss":0,"event_name":"Tomb of Lord Red Mask","floor":45,"gold_loss":0}],"is_beta":false,"boss_relics":[{"not_picked":["Cursed Key","conspire:RoyalGoblet"],"picked":"Tiny House"},{"not_picked":["hubris:ScarierMask","Busted Crown"],"picked":"SlaversCollar"}],"items_purged_floors":[24,24,28],"is_endless":false,"potions_floor_spawned":[7,12,13,27,29,33,40,44,48],"ascension_level":5}}