{"host":"qj91dvco5uhu9oti","time":1609154689,"event":{"mods":["BaseMod","Colored Map","Keyboard Shortcuts","Minty Spire (QoL Compilation)","Permanent Neow","Quick Restart","Relic Stats","StSLib","SuperFastMode","everything is the same but u backflip on backflip"],"gold_per_floor":[119,131,131,42,53,53,65,65,65],"floor_reached":8,"playtime":140,"items_purged":[],"score":96,"play_id":"a1f9c047-aba2-48d0-a85d-ad9fbe9bc703","local_time":"20201228202449","is_ascension_mode":true,"campfire_choices":[{"data":"Inflame","floor":6.0,"key":"SMITH"}],"circlet_count":0,"master_deck":["AscendersBane","Strike_R","Strike_R","Strike_R","Strike_R","Defend_R","Defend_R","Defend_R","Defend_R","Bash","Reaper","Flame Barrier","Inflame+1","Burning Pact","Shockwave"],"relics":["Burning Blood"],"acts_visited":["Exordium"],"potions_floor_usage":[],"damage_taken":[{"damage":11.0,"enemies":"Small Slimes","floor":1.0,"turns":5.0},{"damage":7.0,"enemies":"2 Louse","floor":2.0,"turns":4.0},{"damage":11.0,"enemies":"Cultist","floor":5.0,"turns":4.0},{"damage":10.0,"enemies":"2 Fungi Beasts","floor":7.0,"turns":4.0},{"damage":0,"enemies":"3 Sentries","floor":8,"turns":1}],"seed_played":"-1067334588070218234","potions_obtained":[{"floor":1.0,"key":"AttackPotion"},{"floor":7,"key":"GamblersBrew"}],"is_trial":false,"path_per_floor":["M","M","?","$","M","R","M","E"],"character_chosen":"IRONCLAD","items_purchased":["Burning Pact"],"campfire_rested":0,"item_purchase_floors":[4],"current_hp_per_floor":[49,54,47,47,42,42,52,52,52],"gold":65,"neow_bonus":"THREE_RARE_CARDS","is_daily":false,"chose_seed":true,"campfire_upgraded":1,"win_rate":0.0,"timestamp":1609154689,"path_taken":["M","M","?","$","M","R","M","E"],"items_purchased_type":["Card"],"build_version":"2020-12-22","purchased_purges":0,"victory":false,"max_hp_per_floor":[75,75,75,75,75,75,75,75,75],"relic_stats":{"counters":[5,18],"obtain_stats":[{"Burning Blood":0},{"Burning Blood":0},{"Burning Blood":0}],"Burning Blood":24},"card_choices":[{"not_picked":["Demon Form","Barricade"],"picked":"Reaper","floor":0.0},{"not_picked":["Searing Blow","Ghostly Armor"],"picked":"Flame Barrier","floor":1.0},{"not_picked":["Twin Strike","Shockwave"],"picked":"Inflame","floor":2.0},{"not_picked":["Feel No Pain","Fire Breathing"],"picked":"Shockwave","floor":5.0},{"not_picked":["Twin Strike","Body Slam","Dual Wield"],"picked":"SKIP","floor":7}],"player_experience":315849,"relics_obtained":[],"event_choices":[{"cards_removed":["Strike_R"],"damage_healed":0.0,"max_hp_gain":0.0,"max_hp_loss":0.0,"gold_gain":0.0,"event_name":"Golden Wing","player_choice":"Card Removal","floor":3.0,"gold_loss":0.0,"damage_taken":7.0}],"is_beta":false,"boss_relics":[],"items_purged_floors":[],"is_endless":false,"potions_floor_spawned":[1,7],"killed_by":"3 Sentries","ascension_level":20}}