{"host":"g1wmg2w41xhsnw8g","time":1609199693,"event":{"mods":["2.2 Compatiblity","Act Like it!","BaseMod","Better Altar","Better Match","Better Note","Better Sensory Stone","Better Skull","Better Third Choice","BetterRewards","Booster Modes","CapriCore","Colored Map","Colored Powertips","Curses Come First","Defuse TimeMaze Blight","Displayed Cursed Tome","Friendly Minions","GifTheSpireLib","Googly Eyes","Hubris","Infinite Spire","Minty Spire (QoL Compilation)","Red Circlet Mod","Relic Sorter","SCP261 Mod","Shop Mod","Spicy Shops","StSLib","The Animator","The Poker Player","The Sage","Transform Curses","Wandering Minibosses","????"],"gold_per_floor":[117,117,117,128,128,159,159,169,169,169,181,193,224,241,241,343,343,355,355,373,373,383,12,46,79,79,79,98,13,13,41,41,41,41,41],"floor_reached":33,"playtime":1449,"items_purged":[],"score":408,"play_id":"16f99f4a-082b-41c2-966e-4227bb660eba","local_time":"20201228185453","daily_mods":["Specialized","Heirloom","Elite Swarm"],"is_ascension_mode":true,"metric_token":2258,"campfire_choices":[{"data":"PokerPlayerMod:Promotion","floor":7,"key":"SMITH"},{"data":"PokerPlayerMod:Spade6","floor":15,"key":"SMITH"},{"data":"infinitespire:TheBestDefense","floor":27,"key":"SMITH"},{"data":"PokerPlayerMod:TheDieIsCast","floor":32,"key":"SMITH"}],"circlet_count":0,"master_deck":["animator:KrulTepes+1","PokerPlayerMod:Diamond1","PokerPlayerMod:Diamond2","PokerPlayerMod:Diamond3","PokerPlayerMod:Diamond4","PokerPlayerMod:Diamond5","PokerPlayerMod:Spade1","PokerPlayerMod:Spade2","PokerPlayerMod:Spade3","PokerPlayerMod:Spade4","PokerPlayerMod:Club2","PokerPlayerMod:Club2","PokerPlayerMod:Heart2","PokerPlayerMod:TrumpStrike","PokerPlayerMod:BadJoker+1","PokerPlayerMod:Mulligan","PokerPlayerMod:VarietyAttack","PokerPlayerMod:VarietyAttack","PokerPlayerMod:VarietyAttack","PokerPlayerMod:VarietyAttack","PokerPlayerMod:VarietyAttack","PokerPlayerMod:Club7","PokerPlayerMod:Heart7","PokerPlayerMod:Promotion+1","PokerPlayerMod:Spade7","PokerPlayerMod:Diamond9","infinitespire:TheBestDefense+1","PokerPlayerMod:Trickery+1","PokerPlayerMod:Extraction","PokerPlayerMod:ItsShowtime+1","PokerPlayerMod:ChangeRules","PokerPlayerMod:TheDieIsCast+1"],"relics":["PokerPlayerMod:DeckCase","WingedGreaves","Blood Vial","Centennial Puzzle","hubris:Potato","Smiling Mask","Coffee Dripper","Philosopher\u0027s Stone","MealTicket","hubris:TenFootPole","Lee\u0027s Waffle","Blood Vial","Nunchaku","Pocketwatch","Tiny Chest","War Paint","Blood Vial","Regal Pillow"],"acts_visited":["Exordium","TheCity"],"potions_floor_usage":[16,16,18,20,24],"damage_taken":[{"damage":0,"enemies":"Cultist","floor":1,"turns":1},{"damage":0,"enemies":"2 Louse","floor":4,"turns":1},{"damage":1,"enemies":"3 Sentries","floor":6,"turns":3},{"damage":5,"enemies":"Jaw Worm","floor":8,"turns":2},{"damage":0,"enemies":"2 Fungi Beasts","floor":11,"turns":2},{"damage":0,"enemies":"3 Louse","floor":12,"turns":1},{"damage":4,"enemies":"Gremlin Nob","floor":13,"turns":3},{"damage":0,"enemies":"Exordium Thugs","floor":14,"turns":2},{"damage":0,"enemies":"Slime Boss","floor":16,"turns":4},{"damage":10,"enemies":"2 Thieves","floor":18,"turns":5},{"damage":1,"enemies":"Shell Parasite","floor":20,"turns":2},{"damage":8,"enemies":"Sentry and Sphere","floor":22,"turns":3},{"damage":5,"enemies":"Nightmare","floor":24,"turns":5},{"damage":11,"enemies":"Book of Stabbing","floor":25,"turns":4},{"damage":9,"enemies":"Shelled Parasite and Fungi","floor":28,"turns":2},{"damage":31,"enemies":"Slavers","floor":31,"turns":2},{"damage":48,"enemies":"Champ","floor":33,"turns":5}],"seed_played":"-996434973157282819","potions_obtained":[{"floor":4,"key":"Dexterity Potion"},{"floor":12,"key":"SCP261:BlastolaColaPotion"},{"floor":14,"key":"Strength Potion"},{"floor":16,"key":"SCP261:BlastolaColaPotion"},{"floor":18,"key":"DistilledChaos"},{"floor":22,"key":"SCP261:GirlTearsPotion"}],"is_trial":true,"path_per_floor":["M","?","?","M","$","E","R","M","T","?","M","M","E","M","R","B",null,"M","AVR","M","?","M","R","NM","E","T","R","M","?","$","E","R","B"],"character_chosen":"THE_POKER_PLAYER","items_purchased":["hubris:TenFootPole","Lee\u0027s Waffle","Blood Vial"],"campfire_rested":0,"item_purchase_floors":[23,23,23],"current_hp_per_floor":[52,52,52,52,52,51,51,52,52,52,52,52,48,52,52,52,52,47,47,48,48,42,59,58,58,58,58,50,50,59,31,31,0,0,0],"gold":41,"neow_bonus":"","is_daily":false,"chose_seed":false,"campfire_upgraded":4,"win_rate":0.0,"timestamp":1609199693,"path_taken":["M","?","?","M","?","E","R","M","T","?","?","M","E","M","R","BOSS","M","AVR","M","?","M","R","NM","E","T","R","M","?","?","E","R","BOSS"],"items_purchased_type":["Relic","Relic","Relic"],"build_version":"2020-12-22","purchased_purges":0,"victory":false,"max_hp_per_floor":[52,52,52,52,52,52,52,52,52,52,52,52,52,52,52,52,52,52,52,52,52,52,59,59,59,59,59,59,59,59,59,59,59,59,59],"card_choices":[{"not_picked":["PokerPlayerMod:MagicTrick","PokerPlayerMod:Diamond2"],"picked":"PokerPlayerMod:Club7","floor":1},{"not_picked":["PokerPlayerMod:Diamond2","PokerPlayerMod:Trickery"],"picked":"PokerPlayerMod:Heart7","floor":4},{"not_picked":["PokerPlayerMod:Diamond2","PokerPlayerMod:WildCard"],"picked":"PokerPlayerMod:Promotion","floor":6},{"not_picked":["PokerPlayerMod:HotShotCut","PokerPlayerMod:PoorCopy","PokerPlayerMod:ClubDance"],"picked":"SKIP","floor":8},{"not_picked":["PokerPlayerMod:Club2","PokerPlayerMod:Heart7","PokerPlayerMod:SecondChance"],"picked":"SKIP","floor":11},{"not_picked":["PokerPlayerMod:RiskyBet","PokerPlayerMod:Spade3","PokerPlayerMod:Trickery"],"picked":"SKIP","floor":12},{"not_picked":["PokerPlayerMod:Club2","PokerPlayerMod:Diamond4","PokerPlayerMod:RoyalStrike"],"picked":"SKIP","floor":13},{"not_picked":["PokerPlayerMod:Diamond4","PokerPlayerMod:Configure"],"picked":"PokerPlayerMod:Spade6","floor":14},{"not_picked":["PokerPlayerMod:StackedDeck","PokerPlayerMod:Spade10+"],"picked":"PokerPlayerMod:Diamond9","floor":16},{"not_picked":["PokerPlayerMod:Heart3","PokerPlayerMod:CardBurn","PokerPlayerMod:Configure"],"picked":"SKIP","floor":18},{"not_picked":["PokerPlayerMod:ClubStrike","PokerPlayerMod:Promotion"],"picked":"PokerPlayerMod:Trickery+1","floor":20},{"not_picked":["PokerPlayerMod:Configure","PokerPlayerMod:ClubsClub+1"],"picked":"PokerPlayerMod:Extraction","floor":22},{"not_picked":["PokerPlayerMod:Spade3","PokerPlayerMod:Duplicate"],"picked":"PokerPlayerMod:ItsShowtime","floor":24},{"not_picked":["PokerPlayerMod:Club1","PokerPlayerMod:WasteCollection"],"picked":"PokerPlayerMod:ChangeRules","floor":25},{"not_picked":["PokerPlayerMod:MagicTrick","PokerPlayerMod:Club1","PokerPlayerMod:Diamond3"],"picked":"SKIP","floor":28},{"not_picked":["PokerPlayerMod:Diamond9","PokerPlayerMod:Spade1"],"picked":"PokerPlayerMod:TheDieIsCast","floor":31}],"player_experience":1050659,"relics_obtained":[{"floor":6,"key":"Blood Vial"},{"floor":6,"key":"Centennial Puzzle"},{"floor":9,"key":"hubris:Potato"},{"floor":13,"key":"Smiling Mask"},{"floor":24,"key":"Nunchaku"},{"floor":25,"key":"Pocketwatch"},{"floor":26,"key":"Tiny Chest"},{"floor":31,"key":"Blood Vial"},{"floor":31,"key":"Regal Pillow"}],"event_choices":[{"damage_healed":0,"gold_gain":0,"player_choice":"Upgraded","damage_taken":0,"max_hp_gain":0,"max_hp_loss":0,"event_name":"Upgrade Shrine","floor":10,"gold_loss":0,"cards_upgraded":["PokerPlayerMod:Club2"]},{"cards_removed":["animator:KrulTepes"],"damage_healed":0,"gold_gain":0,"player_choice":"Give","damage_taken":0,"max_hp_gain":0,"max_hp_loss":0,"event_name":"betterNote:BetterNote","floor":21,"gold_loss":0,"cards_obtained":["None"]},{"damage_healed":0,"gold_gain":0,"player_choice":"Obtained Relic","damage_taken":0,"relics_obtained":["War Paint"],"max_hp_gain":0,"max_hp_loss":0,"event_name":"Addict","floor":29,"gold_loss":85}],"is_beta":false,"boss_relics":[{"not_picked":["hubris:GrandSneckoEye","hubris:HollowSoul"],"picked":"Coffee Dripper"}],"items_purged_floors":[],"is_endless":true,"potions_floor_spawned":[4,12,14,16,18,22],"killed_by":"Champ","ascension_level":1}}