{"host":"¿à÷økuyou","time":1609160387,"event":{"mods":["ATMod(°¢èªMod)","Act Like it!","BaseMod","Minty Spire (QoL Compilation)","Pale of the Ancients","Quick Restart","StSLib"],"gold_per_floor":[139,139,314,89,179,234,299,438,438,438,463,63,127,242,242,376,403,502,567,641,295,295,350,465,579,579,694,774,774,929,994,994,1194,1194,1324,1489,726,791,865,865,974,1069,1069,1094,1234,1298,602,717,717,892,941,1015,1040,290,290,355,355,80,80,205],"floor_reached":61,"playtime":2273,"items_purged":["Doubt","Strike_P","Metamorphosis","Defend_P","Strike_P","Strike_P"],"score":1728,"play_id":"fe3bb070-fcc3-4a17-a3bb-9094e780020a","local_time":"20201228205947","daily_mods":["Allstar","Colorless Cards","Night Terrors"],"is_ascension_mode":false,"campfire_choices":[{"floor":15.0,"key":"REST"},{"data":"Adaptation","floor":29.0,"key":"SMITH"},{"data":"Vault","floor":32.0,"key":"SMITH"},{"data":"Adaptation","floor":40.0,"key":"SMITH"},{"data":"Fasting2","floor":49.0,"key":"SMITH"},{"data":"Ragnarok","floor":55.0,"key":"SMITH"},{"data":"Eruption","floor":57.0,"key":"SMITH"}],"circlet_count":0,"master_deck":["Defend_P","Defend_P+1","Eruption+1","Vigilance+1","AT_ChampionStep+1","Dark Shackles","HandOfGreed","Apotheosis+1","Vault+1","EmptyMind+1","HandOfGreed","AT_RealFormLess+1","Crescendo+1","HandOfGreed+1","Sanctity","Ragnarok+1","Adaptation+1","DeusExMachina","MentalFortress","Adaptation+1","AT_OneInchPunch","Fasting2+1","Nirvana","TalkToTheHand+1","TalkToTheHand+1","Fasting2"],"relics":["PureWater","AT_ATBox","AT_MibuBalloonWealth","Mummified Hand","CeramicFish","Pear","Boot","AT_SeraphEmbrace","Medical Kit","AT_GuinsooRageblade","Astrolabe","OrangePellets","Nunchaku","War Paint","Singing Bowl","Pen Nib","Tiny Chest","Runic Dome","Juzu Bracelet","TeardropLocket","Toolbox","AT_Kusabimaru","FossilizedHelix","Molten Egg 2","Happy Flower","AT_ImmortalShieldbow","HandDrill","Oddly Smooth Stone","Lantern","paleoftheancients:Timepiece","Anchor","Gremlin Horn","paleoftheancients:SoulOfTheWatcher","AT_ChloranthyRing","Art of War","Pantograph","ClockworkSouvenir","Bottled Lightning"],"acts_visited":["Exordium","TheCity","TheBeyond","TheBeyond"],"potions_floor_usage":[60,60],"damage_taken":[{"damage":2.0,"enemies":"Small Slimes","floor":1.0,"turns":3.0},{"damage":0.0,"enemies":"2 Louse","floor":5.0,"turns":3.0},{"damage":8.0,"enemies":"Gremlin Nob","floor":6.0,"turns":3.0},{"damage":2.0,"enemies":"Jaw Worm","floor":7.0,"turns":4.0},{"damage":15.0,"enemies":"3 Sentries","floor":8.0,"turns":5.0},{"damage":29.0,"enemies":"Gremlin Nob","floor":13.0,"turns":5.0},{"damage":0.0,"enemies":"Exordium Wildlife","floor":14.0,"turns":4.0},{"damage":35.0,"enemies":"Slime Boss","floor":16.0,"turns":4.0},{"damage":15.0,"enemies":"2 Thieves","floor":18.0,"turns":3.0},{"damage":0.0,"enemies":"Shell Parasite","floor":19.0,"turns":4.0},{"damage":0.0,"enemies":"Shelled Parasite and Fungi","floor":20.0,"turns":1.0},{"damage":0.0,"enemies":"Book of Stabbing","floor":23.0,"turns":4.0},{"damage":0.0,"enemies":"3 Cultists","floor":24.0,"turns":2.0},{"damage":31.0,"enemies":"Gremlin Leader","floor":25.0,"turns":5.0},{"damage":4.0,"enemies":"Centurion and Healer","floor":27.0,"turns":3.0},{"damage":0.0,"enemies":"Book of Stabbing","floor":28.0,"turns":4.0},{"damage":8.0,"enemies":"Gremlin Leader","floor":30.0,"turns":4.0},{"damage":0.0,"enemies":"Snake Plant","floor":31.0,"turns":2.0},{"damage":0.0,"enemies":"Collector","floor":33.0,"turns":4.0},{"damage":0.0,"enemies":"3 Shapes","floor":35.0,"turns":1.0},{"damage":2.0,"enemies":"3 Darklings","floor":36.0,"turns":3.0},{"damage":10.0,"enemies":"Maw","floor":38.0,"turns":3.0},{"damage":7.0,"enemies":"Spire Growth","floor":39.0,"turns":3.0},{"damage":3.0,"enemies":"Mind Bloom Boss Battle","floor":41.0,"turns":3.0},{"damage":0.0,"enemies":"2 Orb Walkers","floor":42.0,"turns":3.0},{"damage":0.0,"enemies":"3 Darklings","floor":45.0,"turns":2.0},{"damage":0.0,"enemies":"Giant Head","floor":46.0,"turns":3.0},{"damage":0.0,"enemies":"Jaw Worm Horde","floor":48.0,"turns":2.0},{"damage":0.0,"enemies":"Awakened One","floor":50.0,"turns":4.0},{"damage":0.0,"enemies":"Awakened One","floor":51.0,"turns":4.0},{"damage":0.0,"enemies":"Awakened One","floor":52.0,"turns":2.0},{"damage":0.0,"enemies":"Awakened One","floor":56.0,"turns":4.0},{"damage":260,"enemies":"paleoftheancients:N","floor":60,"turns":5}],"seed_played":"3313543068594885719","potions_obtained":[{"floor":5.0,"key":"SkillPotion"},{"floor":6.0,"key":"DuplicationPotion"},{"floor":14.0,"key":"Explosive Potion"},{"floor":16.0,"key":"Energy Potion"},{"floor":18.0,"key":"PowerPotion"},{"floor":28.0,"key":"SkillPotion"},{"floor":33.0,"key":"Strength Potion"},{"floor":48.0,"key":"LiquidMemories"}],"is_trial":false,"path_per_floor":["M","?","?","$","M","E","M","E","T","?","T","$","E","M","R","B",null,"M","M","M","$","?","E","M","E","T","M","E","R","E","M","R","B",null,"M","M","$","M","M","R","?","?","T","T","M","E","$","M","R","B","M","M","T","$","R","M","R","$","?","B",null],"character_chosen":"WATCHER","items_purchased":["AT_MibuBalloonWealth","AT_ArchangelStaff","Medical Kit","OrangePellets","Adaptation","MentalFortress","Juzu Bracelet","TeardropLocket","Toolbox","HandDrill","Oddly Smooth Stone","Lantern","Nirvana","Art of War","Pantograph","ClockworkSouvenir","Bottled Lightning","Fasting2"],"campfire_rested":1,"item_purchase_floors":[4,12,12,21,21,37,37,37,37,47,47,47,47,54,54,54,58,58],"current_hp_per_floor":[70,70,70,70,70,62,60,45,55,39,39,39,10,10,77,42,77,62,62,62,62,62,62,62,31,31,29,31,31,25,27,27,29,87,89,89,89,81,74,74,71,73,73,73,75,75,75,77,77,99,99,99,99,99,99,101,101,101,101,30],"gold":205,"neow_bonus":"","is_daily":true,"chose_seed":false,"campfire_upgraded":6,"win_rate":0.0,"timestamp":1609160387,"path_taken":["M","?","?","$","?","E","M","E","T","?","?","$","E","M","R","BOSS","M","M","M","$","?","E","M","E","T","M","E","R","E","M","R","BOSS","M","M","$","M","M","R","?","?","T","?","M","E","$","M","R","BOSS","M","M","?","$","R","M","R","$","?","BOSS"],"items_purchased_type":["Relic","Relic","Relic","Relic","Card","Card","Relic","Relic","Relic","Relic","Relic","Relic","Card","Relic","Relic","Relic","Relic","Card"],"build_version":"2020-12-18","purchased_purges":6,"victory":true,"max_hp_per_floor":[72,72,72,72,72,72,72,72,82,82,82,82,82,82,77,77,77,77,77,77,77,77,77,77,77,77,79,81,81,83,85,85,87,87,89,91,91,93,93,93,93,95,95,95,97,97,97,99,99,99,99,99,99,99,99,101,101,101,101,101],"card_choices":[{"not_picked":["Deep Breath","Protect","Consecrate"],"picked":"SKIP","floor":1.0},{"not_picked":["Evaluate","Flash of Steel","FollowUp"],"picked":"SKIP","floor":5.0},{"not_picked":["Halt","CarveReality","Sanctity"],"picked":"SKIP","floor":6.0},{"not_picked":["Trip","Protect","EmptyFist"],"picked":"SKIP","floor":7.0},{"not_picked":["CutThroughFate","Nirvana"],"picked":"Vault","floor":8.0},{"not_picked":["Mayhem","AT_PowerWithin"],"picked":"EmptyMind","floor":13.0},{"not_picked":["CrushJoints","Conclude","BowlingBash"],"picked":"SKIP","floor":14.0},{"not_picked":["SpiritShield","Magnetism"],"picked":"HandOfGreed","floor":16.0},{"not_picked":["Prostrate+1","Protect"],"picked":"Sanctity","floor":18.0},{"not_picked":["ClearTheMind","SashWhip","Collect"],"picked":"SKIP","floor":19.0},{"not_picked":["Protect","Worship"],"picked":"Ragnarok","floor":20.0},{"not_picked":["CutThroughFate","AT_SoftenMuscles+1","FollowUp"],"picked":"SKIP","floor":23.0},{"not_picked":["Halt","EmptyBody","CrushJoints"],"picked":"SKIP","floor":24.0},{"not_picked":["Impatience","Chrysalis"],"picked":"DeusExMachina","floor":25.0},{"not_picked":["PanicButton","CrushJoints","ClearTheMind"],"picked":"Singing Bowl","floor":27.0},{"not_picked":["WindmillStrike","Prostrate+1","PathToVictory"],"picked":"Singing Bowl","floor":28.0},{"not_picked":["LikeWater","ClearTheMind","FlyingSleeves"],"picked":"Singing Bowl","floor":30.0},{"not_picked":["EmptyFist+1","Prostrate","The Bomb"],"picked":"Singing Bowl","floor":31.0},{"not_picked":["Thinking Ahead","AT_EmpoweredMortalDraw","LessonLearned"],"picked":"Singing Bowl","floor":33.0},{"not_picked":["ThirdEye","Protect+1","Wallop+1"],"picked":"Singing Bowl","floor":35.0},{"not_picked":["Dark Shackles+1","Blind+1","DeceiveReality+1"],"picked":"Singing Bowl","floor":36.0},{"not_picked":["JustLucky+1","Halt+1","BowlingBash+1"],"picked":"Singing Bowl","floor":38.0},{"not_picked":["EmptyFist+1","BowlingBash+1"],"picked":"Adaptation","floor":39.0},{"not_picked":["Prostrate","JustLucky"],"picked":"AT_OneInchPunch","floor":41.0},{"not_picked":["CrushJoints","Blind","Protect+1"],"picked":"Singing Bowl","floor":42.0},{"not_picked":["PathToVictory+1","DeusExMachina","Evaluate+1"],"picked":"Singing Bowl","floor":45.0},{"not_picked":["Vengeance","CrushJoints+1"],"picked":"Fasting2","floor":46.0},{"not_picked":["FollowUp+1","WaveOfTheHand","EmptyFist+1"],"picked":"Singing Bowl","floor":48.0},{"not_picked":["JustLucky+1","AT_PowerWithin+1"],"picked":"TalkToTheHand+1","floor":51.0},{"not_picked":["FlurryOfBlows+1","SashWhip+1"],"picked":"TalkToTheHand+1","floor":52.0},{"not_picked":["Flash of Steel+1","Conclude+1","Meditate+1"],"picked":"Singing Bowl","floor":56.0}],"player_experience":150381,"relics_obtained":[{"floor":6.0,"key":"Mummified Hand"},{"floor":8.0,"key":"CeramicFish"},{"floor":9.0,"key":"Pear"},{"floor":11.0,"key":"Boot"},{"floor":13.0,"key":"AT_GuinsooRageblade"},{"floor":23.0,"key":"Nunchaku"},{"floor":25.0,"key":"War Paint"},{"floor":26.0,"key":"Singing Bowl"},{"floor":28.0,"key":"Pen Nib"},{"floor":30.0,"key":"Tiny Chest"},{"floor":41.0,"key":"AT_Kusabimaru"},{"floor":42.0,"key":"FossilizedHelix"},{"floor":43.0,"key":"Molten Egg 2"},{"floor":44.0,"key":"Happy Flower"},{"floor":46.0,"key":"AT_ImmortalShieldbow"},{"floor":51.0,"key":"paleoftheancients:SoulOfTheWatcher"},{"floor":53.0,"key":"AT_ChloranthyRing"}],"event_choices":[{"damage_healed":0.0,"max_hp_gain":0.0,"max_hp_loss":0.0,"gold_gain":0.0,"event_name":"Living Wall","player_choice":"Grow","floor":2.0,"gold_loss":0.0,"damage_taken":0.0,"cards_upgraded":["Apotheosis"]},{"damage_healed":0.0,"max_hp_gain":0.0,"max_hp_loss":0.0,"gold_gain":175.0,"event_name":"Liars Game","player_choice":"AGREE","floor":3.0,"gold_loss":0.0,"damage_taken":0.0,"cards_obtained":["Doubt"]},{"damage_healed":0.0,"max_hp_gain":0.0,"max_hp_loss":0.0,"gold_gain":0.0,"event_name":"Shining Light","player_choice":"Entered Light","floor":10.0,"gold_loss":0.0,"damage_taken":16.0,"cards_upgraded":["Vigilance","AT_ChampionStep"]},{"damage_healed":0.0,"max_hp_gain":0.0,"max_hp_loss":0.0,"gold_gain":0.0,"event_name":"Ghosts","player_choice":"Ignored","floor":22.0,"gold_loss":0.0,"damage_taken":0.0},{"damage_healed":0.0,"max_hp_gain":0.0,"max_hp_loss":0.0,"gold_gain":0.0,"event_name":"MindBloom","player_choice":"Fight","floor":41.0,"gold_loss":0.0,"damage_taken":0.0},{"damage_healed":0.0,"max_hp_gain":0.0,"max_hp_loss":0.0,"gold_gain":0.0,"event_name":"Mysterious Sphere","player_choice":"Fight","floor":42.0,"gold_loss":0.0,"damage_taken":0.0}],"is_beta":true,"boss_relics":[{"not_picked":["Velvet Choker","Black Star"],"picked":"Astrolabe"},{"not_picked":["Empty Cage","Runic Pyramid"],"picked":"Runic Dome"}],"items_purged_floors":[4,12,21,37,47,54],"is_endless":false,"potions_floor_spawned":[5,6,14,16,18,24,28,30,33,35,36,41,42,45,48,56],"ascension_level":0}}