{"host":"9s40qwdfo6o6xlx0","time":1609132458,"event":{"mods":["ATMod(°¢èªMod)","BaseMod","Highlight Path","Minty Spire (QoL Compilation)","Replay The Spire","StSLib"],"gold_per_floor":[113,133,150,150,165,196,196,213,239,250,285,335,365,380,380,483,483,494,54,74,173,173,173,173,173],"floor_reached":24,"playtime":1214,"items_purged":["Decay"],"score":208,"play_id":"1c744bf8-dbba-4c27-9e41-17610b9a5bc7","local_time":"20201228131418","is_ascension_mode":false,"campfire_choices":[{"floor":7,"key":"REST"},{"floor":15,"key":"REST"},{"data":"Loop","floor":23,"key":"SMITH"}],"circlet_count":0,"master_deck":["Strike_B","Strike_B","Strike_B","Strike_B","Defend_B","Defend_B","Defend_B","Defend_B","Zap","Dualcast","ReplaySort","Defragment","Ball Lightning","Static Discharge","FIFO Queue","Defragment","Beam Cell","FTL","Glacier","Voices","Coolheaded","Loop+1","AT_RightCognition","AbeCurse","Sweeping Beam","Mayhem","Crystallizer","AT_RobotInSpace","Panic Button","ReplayTheSpireMod:IOU","Clumsy"],"relics":["Cracked Core","AT_ATBox","Bag of Preparation","Bag of Marbles","Orichalcum","Ring of Greed","Ring of Hypnosis","Smiling Mask","Membership Card","Odd Mushroom","Abe\u0027s Treasure","Replay:Wax Seal","Ginger","Replay:Frozen Program","Pet Ghost"],"acts_visited":["Exordium","TheCity"],"potions_floor_usage":[11,20,24,24],"damage_taken":[{"damage":1,"enemies":"Cultist","floor":1,"turns":3},{"damage":9,"enemies":"Small Slimes","floor":2,"turns":4},{"damage":8,"enemies":"2 Louse","floor":3,"turns":2},{"damage":7,"enemies":"Blue Slaver","floor":5,"turns":4},{"damage":44,"enemies":"3 Sentries","floor":6,"turns":6},{"damage":10,"enemies":"Large Slime","floor":8,"turns":5},{"damage":7,"enemies":"Exordium Wildlife","floor":10,"turns":3},{"damage":24,"enemies":"Gremlin Nob","floor":11,"turns":4},{"damage":17,"enemies":"The Mushroom Lair","floor":13,"turns":5},{"damage":0,"enemies":"Blue Slaver","floor":14,"turns":3},{"damage":1,"enemies":"Hexaghost","floor":16,"turns":11},{"damage":33,"enemies":"Shell Parasite","floor":18,"turns":7},{"damage":14,"enemies":"2 Thieves","floor":20,"turns":4},{"damage":31,"enemies":"Book of Stabbing","floor":24,"turns":4}],"seed_played":"1309934123274099186","potions_obtained":[{"floor":1,"key":"FearPotion"},{"floor":3,"key":"Strength Potion"},{"floor":4,"key":"FairyPotion"},{"floor":4,"key":"GamblersBrew"},{"floor":4,"key":"Languid Potion"},{"floor":16,"key":"EssenceOfSteel"},{"floor":20,"key":"LiquidMemories"}],"is_trial":false,"path_per_floor":["M","M","M","?","M","E","R","M","T","M","E","?","?","M","R","B",null,"M","$","M","?","?","R","E"],"character_chosen":"DEFECT","items_purchased":["Replay:Wax Seal","Ginger","Mayhem","Crystallizer","AT_RobotInSpace","Replay:Frozen Program"],"campfire_rested":2,"item_purchase_floors":[19,19,19,19,19,19],"current_hp_per_floor":[74,65,57,57,50,6,28,18,18,11,22,22,5,5,27,26,75,42,42,28,28,28,28,0,0],"gold":173,"neow_bonus":"THREE_CARDS","is_daily":false,"chose_seed":false,"campfire_upgraded":1,"win_rate":0.0,"timestamp":1609132458,"path_taken":["M","?","M","?","M","E","R","M","T","?","E","?","?","M","R","BOSS","M","$","M","?","?","R","E"],"items_purchased_type":["Relic","Relic","Card","Card","Card","Relic"],"build_version":"2020-12-22","purchased_purges":1,"victory":false,"max_hp_per_floor":[75,75,75,75,75,75,75,75,75,75,75,75,75,75,75,75,75,75,75,75,75,75,75,75,75],"card_choices":[{"not_picked":["Cold Snap","Sweeping Beam"],"picked":"ReplaySort","floor":0},{"not_picked":["Lockon","Fusion"],"picked":"Defragment","floor":1},{"not_picked":["Leap","Steam Power"],"picked":"Ball Lightning","floor":2},{"not_picked":["ReplayTheSpireMod:Calculation Training","FTL"],"picked":"Static Discharge","floor":3},{"not_picked":["Coolheaded","Stack"],"picked":"FIFO Queue","floor":5},{"not_picked":["Rainbow","Aggregate"],"picked":"Defragment","floor":6},{"not_picked":["Rebound","Double Energy"],"picked":"Beam Cell","floor":8},{"not_picked":["Compile Driver","AT_HeatAcrobatics"],"picked":"FTL","floor":10},{"not_picked":["Rip and Tear","Consume"],"picked":"Glacier","floor":11},{"not_picked":["ReplaySort","ReplayGash"],"picked":"Coolheaded","floor":13},{"not_picked":["Rip and Tear","FTL"],"picked":"Loop","floor":14},{"not_picked":["Echo Form","Machine Learning"],"picked":"AT_RightCognition","floor":16},{"not_picked":["Hologram","AT_HeatAcrobatics"],"picked":"Sweeping Beam","floor":18},{"not_picked":["Hologram","Leap"],"picked":"Panic Button","floor":20}],"player_experience":33535,"relics_obtained":[{"floor":6,"key":"Bag of Preparation"},{"floor":9,"key":"Bag of Marbles"},{"floor":11,"key":"Orichalcum"},{"floor":12,"key":"Ring of Greed"},{"floor":12,"key":"Ring of Hypnosis"},{"floor":12,"key":"Smiling Mask"},{"floor":12,"key":"Membership Card"},{"floor":13,"key":"Odd Mushroom"}],"event_choices":[{"damage_healed":0,"gold_gain":0,"player_choice":"Got Potions","damage_taken":0,"max_hp_gain":0,"max_hp_loss":0,"event_name":"Lab","floor":4,"gold_loss":0},{"damage_healed":0,"gold_gain":0,"player_choice":"Fought Mushrooms","damage_taken":0,"max_hp_gain":0,"max_hp_loss":0,"event_name":"Mushrooms","floor":13,"gold_loss":0},{"damage_healed":0,"gold_gain":99,"player_choice":"Stole From Cult","damage_taken":0,"max_hp_gain":0,"max_hp_loss":0,"event_name":"Nest","floor":21,"gold_loss":0}],"is_beta":false,"boss_relics":[{"not_picked":["Empty Cage","Honey Jar"],"picked":"Abe\u0027s Treasure"}],"items_purged_floors":[19],"is_endless":false,"potions_floor_spawned":[1,3,5,6,10,16,20],"killed_by":"Book of Stabbing","ascension_level":0}}