{"host":"hi7fki77kkmhrce8","time":1609125731,"event":{"mods":["AchievementEnabler","Act Like it!","BaseMod","Beaked The Cultist","Colored Map","Colored Powertips","Downfall","Halation","Hallownest","Jedi Mod","Mad Scientist","Minty Spire (QoL Compilation)","Relic Stats","Replay The Spire","StSLib","SuperFastMode","The Construct","The Servant 0.9.4","The Witch"],"gold_per_floor":[99,115,8,8,23,23,23,36,66,66,66,66,99,118,132,233,233,233,243,255,255,255,311,337,337,407,332,392,442,516,531,550,550,550,550],"floor_reached":33,"playtime":1618,"items_purged":[],"score":340,"play_id":"b50302e0-5443-4de3-97f6-a00c27a8505b","local_time":"20201227222211","is_ascension_mode":true,"campfire_choices":[{"data":"Guardian:MultiBeam","floor":10,"key":"SMITH"},{"data":"Guardian:RefractedBeam+1","floor":12,"key":"SMITH"},{"floor":18,"key":"DIG"},{"data":"Guardian:BronzeArmor","floor":25,"key":"SMITH"},{"floor":27,"key":"REST"}],"circlet_count":0,"master_deck":["Guardian:Defend_Guardian","Guardian:Defend_Guardian","Guardian:Defend_Guardian","Guardian:CurlUp","Guardian:TwinSlam","Guardian:MultiBeam+1","Guardian:GemFire","Guardian:RefractedBeam+2","Guardian:ShieldCharger","Guardian:VentSteam","Guardian:Preprogram","Guardian:Incinerate","Guardian:Reroute+1","Regret","Guardian:PrimingBeam","Guardian:CrystalBeam","Guardian:BaubleBeam","Guardian:Reroute","Guardian:BronzeArmor+1","Slimebound:Tackle+1","Slimebound:Tackle+1","Slimebound:Tackle+1","Guardian:PolyBeam+1","Guardian:DecasProtection","Guardian:Planning","Guardian:ChargeUp","Guardian:Recover","Guardian:Gem_Yellow"],"relics":["Guardian:ModeShifter","Blue Doll","Replay:WaspNest","Orichalcum","Honey Jar","Nunchaku","downfall:KnowingSkull","Pet Ghost","HornCleat","downfall:HeartBlessingGreen","Juzu Bracelet"],"acts_visited":["Exordium","TheCity"],"potions_floor_usage":[15,16,16,23,31,33,33],"damage_taken":[{"damage":8,"enemies":"Cultist","floor":2,"turns":4},{"damage":0,"enemies":"downfall:FleeingMerchant","floor":3,"turns":4},{"damage":0,"enemies":"2 Louse","floor":5,"turns":2},{"damage":0,"enemies":"Small Slimes","floor":8,"turns":3},{"damage":0,"enemies":"Gremlin Nob","floor":9,"turns":2},{"damage":5,"enemies":"Replay:BlueRogue","floor":13,"turns":4},{"damage":0,"enemies":"Gremlin Gang","floor":14,"turns":1},{"damage":4,"enemies":"Blue Slaver","floor":15,"turns":2},{"damage":10,"enemies":"downfall:Ironclad","floor":16,"turns":4},{"damage":6,"enemies":"Chosen","floor":19,"turns":2},{"damage":4,"enemies":"Spheric Guardian","floor":20,"turns":3},{"damage":13,"enemies":"Shelled Parasite and Fungi","floor":23,"turns":2},{"damage":39,"enemies":"Gremlin Leader","floor":26,"turns":3},{"damage":6,"enemies":"Centurion and Healer","floor":28,"turns":4},{"damage":7,"enemies":"Sentry and Sphere","floor":29,"turns":3},{"damage":11,"enemies":"Replay:Snechameleon","floor":30,"turns":3},{"damage":5,"enemies":"Shelled Parasite and Fungi","floor":31,"turns":2},{"damage":0,"enemies":"Snake Plant","floor":32,"turns":1},{"damage":6,"enemies":"downfall:Watcher","floor":33,"turns":1}],"seed_played":"-8018799651171098191","potions_obtained":[{"floor":4,"key":"Strength Potion"},{"floor":4,"key":"Dexterity Potion"},{"floor":4,"key":"Weak Potion"},{"floor":19,"key":"Strength Potion"},{"floor":20,"key":"ColorlessPotion"},{"floor":29,"key":"Ancient Potion"}],"is_trial":false,"path_per_floor":["R_BF","M","$","?","M","?","T","M","E","R","?","R","E","M","M","B",null,"R_BF","M","M","?","?","M","T","R","E","R","M","M","E","M","M","B"],"character_chosen":"GUARDIAN","items_purchased":["Guardian:ShieldCharger","Guardian:VentSteam"],"campfire_rested":1,"item_purchase_floors":[3,3],"current_hp_per_floor":[80,72,72,72,72,72,72,72,72,72,72,72,67,67,63,53,80,80,74,70,70,62,49,49,49,10,34,28,21,10,5,5,0,0,0],"gold":550,"neow_bonus":"THREE_CARDS","is_daily":false,"chose_seed":false,"campfire_upgraded":3,"win_rate":0.0,"timestamp":1609125731,"path_taken":["R_BF","M","$","?","?","?","T","?","E","R","?","R","E","M","M","BOSS","R_BF","M","M","?","?","M","T","R","E","R","M","?","E","M","M","BOSS"],"items_purchased_type":["Card","Card"],"build_version":"2020-12-22","purchased_purges":0,"victory":false,"max_hp_per_floor":[80,80,80,80,80,80,80,80,80,80,80,80,80,80,80,80,80,80,80,80,80,80,80,80,80,80,80,80,80,80,80,80,80,80,80],"relic_stats":{"Nunchaku":[6],"counters":[19,50],"Juzu Bracelet":0,"Orichalcum":[18],"obtain_stats":[{"Nunchaku":18,"HornCleat":26,"Guardian:ModeShifter":0,"Honey Jar":17,"Blue Doll":7,"downfall:KnowingSkull":22,"downfall:HeartBlessingGreen":27,"Replay:WaspNest":9,"Juzu Bracelet":30,"Orichalcum":13,"Pet Ghost":24},{"Nunchaku":9,"HornCleat":13,"Guardian:ModeShifter":0,"Honey Jar":9,"Blue Doll":3,"downfall:KnowingSkull":11,"downfall:HeartBlessingGreen":13,"Replay:WaspNest":5,"Juzu Bracelet":16,"Orichalcum":6,"Pet Ghost":12},{"Nunchaku":26,"HornCleat":36,"Guardian:ModeShifter":0,"Honey Jar":26,"Blue Doll":10,"downfall:KnowingSkull":31,"downfall:HeartBlessingGreen":36,"Replay:WaspNest":15,"Juzu Bracelet":46,"Orichalcum":19,"Pet Ghost":33}]},"card_choices":[{"not_picked":["Guardian:TemporalShield","Guardian:Gem_Green"],"picked":"Guardian:MultiBeam","floor":0},{"not_picked":["Guardian:Suspension","Guardian:Recover"],"picked":"Guardian:RefractedBeam","floor":2},{"not_picked":["Guardian:Gem_Lightblue","Guardian:Emergency"],"picked":"Guardian:Gem_Green","floor":3},{"not_picked":["Guardian:Suspension","Guardian:Gem_Red"],"picked":"Guardian:Preprogram","floor":5},{"not_picked":["Guardian:MultiBeam","Guardian:WalkerClaw"],"picked":"Guardian:Incinerate","floor":8},{"not_picked":["Guardian:DecasProtection","Guardian:CrystalBeam"],"picked":"Guardian:Reroute","floor":9},{"not_picked":["Guardian:GuardianWhirl","Guardian:Incinerate"],"picked":"Guardian:Gem_Cyan","floor":13},{"not_picked":["Guardian:FastForward","Guardian:ChargeCore"],"picked":"Guardian:PrimingBeam","floor":14},{"not_picked":["Guardian:Gem_Fragmented","Guardian:Suspension"],"picked":"Guardian:CrystalBeam","floor":15},{"not_picked":["Guardian:AncientConstruct","Guardian:GatlingBeam"],"picked":"Guardian:BaubleBeam","floor":16},{"not_picked":["Guardian:WalkerClaw","Guardian:FloatingOrbs","Guardian:PrismaticBarrier"],"picked":"Guardian:Reroute","floor":19},{"not_picked":["Guardian:Orbwalk","Guardian:ShieldCharger","Guardian:BronzeOrb"],"picked":"Guardian:BronzeArmor","floor":20},{"not_picked":["Guardian:Planning","Guardian:PolyBeam","Guardian:Incinerate+1"],"picked":"Guardian:Gem_Lightblue","floor":23},{"not_picked":["Guardian:ConstructionForm","Guardian:ShieldSpikes","Guardian:ShieldCharger"],"picked":"Guardian:PolyBeam+1","floor":26},{"not_picked":["Guardian:TemporalStrike+1","Guardian:Incinerate","Guardian:Gem_Green"],"picked":"Guardian:DecasProtection","floor":28},{"not_picked":["Guardian:Incinerate+1","Guardian:ChargeCore","Guardian:TemporalStrike"],"picked":"Guardian:Planning","floor":29},{"not_picked":["Guardian:Preprogram","Guardian:RefractedBeam+1","Guardian:Incinerate"],"picked":"Guardian:ChargeUp","floor":30},{"not_picked":["Guardian:RollAttack","Guardian:SpikerProtocol+1","Guardian:WalkerClaw"],"picked":"Guardian:Recover","floor":31},{"not_picked":["Guardian:CrystalBeam","Guardian:ChargeCore","Guardian:TemporalShield+1"],"picked":"Guardian:Gem_Yellow","floor":32}],"player_experience":125876,"relics_obtained":[{"floor":7,"key":"Blue Doll"},{"floor":9,"key":"Replay:WaspNest"},{"floor":13,"key":"Orichalcum"},{"floor":18,"key":"Nunchaku"},{"floor":24,"key":"Pet Ghost"},{"floor":26,"key":"HornCleat"},{"floor":30,"key":"Juzu Bracelet"}],"event_choices":[{"damage_healed":0,"gold_gain":0,"player_choice":"Got Potions","damage_taken":0,"max_hp_gain":0,"max_hp_loss":0,"event_name":"Lab","floor":4,"gold_loss":0}],"is_beta":false,"boss_relics":[{"not_picked":["jedi:hotpepper","Abe\u0027s Treasure"],"picked":"Honey Jar"}],"items_purged_floors":[],"is_endless":false,"potions_floor_spawned":[5,8,13,19,20,29],"killed_by":"downfall:Watcher","ascension_level":1}}