{"host":"jgyoyy5iuhtvyvtg","time":1609148154,"event":{"mods":["2.2 Compatiblity","BaseMod","Challenge The Spire","Colored Map","Conspire","Downfall","Hermit","Highlight Path","Infinite Spire","Lobotomy","LobotomyExtend","Minty Spire (QoL Compilation)","Quick Restart","Replay The Spire","Spikes Relics","StSLib","The Construct","The Disciple","The Jungle","Yuri Mod"],"gold_per_floor":[119,119,135,153,169,169,196,196,196,196,208,238,256,270,270,368,368,381,381,381,391,405,405,405,57,134,167,167,167,167,179,179,284,284,299,318,335,387,387,387,436,436,436,436,450,0,0,17,17,25,25],"floor_reached":52,"playtime":1957,"items_purged":["hermit:Strike_Hermit"],"score":1230,"play_id":"7ee95eb4-af45-4e70-a894-9626f456acee","local_time":"20201228013554","is_ascension_mode":true,"campfire_choices":[{"data":"hermit:FlashPowder","floor":6,"key":"SMITH"},{"floor":8,"key":"REST"},{"data":"hermit:FlashPowder","floor":15,"key":"SMITH"},{"floor":23,"key":"REST"},{"data":"hermit:Determination","floor":30,"key":"SMITH"},{"data":"hermit:Determination","floor":32,"key":"SMITH"},{"data":"hermit:FromBeyond","floor":40,"key":"SMITH"},{"floor":42,"key":"REST"},{"data":"hermit:ShadowCloak","floor":44,"key":"SMITH"},{"floor":49,"key":"REST"}],"circlet_count":0,"master_deck":["hermit:Strike_Hermit","hermit:Strike_Hermit","hermit:Defend_Hermit","hermit:Defend_Hermit","hermit:Defend_Hermit","hermit:Defend_Hermit","hermit:Snapshot","hermit:Covet","hermit:Misfire","hermit:FlashPowder+1","hermit:PistolWhip","hermit:FlashPowder+1","hermit:SprayPray","hermit:Horror","hermit:Misfire","hermit:Determination+1","hermit:Snipe","hermit:FinalCanter","hermit:Desperado+1","CurseOfTheBell","hermit:Gestalt","hermit:Determination+1","hermit:ShadowCloak+1","hermit:FlashPowder","hermit:FlashPowder","infinitespire:Fortify","Pain","hermit:Spite+1","hermit:FromBeyond+1","Intolerance","BlackAim","hermit:FatalDesire","Bandage Up","Replay:Fractal Strike","hermit:Brawl+1","hermit:Malice","hermit:Manifest+1","hermit:WideOpen+1","hermit:ShadowCloak+1"],"relics":["hermit:Momento","NeowsBlessing","LetterFromLob","Anchor","Ancient Tea Set","ShedSkin_r","Mirror","infinitespire:Cupcake","Calling Bell","infinitespire:Beetle Shell","infinitespire:Midas Blood","CaptainsWheel","Mercury Hourglass","Lee\u0027s Waffle","HornCleat","infinitespire:Golems Mask","theJungle:BirthdayCake","WarpedTongs","ReplayTheSpireMod:SealedPack","Shovel","CrustySpines","Question Card","Red Mask"],"acts_visited":["Exordium","Exordium","TheBeyond"],"potions_floor_usage":[12,12,16,16,16,31,41,50,50],"damage_taken":[{"damage":0,"enemies":"Small Slimes","floor":1,"turns":1},{"damage":0,"enemies":"Cultist","floor":3,"turns":1},{"damage":0,"enemies":"infinitespire:Voidling","floor":4,"turns":1},{"damage":0,"enemies":"3 Louse","floor":5,"turns":4},{"damage":32,"enemies":"Lagavulin","floor":7,"turns":9},{"damage":0,"enemies":"2 Fungi Beasts","floor":11,"turns":3},{"damage":0,"enemies":"Gremlin Nob","floor":12,"turns":3},{"damage":1,"enemies":"Lots of Slimes","floor":13,"turns":4},{"damage":0,"enemies":"conspire:2 RoseBushes","floor":14,"turns":5},{"damage":36,"enemies":"Fading Forest","floor":16,"turns":11},{"damage":12,"enemies":"theJungle:MUSHROOMGANG","floor":18,"turns":6},{"damage":0,"enemies":"theJungle:5_Spyders","floor":21,"turns":5},{"damage":11,"enemies":"theJungle:SlimyTreeVines","floor":22,"turns":4},{"damage":4,"enemies":"Nightmare","floor":27,"turns":9},{"damage":0,"enemies":"theJungle:Snecko_Cultist_And_Trap","floor":31,"turns":4},{"damage":0,"enemies":"theJungle:FunGuy","floor":33,"turns":6},{"damage":0,"enemies":"Orb Walker","floor":35,"turns":4},{"damage":3,"enemies":"3 Shapes","floor":36,"turns":7},{"damage":1,"enemies":"Sphere and 2 Shapes","floor":37,"turns":8},{"damage":2,"enemies":"Mind Bloom Boss Battle","floor":38,"turns":7},{"damage":74,"enemies":"Nightmare","floor":41,"turns":9},{"damage":14,"enemies":"Spire Growth","floor":45,"turns":5},{"damage":8,"enemies":"Writhing Mass","floor":48,"turns":3},{"damage":25,"enemies":"conspire:OrnateMirror","floor":50,"turns":13}],"seed_played":"1001876431050386368","potions_obtained":[{"floor":3,"key":"GamblersBrew"},{"floor":5,"key":"Swift Potion"},{"floor":11,"key":"Weak Potion"},{"floor":13,"key":"sneckomod:MuddlingPotion"},{"floor":14,"key":"AttackPotion"},{"floor":18,"key":"Energy Potion"},{"floor":21,"key":"DuplicationPotion"},{"floor":22,"key":"AttackPotion"},{"floor":33,"key":"ColorlessPotion"},{"floor":37,"key":"Energy Potion"},{"floor":41,"key":"champ:CounterPotion"}],"is_trial":false,"path_per_floor":["M","?","M","M","M","R","E","R","T","E","M","E","M","M","R","B",null,"M","AVR","?","M","M","R","?","$","T","NM","?","?","R","M","R","B",null,"M","M","M","?","?","R","NM","R","T","R","M","?","?","M","R","B",null,null],"character_chosen":"HERMIT","items_purchased":["hermit:ShadowCloak","hermit:FlashPowder","Lee\u0027s Waffle"],"campfire_rested":4,"item_purchase_floors":[25,25,25],"current_hp_per_floor":[68,68,68,68,68,68,36,58,58,40,40,40,39,39,39,19,61,49,49,49,49,43,65,65,82,82,78,98,98,98,98,98,98,101,102,102,102,102,102,102,32,62,62,62,52,52,52,44,74,55,55],"gold":25,"neow_bonus":"THREE_ENEMY_KILL","is_daily":false,"chose_seed":false,"campfire_upgraded":6,"win_rate":0.0,"timestamp":1609148154,"path_taken":["M","?","?","M","M","R","E","R","T","E","M","E","M","M","R","BOSS","M","AVR","?","?","M","R","?","$","T","NM","?","?","R","M","R","BOSS","M","M","?","?","?","R","NM","R","T","R","?","?","?","M","R","BOSS"],"items_purchased_type":["Card","Card","Relic"],"build_version":"2020-12-22","purchased_purges":1,"victory":true,"max_hp_per_floor":[75,75,75,75,75,75,75,75,75,75,75,75,75,75,75,75,75,75,75,75,75,75,75,75,82,82,82,102,102,102,102,102,102,102,102,102,102,102,102,102,102,102,102,102,102,102,102,102,102,102,102],"card_choices":[{"not_picked":["hermit:PistolWhip","hermit:Glare"],"picked":"hermit:Misfire","floor":1},{"not_picked":["hermit:Cheat","hermit:Misfire"],"picked":"hermit:FlashPowder","floor":3},{"not_picked":["hermit:BodyArmor","hermit:TakeAim"],"picked":"hermit:PistolWhip","floor":4},{"not_picked":["hermit:ItchyTrigger","hermit:TrackingShot"],"picked":"hermit:FlashPowder","floor":5},{"not_picked":["hermit:Ricochet","hermit:Glare"],"picked":"hermit:SprayPray","floor":7},{"not_picked":["hermit:BigShot","hermit:TakeCover"],"picked":"hermit:Horror","floor":11},{"not_picked":["hermit:Horror","hermit:Vantage"],"picked":"hermit:Misfire","floor":12},{"not_picked":["hermit:Malice","hermit:Enervate"],"picked":"hermit:Determination","floor":13},{"not_picked":["hermit:CalledShot","hermit:Showdown"],"picked":"hermit:Snipe","floor":14},{"not_picked":["hermit:OverwhelmingPower","hermit:RoundhouseKick"],"picked":"hermit:FinalCanter","floor":16},{"not_picked":["hermit:Vantage","hermit:HoleUp"],"picked":"hermit:Desperado+1","floor":18},{"not_picked":["hermit:Glare","hermit:ItchyTrigger"],"picked":"hermit:Gestalt","floor":21},{"not_picked":["hermit:Dive","hermit:Horror"],"picked":"hermit:Determination","floor":22},{"not_picked":["infinitespire:Collect","ReplayTheSpireMod:Black Plague"],"picked":"infinitespire:Fortify","floor":27},{"not_picked":["hermit:Ricochet","hermit:LoneWolf+1","hermit:Headshot+1"],"picked":"SKIP","floor":27},{"not_picked":["hermit:Dissolve","hermit:Glare"],"picked":"hermit:Spite+1","floor":31},{"not_picked":["hermit:FinalCanter","hermit:HeroicBravado"],"picked":"hermit:FromBeyond","floor":33},{"not_picked":["m_Survivalism","Replay:GuardianBash"],"picked":"BlackAim","floor":34},{"not_picked":["hermit:RoundhouseKick","hermit:BlackWind"],"picked":"hermit:FatalDesire","floor":34},{"not_picked":["Enlightenment","Mind Blast"],"picked":"Bandage Up","floor":34},{"not_picked":["infinitespire:NeuralNetwork","infinitespire:FinalStrike"],"picked":"Replay:Fractal Strike","floor":34},{"not_picked":["hermit:Dive+1","hermit:Virtue+1"],"picked":"hermit:Brawl+1","floor":35},{"not_picked":["hermit:GoldenBullet","hermit:FullyLoaded","hermit:CalledShot"],"picked":"SKIP","floor":36},{"not_picked":["hermit:Cheat+1","hermit:Roughhouse","hermit:Headshot"],"picked":"SKIP","floor":37},{"not_picked":["hermit:PistolWhip+1","hermit:CursedWeapon"],"picked":"hermit:Malice","floor":38},{"not_picked":["hermit:SprayPray","hermit:Roughhouse"],"picked":"hermit:Manifest+1","floor":41},{"not_picked":["hermit:HighCaliber+1","hermit:Quickdraw","hermit:DeadMansHand"],"picked":"hermit:WideOpen+1","floor":45},{"not_picked":["hermit:DeadMansHand","hermit:Enervate+1","hermit:Vantage+1"],"picked":"hermit:ShadowCloak+1","floor":48}],"player_experience":3189066,"relics_obtained":[{"floor":1,"key":"LetterFromLob"},{"floor":7,"key":"Anchor"},{"floor":9,"key":"Ancient Tea Set"},{"floor":12,"key":"Mirror"},{"floor":19,"key":"infinitespire:Beetle Shell"},{"floor":19,"key":"infinitespire:Midas Blood"},{"floor":19,"key":"CaptainsWheel"},{"floor":26,"key":"HornCleat"},{"floor":27,"key":"infinitespire:Golems Mask"},{"floor":38,"key":"Shovel"},{"floor":41,"key":"CrustySpines"},{"floor":43,"key":"Question Card"}],"event_choices":[{"cards_removed":["hermit:Strike_Hermit"],"damage_healed":0,"gold_gain":0,"player_choice":"Offered Basic","damage_taken":0,"max_hp_gain":0,"max_hp_loss":0,"event_name":"Bonfire Elementals","floor":2,"gold_loss":0},{"damage_healed":0,"gold_gain":0,"player_choice":"Gave Potion","damage_taken":0,"relics_obtained":["Mercury Hourglass"],"max_hp_gain":0,"max_hp_loss":0,"event_name":"WeMeetAgain","floor":20,"gold_loss":0},{"damage_healed":0,"gold_gain":0,"player_choice":"Leave","damage_taken":0,"max_hp_gain":0,"max_hp_loss":0,"event_name":"conspire:Investor","floor":24,"gold_loss":0},{"damage_healed":0,"gold_gain":0,"player_choice":"Rummage","damage_taken":0,"relics_obtained":["WarpedTongs"],"max_hp_gain":0,"max_hp_loss":0,"event_name":"Accursed Blacksmith","floor":29,"gold_loss":0,"cards_obtained":["Pain"]},{"damage_healed":0,"gold_gain":0,"player_choice":"Fight","damage_taken":0,"max_hp_gain":0,"max_hp_loss":0,"event_name":"MindBloom","floor":38,"gold_loss":0},{"damage_healed":0,"gold_gain":0,"player_choice":"Got Potions","damage_taken":0,"max_hp_gain":0,"max_hp_loss":0,"event_name":"Lab","floor":39,"gold_loss":0},{"damage_healed":0,"gold_gain":0,"player_choice":"Paid","damage_taken":0,"relics_obtained":["Red Mask"],"max_hp_gain":0,"max_hp_loss":0,"event_name":"Tomb of Lord Red Mask","floor":46,"gold_loss":450}],"is_beta":false,"boss_relics":[{"not_picked":["Pandora\u0027s Box","expansioncontent:StudyCardRelic"],"picked":"infinitespire:Cupcake"},{"not_picked":["Snecko Heart","conspire:RoyalGoblet"],"picked":"ReplayTheSpireMod:SealedPack"}],"items_purged_floors":[25],"is_endless":false,"potions_floor_spawned":[3,5,11,13,14,18,21,22,33,37,41],"ascension_level":9}}