{"host":"1637j8siz7lzgd5k","time":1609138430,"event":{"mods":["BaseMod","Colored Map","Minty Spire (QoL Compilation)","StSLib","SuperFastMode"],"gold_per_floor":[113,31,31,46,114,146,51,51,51],"floor_reached":8,"playtime":210,"items_purged":[],"score":95,"play_id":"8f604f26-a30d-4d6c-a0fe-ebe58fcf6719","local_time":"20201228155350","is_ascension_mode":true,"campfire_choices":[],"circlet_count":0,"master_deck":["AscendersBane","Strike_P","Strike_P","Strike_P","Strike_P","Defend_P","Defend_P","Defend_P","Defend_P","Eruption","Vigilance","DevaForm","FearNoEvil","MentalFortress","Crescendo","TalkToTheHand","Fasting2","Wish"],"relics":["PureWater","SsserpentHead","Gremlin Horn","Orrery"],"acts_visited":["Exordium"],"potions_floor_usage":[8],"damage_taken":[{"damage":0,"enemies":"2 Louse","floor":1,"turns":2},{"damage":1,"enemies":"Cultist","floor":4,"turns":4},{"damage":1,"enemies":"Small Slimes","floor":5,"turns":5},{"damage":39,"enemies":"Lagavulin","floor":6,"turns":9},{"damage":49,"enemies":"Gremlin Nob","floor":8,"turns":4}],"seed_played":"7102273526353436241","potions_obtained":[{"floor":1,"key":"Regen Potion"},{"floor":5,"key":"Energy Potion"}],"is_trial":false,"path_per_floor":["M","$","?","M","M","E","$","E"],"character_chosen":"WATCHER","items_purchased":["MentalFortress","Orrery"],"campfire_rested":0,"item_purchase_floors":[2,7],"current_hp_per_floor":[61,61,61,60,59,20,20,0,0],"gold":51,"neow_bonus":"THREE_RARE_CARDS","is_daily":false,"chose_seed":false,"campfire_upgraded":0,"win_rate":0.0,"timestamp":1609138430,"path_taken":["M","$","?","M","?","E","?","E"],"items_purchased_type":["Card","Relic"],"build_version":"2020-12-22","purchased_purges":0,"victory":false,"max_hp_per_floor":[62,62,62,62,62,62,62,62,62],"card_choices":[{"not_picked":["Alpha","DeusExMachina"],"picked":"DevaForm","floor":0},{"not_picked":["BowlingBash","SashWhip"],"picked":"FearNoEvil","floor":1},{"not_picked":["JustLucky","Prostrate","WreathOfFlame"],"picked":"SKIP","floor":4},{"not_picked":["Crescendo","WreathOfFlame","Collect"],"picked":"SKIP","floor":5},{"not_picked":["ReachHeaven","FollowUp","EmptyFist"],"picked":"SKIP","floor":6},{"not_picked":["Protect","FollowUp"],"picked":"Crescendo","floor":7},{"not_picked":["Study","FlurryOfBlows"],"picked":"TalkToTheHand","floor":7},{"not_picked":["EmptyBody","Blasphemy"],"picked":"Fasting2","floor":7},{"not_picked":["Indignation","Establishment"],"picked":"Wish","floor":7}],"player_experience":821315,"relics_obtained":[{"floor":6,"key":"Gremlin Horn"}],"event_choices":[{"damage_healed":0,"gold_gain":0,"player_choice":"Trade","damage_taken":0,"relics_obtained":["SsserpentHead"],"max_hp_gain":0,"max_hp_loss":0,"event_name":"FaceTrader","floor":3,"gold_loss":0}],"is_beta":false,"boss_relics":[],"items_purged_floors":[],"is_endless":false,"potions_floor_spawned":[1,5],"killed_by":"Gremlin Nob","ascension_level":14}}