{"host":"792mtbovsoa03nb3","time":1609188214,"event":{"mods":["BaseMod","Colored Map","Dota2Spire","Downfall","Hubris","Infinite Spire","Minty Spire (QoL Compilation)","Replay The Spire","Spicy Shops","StSLib","The Blue Laboratory","The Jungle"],"gold_per_floor":[118,137,51,226,236,261,261,274,574,574,588,138,157,176,176,276,276,293,308,308,52,52,85,85,112,112,112,112,112],"floor_reached":28,"playtime":915,"items_purged":["Doubt"],"score":348,"play_id":"f7469203-6340-45a2-8004-2dd0156a5e93","local_time":"20201228124334","is_ascension_mode":true,"campfire_choices":[{"data":"Feel No Pain","floor":10,"key":"SMITH"},{"data":"Second Wind","floor":15,"key":"SMITH"},{"data":"expansioncontent:DecasProtection","floor":24,"key":"SMITH"},{"data":"Power Through","floor":27,"key":"SMITH"}],"circlet_count":0,"master_deck":["Strike_R","Strike_R","Strike_R","Strike_R","Strike_R","Defend_R","Defend_R","Defend_R","Defend_R","Bash","Iron Wave","Second Wind+1","Feel No Pain+1","Replay:Many Hands","Immolate","Burning Pact","expansioncontent:DecasProtection","Pride","Rage","Berserk","Fiend Fire","Rage","Power Through+1","expansioncontent:DecasProtection+1","Immolate","Spot Weakness","Dark Embrace"],"relics":["Burning Blood","NeowsBlessing","Lantern","Old Coin","Dota2Spire:Satanic","Lee\u0027s Waffle","Sling","hubris:VirtuousBlindfold","MutagenicStrength","Thread and Needle","Replay:Bottled Steam","ReplayTheSpireMod:Shallot"],"acts_visited":["Exordium","TheCity"],"potions_floor_usage":[16,16,18,25],"damage_taken":[{"damage":0,"enemies":"Cultist","floor":1,"turns":1},{"damage":0,"enemies":"Jaw Worm","floor":2,"turns":1},{"damage":0,"enemies":"2 Louse","floor":5,"turns":1},{"damage":49,"enemies":"Gremlin Nob","floor":6,"turns":6},{"damage":11,"enemies":"Blue Slaver","floor":8,"turns":4},{"damage":5,"enemies":"Red Slaver","floor":11,"turns":4},{"damage":24,"enemies":"Looter","floor":13,"turns":3},{"damage":20,"enemies":"Large Slime","floor":14,"turns":4},{"damage":60,"enemies":"The Guardian","floor":16,"turns":12},{"damage":2,"enemies":"Chosen","floor":18,"turns":6},{"damage":28,"enemies":"Spheric Guardian","floor":19,"turns":4},{"damage":52,"enemies":"Slavers","floor":23,"turns":4},{"damage":34,"enemies":"Book of Stabbing","floor":25,"turns":5},{"damage":12,"enemies":"Cultist and Chosen","floor":28,"turns":3}],"seed_played":"2120118785165358450","potions_obtained":[{"floor":5,"key":"GamblersBrew"},{"floor":13,"key":"Ancient Potion"},{"floor":14,"key":"AttackPotion"},{"floor":16,"key":"blueLaboratory:FrostheartPotion"},{"floor":18,"key":"blueLaboratory:AbyssPotion"},{"floor":23,"key":"blueLaboratory:BottleOfVodka"}],"is_trial":false,"path_per_floor":["M","M","$","?","M","E","?","M","T","R","M","$","M","M","R","B",null,"M","M","?","$","?","E","R","E","T","R","M"],"character_chosen":"IRONCLAD","items_purchased":["Feel No Pain","Dota2Spire:Satanic","expansioncontent:DecasProtection","Lee\u0027s Waffle","Sling","expansioncontent:DecasProtection","Immolate"],"campfire_rested":0,"item_purchase_floors":[3,12,12,12,12,21,21],"current_hp_per_floor":[78,80,80,80,80,37,37,32,32,32,33,87,75,61,61,24,71,87,70,70,70,70,24,24,7,7,7,0,0],"gold":112,"neow_bonus":"THREE_ENEMY_KILL","is_daily":false,"chose_seed":false,"campfire_upgraded":4,"win_rate":0.0,"timestamp":1609188214,"path_taken":["M","?","$","?","M","E","?","M","T","R","M","?","M","M","R","BOSS","M","M","?","$","?","E","R","E","T","R","M"],"items_purchased_type":["Card","Relic","Card","Relic","Relic","Card","Card"],"build_version":"2020-12-22","purchased_purges":1,"victory":false,"max_hp_per_floor":[80,80,80,80,80,80,80,80,80,80,80,87,87,87,87,87,87,87,87,87,87,87,87,87,87,87,87,87,87],"card_choices":[{"not_picked":["Seeing Red","Shrug It Off"],"picked":"Iron Wave","floor":1},{"not_picked":["Spot Weakness","Perfected Strike"],"picked":"Second Wind","floor":2},{"not_picked":["Heavy Blade","Combust","Body Slam"],"picked":"SKIP","floor":5},{"not_picked":["True Grit","Headbutt"],"picked":"Replay:Many Hands","floor":6},{"not_picked":["Armaments","Twin Strike"],"picked":"Immolate","floor":8},{"not_picked":["Carnage","Warcry"],"picked":"Burning Pact","floor":11},{"not_picked":["infinitespire:OneForAll","Replay:Undeath\u0027s Touch"],"picked":"Rage","floor":13},{"not_picked":["ReplayTheSpireMod:Strike From Hell","Cleave"],"picked":"Berserk","floor":14},{"not_picked":["Double Tap","Impervious"],"picked":"Fiend Fire","floor":16},{"not_picked":["ReplayTheSpireMod:Strike From Hell","Spot Weakness+1"],"picked":"Rage","floor":18},{"not_picked":["Clothesline","ReplayTheSpireMod:Stacked"],"picked":"Power Through","floor":19},{"not_picked":["Havoc","Pommel Strike"],"picked":"Spot Weakness","floor":23},{"not_picked":["Flex","Twin Strike"],"picked":"Dark Embrace","floor":25}],"player_experience":806015,"relics_obtained":[{"floor":6,"key":"Lantern"},{"floor":9,"key":"Old Coin"},{"floor":23,"key":"Thread and Needle"},{"floor":25,"key":"Replay:Bottled Steam"},{"floor":26,"key":"ReplayTheSpireMod:Shallot"}],"event_choices":[{"damage_healed":0,"gold_gain":175,"player_choice":"AGREE","damage_taken":0,"max_hp_gain":0,"max_hp_loss":0,"event_name":"Liars Game","floor":4,"gold_loss":0,"cards_obtained":["Doubt"]},{"damage_healed":0,"gold_gain":0,"player_choice":"Inject Mutagens","damage_taken":0,"relics_obtained":["MutagenicStrength"],"max_hp_gain":0,"max_hp_loss":0,"event_name":"Drug Dealer","floor":22,"gold_loss":0}],"is_beta":false,"boss_relics":[{"not_picked":["Kintsugi","SacredBark"],"picked":"hubris:VirtuousBlindfold"}],"items_purged_floors":[12],"is_endless":false,"potions_floor_spawned":[5,13,14,16,18,23],"killed_by":"Cultist and Chosen","ascension_level":7}}