{"host":"0ar1jlbqb4mx1ck3","time":1609192752,"event":{"mods":["BaseMod","Colored Map","Colored Powertips","Highlight Path","Minty Spire (QoL Compilation)","StSLib"],"gold_per_floor":[116,129,141,4,23,23,23,23,23,50,69,69,88,100,100,100,100],"floor_reached":16,"playtime":675,"items_purged":[],"score":104,"play_id":"b8aca8d4-9cc8-4414-8026-50b70029eb82","local_time":"20201228165912","daily_mods":["Uncertain Future"],"is_ascension_mode":false,"campfire_choices":[{"data":"Sunder","floor":6,"key":"SMITH"},{"data":"Compile Driver","floor":12,"key":"SMITH"},{"floor":15,"key":"REST"}],"circlet_count":0,"master_deck":["Strike_B","Strike_B","Strike_B","Strike_B","Defend_B","Defend_B","Defend_B","Defend_B","Zap","Dualcast","Rebound","Go for the Eyes","Sweeping Beam","Glacier","Sunder+1","Skim","BootSequence","Compile Driver+1","Capacitor","Hologram"],"relics":["Cracked Core","InkBottle","Symbiotic Virus"],"acts_visited":["Exordium"],"potions_floor_usage":[10,10,16],"damage_taken":[{"damage":1,"enemies":"Cultist","floor":1,"turns":4},{"damage":6,"enemies":"2 Louse","floor":2,"turns":2},{"damage":3,"enemies":"Small Slimes","floor":3,"turns":3},{"damage":6,"enemies":"Gremlin Gang","floor":5,"turns":5},{"damage":27,"enemies":"3 Sentries","floor":10,"turns":6},{"damage":0,"enemies":"Large Slime","floor":11,"turns":3},{"damage":0,"enemies":"Red Slaver","floor":13,"turns":2},{"damage":4,"enemies":"Exordium Thugs","floor":14,"turns":3},{"damage":53,"enemies":"Hexaghost","floor":16,"turns":9}],"seed_played":"1893291366829472","potions_obtained":[{"floor":2,"key":"Swift Potion"},{"floor":5,"key":"BlessingOfTheForge"},{"floor":13,"key":"AttackPotion"}],"is_trial":true,"path_per_floor":["M","M","M","$","M","R","$","?","T","E","M","R","M","M","R","B"],"character_chosen":"DEFECT","items_purchased":["Glacier","Sunder"],"campfire_rested":1,"item_purchase_floors":[4,4],"current_hp_per_floor":[74,68,65,65,59,59,59,59,59,32,32,32,32,28,50,0,0],"gold":100,"neow_bonus":"","is_daily":false,"chose_seed":true,"campfire_upgraded":2,"win_rate":0.0,"timestamp":1609192752,"path_taken":["M","M","M","?","M","R","$","?","T","E","?","R","M","M","R","BOSS"],"items_purchased_type":["Card","Card"],"build_version":"2020-12-22","purchased_purges":0,"victory":false,"max_hp_per_floor":[75,75,75,75,75,75,75,75,75,75,75,75,75,75,75,75,75],"card_choices":[{"not_picked":["Self Repair","Cold Snap"],"picked":"Rebound","floor":1},{"not_picked":["Double Energy","Fusion"],"picked":"Go for the Eyes","floor":2},{"not_picked":["Beam Cell","Chaos"],"picked":"Sweeping Beam","floor":3},{"not_picked":["Storm","Ball Lightning"],"picked":"Skim","floor":5},{"not_picked":["Hologram","Heatsinks"],"picked":"BootSequence","floor":10},{"not_picked":["Beam Cell","Coolheaded"],"picked":"Compile Driver","floor":11},{"not_picked":["Leap","Cold Snap"],"picked":"Capacitor","floor":13},{"not_picked":["Sweeping Beam","Turbo"],"picked":"Hologram","floor":14}],"player_experience":367918,"relics_obtained":[{"floor":9,"key":"InkBottle"},{"floor":10,"key":"Symbiotic Virus"}],"event_choices":[{"damage_healed":0,"gold_gain":0,"player_choice":"0 cards matched","damage_taken":0,"max_hp_gain":0,"max_hp_loss":0,"event_name":"Match and Keep!","floor":8,"gold_loss":0,"cards_obtained":[]}],"is_beta":false,"boss_relics":[],"items_purged_floors":[],"is_endless":false,"potions_floor_spawned":[2,5,13],"killed_by":"Hexaghost","ascension_level":0}}