{"host":"wonp23fsqqcu31ie","time":1609138128,"event":{"mods":["2.2 Compatiblity","AchievementEnabler","Aspiration","BaseMod","Bestiary","Better Altar","Better Match","Better Sensory Stone","Better Skull","Better Third Choice","BetterRewards","Block Reminder","Colored Map","Colored Powertips","Conspire","DeckTracker","Displayed Cursed Tome","Downfall","Hermit","Highlight Path","Hubris","Minty Spire (QoL Compilation)","Permanent Neow","Quick Restart","Rare Cards Sparkle","Relic Stats","Replay The Spire","Shade Mod","Shop Mod","StSLib","SuperFastMode","The Animator","The Cursed","The Dragon Tamer","The Gatherer","The Necromancer","The Runesmith","The Servant 0.9.4"],"gold_per_floor":[125,73,100,122,170,170,22,82,107,126,171,201,201,247,247,371,371,400,1,1,1,26,26,57,57,83,83,117,117,149,196,196,309,309,333,333,357,357,389,399,399],"floor_reached":40,"playtime":1400,"items_purged":[],"score":483,"play_id":"e3f260b3-bc6b-4118-b434-40c7dee9c743","local_time":"20201228174848","is_ascension_mode":true,"campfire_choices":[{"data":"Vigilance","floor":6,"key":"SMITH"},{"floor":15,"key":"REST"},{"data":"Eruption","floor":23,"key":"SMITH"},{"floor":25,"key":"RECALL"},{"floor":32,"key":"REST"}],"circlet_count":0,"master_deck":["Strike_P","Strike_P","Strike_P","Defend_P","Defend_P","Defend_P","Defend_P","Eruption+1","Vigilance+1","Halt","Conclude","Swivel+1","SandsOfTime","Protect","FlurryOfBlows","SashWhip","DeceiveReality+1","Hallucinations","FlurryOfBlows","DevaForm+1","DevaForm+1","Halt","BattleHymn+1","MentalFortress","BowlingBash+1","Consecrate","Prostrate","Fasting2","Establishment+1","Protect+1","ReachHeaven"],"relics":["PureWater","Replay:Bandana","Smiling Mask","Golden Egg","Replay:Rubber Ducky","Damaru","ReplayTheSpireMod:Ring of Collecting","ReplayTheSpireMod:Ring of Exchange","ReplayTheSpireMod:Shallot","MerchantsRug","Onion Ring","Ring of Fury","Bronze Scales","Kunai","Replay:Grab Bag","Busted Crown","Philosopher\u0027s Stone","VioletLotus","hubris:ScarierMask","hubris:Towel"],"acts_visited":["Exordium","TheCity","TheBeyond"],"potions_floor_usage":[5,5,11,16,18,28],"damage_taken":[{"damage":2,"enemies":"conspire:RoseBush","floor":1,"turns":4},{"damage":0,"enemies":"Cultist","floor":3,"turns":3},{"damage":0,"enemies":"Small Slimes","floor":4,"turns":3},{"damage":18,"enemies":"conspire:MimicChest","floor":5,"turns":8},{"damage":1,"enemies":"conspire:2 RoseBushes","floor":10,"turns":7},{"damage":5,"enemies":"3 Sentries","floor":11,"turns":7},{"damage":5,"enemies":"Large Slime","floor":12,"turns":4},{"damage":20,"enemies":"Gremlin Nob","floor":14,"turns":4},{"damage":41,"enemies":"Hexaghost","floor":16,"turns":10},{"damage":16,"enemies":"2 Thieves","floor":18,"turns":5},{"damage":0,"enemies":"Chosen","floor":22,"turns":4},{"damage":11,"enemies":"3 Cultists","floor":24,"turns":4},{"damage":9,"enemies":"Shelled Parasite and Fungi","floor":28,"turns":4},{"damage":0,"enemies":"Centurion and Healer","floor":30,"turns":3},{"damage":56,"enemies":"Slavers","floor":31,"turns":6},{"damage":4,"enemies":"conspire:MysteriousRune","floor":33,"turns":8},{"damage":10,"enemies":"3 Darklings","floor":35,"turns":2},{"damage":1,"enemies":"Orb Walker","floor":37,"turns":4},{"damage":12,"enemies":"Spire Growth","floor":39,"turns":5},{"damage":63,"enemies":"Reptomancer","floor":40,"turns":2}],"seed_played":"1900106104204768942","potions_obtained":[{"floor":3,"key":"ColorlessPotion"},{"floor":4,"key":"SpeedPotion"},{"floor":8,"key":"PowerPotion"},{"floor":11,"key":"SteroidPotion"},{"floor":16,"key":"Explosive Potion"},{"floor":24,"key":"Energy Potion"},{"floor":31,"key":"Milkshake"},{"floor":35,"key":"SteroidPotion"}],"is_trial":false,"path_per_floor":["M","?","M","M","?","R","$","?","T","M","E","M","?","E","R","B",null,"M","$","?","$","M","R","M","R","T","?","M","?","M","E","R","B",null,"M","?","M","?","M","E"],"character_chosen":"WATCHER","items_purchased":["Lee\u0027s Waffle","MerchantsRug","Onion Ring","BattleHymn+1"],"campfire_rested":2,"item_purchase_floors":[7,19,19,19],"current_hp_per_floor":[70,70,70,70,59,59,86,52,52,51,46,41,41,21,46,5,86,70,70,70,70,70,70,59,59,59,86,77,77,77,21,46,42,86,76,76,75,75,63,0,0],"gold":399,"neow_bonus":"RANDOM_COMMON_RELIC","is_daily":false,"chose_seed":false,"campfire_upgraded":2,"win_rate":0.0,"timestamp":1609138128,"path_taken":["M","?","?","M","?","R","$","?","T","M","E","M","?","E","R","BOSS","M","$","?","$","?","R","M","R","T","?","M","?","M","E","R","BOSS","M","?","M","?","M","E"],"items_purchased_type":["Relic","Relic","Relic","Card"],"build_version":"2020-12-22","purchased_purges":0,"victory":false,"max_hp_per_floor":[72,72,72,72,79,79,86,86,86,86,86,86,86,86,86,86,86,86,86,86,86,86,86,86,86,86,86,86,86,86,86,86,86,86,86,86,86,86,86,86,86],"relic_stats":{"Busted Crown":10,"counters":[42,184],"Bronze Scales":[108],"VioletLotus":[0],"Kunai":[12],"Smiling Mask":0,"obtain_stats":[{"Golden Egg":8,"Nilry\u0027s Codex":19,"Ginger":8,"Centennial Puzzle":21,"aspiration:BabyByrd":4,"DollysMirror":17,"Strawberry":17,"aspiration:ArtOfWarUpgrade":30,"Philosopher\u0027s Stone":34,"Iron Hammer":28,"VioletLotus":34,"Kunai":31,"TheCursedMod:BlackMagic101":0,"MerchantsRug":8,"aspiration:Nostalgia":0,"Replay:Grab Bag":17,"conspire:SlowCooker":34,"aspiration:SeaSaltIceCream":21,"ReplayTheSpireMod:Shallot":14,"ReplayTheSpireMod:Ring of Collecting":13,"Bronze Scales":26,"hubris:PeanutButter":17,"Onion Ring":19,"aspiration:HatOfInfinitePower":17,"ReplayTheSpireMod:Ring of Exchange":13,"Blue Doll":3,"hubris:SlimyHat":0,"Bag of Preparation":6,"Replay:Mystery Machine":2,"hubris:EmptyBottle":28,"Cursed Key":17,"Smiling Mask":2,"Pet Ghost":28,"Replay:Rubber Ducky":9,"Nunchaku":8,"Replay:Bandana":0,"hubris:Backtick":17,"aspiration:DefectSkillbook":21,"hubris:ScarierMask":34,"BargainBundle":21,"Lee\u0027s Waffle":7,"Damaru":11,"hubris:Towel":36,"Calling Bell":17,"Busted Crown":34,"Ring of Fury":26,"Snack Pack":9,"hubris:GrandSneckoEye":17,"Art of War":23,"Membership Card":17,"PureWater":0},{"Golden Egg":26,"Nilry\u0027s Codex":14,"Ginger":4,"Centennial Puzzle":15,"aspiration:BabyByrd":2,"DollysMirror":31,"Strawberry":13,"aspiration:ArtOfWarUpgrade":18,"Philosopher\u0027s Stone":38,"Iron Hammer":17,"VioletLotus":38,"Kunai":37,"TheCursedMod:BlackMagic101":5,"MerchantsRug":9,"aspiration:Nostalgia":5,"Replay:Grab Bag":13,"conspire:SlowCooker":20,"aspiration:SeaSaltIceCream":15,"ReplayTheSpireMod:Shallot":30,"ReplayTheSpireMod:Ring of Collecting":29,"Bronze Scales":34,"hubris:PeanutButter":13,"Onion Ring":32,"aspiration:HatOfInfinitePower":13,"ReplayTheSpireMod:Ring of Exchange":29,"Blue Doll":2,"hubris:SlimyHat":0,"Bag of Preparation":9,"Replay:Mystery Machine":2,"hubris:EmptyBottle":17,"Cursed Key":13,"Smiling Mask":23,"Pet Ghost":17,"Replay:Rubber Ducky":26,"Nunchaku":9,"Replay:Bandana":22,"hubris:Backtick":13,"aspiration:DefectSkillbook":15,"hubris:ScarierMask":38,"BargainBundle":15,"Lee\u0027s Waffle":26,"Damaru":28,"hubris:Towel":39,"Calling Bell":13,"Busted Crown":38,"Ring of Fury":34,"Snack Pack":9,"hubris:GrandSneckoEye":13,"Art of War":16,"Membership Card":13,"PureWater":0},{"Golden Egg":105,"Nilry\u0027s Codex":62,"Ginger":12,"Centennial Puzzle":65,"aspiration:BabyByrd":6,"DollysMirror":137,"Strawberry":59,"aspiration:ArtOfWarUpgrade":73,"Philosopher\u0027s Stone":171,"Iron Hammer":70,"VioletLotus":171,"Kunai":163,"TheCursedMod:BlackMagic101":30,"MerchantsRug":43,"aspiration:Nostalgia":30,"Replay:Grab Bag":59,"conspire:SlowCooker":81,"aspiration:SeaSaltIceCream":65,"ReplayTheSpireMod:Shallot":127,"ReplayTheSpireMod:Ring of Collecting":123,"Bronze Scales":150,"hubris:PeanutButter":59,"Onion Ring":142,"aspiration:HatOfInfinitePower":59,"ReplayTheSpireMod:Ring of Exchange":123,"Blue Doll":6,"hubris:SlimyHat":0,"Bag of Preparation":43,"Replay:Mystery Machine":6,"hubris:EmptyBottle":70,"Cursed Key":59,"Smiling Mask":91,"Pet Ghost":70,"Replay:Rubber Ducky":105,"Nunchaku":43,"Replay:Bandana":87,"hubris:Backtick":59,"aspiration:DefectSkillbook":65,"hubris:ScarierMask":171,"BargainBundle":65,"Lee\u0027s Waffle":105,"Damaru":119,"hubris:Towel":173,"Calling Bell":59,"Busted Crown":171,"Ring of Fury":150,"Snack Pack":43,"hubris:GrandSneckoEye":59,"Art of War":67,"Membership Card":59,"PureWater":0}]},"card_choices":[{"not_picked":["EmptyBody","Replay:Vibes"],"picked":"Halt","floor":1},{"not_picked":["WreathOfFlame","Pray"],"picked":"Conclude","floor":3},{"not_picked":["Pray","Replay:ManipulateFuture"],"picked":"Swivel","floor":4},{"not_picked":["Evaluate","ClearTheMind"],"picked":"SandsOfTime","floor":5},{"not_picked":["Evaluate","CrushJoints"],"picked":"Protect","floor":8},{"not_picked":["Crescendo","Replay:DivineShield"],"picked":"FlurryOfBlows","floor":10},{"not_picked":["Worship","Halt"],"picked":"SashWhip","floor":11},{"not_picked":["Replay:Cycle","Weave"],"picked":"DeceiveReality","floor":12},{"not_picked":["CutThroughFate","Crescendo"],"picked":"FlurryOfBlows","floor":14},{"not_picked":["Replay:AllIn","DeusExMachina"],"picked":"DevaForm","floor":16},{"not_picked":["PathToVictory","Replay:Cycle"],"picked":"Halt","floor":18},{"not_picked":["ClearTheMind","FlyingSleeves"],"picked":"MentalFortress","floor":22},{"not_picked":["EmptyFist","SashWhip"],"picked":"BowlingBash+1","floor":24},{"not_picked":["Prostrate","FlurryOfBlows"],"picked":"Consecrate","floor":28},{"not_picked":["CutThroughFate+1","WindmillStrike"],"picked":"Prostrate","floor":30},{"not_picked":["FlyingSleeves","PathToVictory"],"picked":"Fasting2","floor":31},{"not_picked":["Replay:AllIn","Alpha"],"picked":"Establishment","floor":33},{"not_picked":["FlyingSleeves+1"],"picked":"SKIP","floor":35},{"not_picked":[],"picked":"Protect+1","floor":37},{"not_picked":["Replay:AtTheReady+1"],"picked":"SKIP","floor":39}],"player_experience":405753,"relics_obtained":[{"floor":5,"key":"Strawberry"},{"floor":8,"key":"Golden Egg"},{"floor":9,"key":"Replay:Rubber Ducky"},{"floor":11,"key":"Damaru"},{"floor":13,"key":"ReplayTheSpireMod:Ring of Collecting"},{"floor":13,"key":"ReplayTheSpireMod:Ring of Exchange"},{"floor":14,"key":"ReplayTheSpireMod:Shallot"},{"floor":26,"key":"Ring of Fury"},{"floor":26,"key":"Bronze Scales"},{"floor":31,"key":"Kunai"}],"event_choices":[{"damage_healed":0,"gold_gain":0,"player_choice":"Paid Gold","damage_taken":0,"relics_obtained":["Smiling Mask"],"max_hp_gain":0,"max_hp_loss":0,"event_name":"WeMeetAgain","floor":2,"gold_loss":52},{"damage_healed":0,"gold_gain":0,"player_choice":"Forge","damage_taken":0,"max_hp_gain":0,"max_hp_loss":0,"event_name":"Accursed Blacksmith","floor":20,"gold_loss":0,"cards_upgraded":["DeceiveReality"]},{"damage_healed":28,"gold_gain":0,"player_choice":"Heal","damage_taken":0,"max_hp_gain":0,"max_hp_loss":0,"event_name":"The Library","floor":27,"gold_loss":0},{"damage_healed":0,"gold_gain":0,"cards_transformed":["Strike_P"],"player_choice":"Transformed","damage_taken":0,"max_hp_gain":0,"max_hp_loss":0,"event_name":"Transmorgrifier","floor":38,"gold_loss":0,"cards_obtained":["ReachHeaven"]}],"is_beta":false,"boss_relics":[{"not_picked":["hubris:HollowSoul","Black Star"],"picked":"DollysMirror"},{"not_picked":["Orrery","Replay:Wanted Poster"],"picked":"Replay:Grab Bag"},{"not_picked":["ReplayTheSpireMod:DimensionalGlitch","Sozu"],"picked":"Busted Crown"},{"not_picked":["conspire:RoyalGoblet","Runesmith:UraniumAnvil"],"picked":"Philosopher\u0027s Stone"},{"not_picked":["hubris:BlackHole","aspiration:RitualDagger"],"picked":"VioletLotus"},{"not_picked":["aspiration:MobileForge","SlaversCollar"],"picked":"hubris:ScarierMask"}],"items_purged_floors":[],"is_endless":false,"potions_floor_spawned":[3,4,11,16,24,31,35],"killed_by":"Reptomancer","ascension_level":2}}