{"host":"98zq812qbocdqs0d","time":1609167202,"event":{"mods":["BaseMod","GifTheSpireLib","Minty Spire (QoL Compilation)","Replay The Spire","StSLib","The Cursed","The Hierophant"],"gold_per_floor":[16,0,14,189,199,199,227,227,227,227,247,265,265,283,283,283,283],"floor_reached":16,"playtime":924,"items_purged":[],"score":148,"play_id":"e1430c30-bdb8-42bc-9814-36d2a15777d2","local_time":"20201228155322","is_ascension_mode":true,"campfire_choices":[{"data":"Bash","floor":6,"key":"SMITH"},{"floor":10,"key":"REST"},{"floor":13,"key":"REST"},{"floor":15,"key":"REST"}],"circlet_count":0,"master_deck":["Strike_R","Strike_R","Strike_R","Strike_R","Strike_R","Defend_R","Defend_R","Defend_R","Defend_R","Bash+1","Defy Death","Doubt","Seeing Red","Reaper","Warcry"],"relics":["Burning Blood","Ice Cream","Calipers","Frozen Egg 2"],"acts_visited":["Exordium"],"potions_floor_usage":[3,16,16,16],"damage_taken":[{"damage":6,"enemies":"Cultist","floor":1,"turns":3},{"damage":4,"enemies":"Jaw Worm","floor":3,"turns":3},{"damage":4,"enemies":"Small Slimes","floor":5,"turns":4},{"damage":65,"enemies":"Replay:BlueRogue","floor":7,"turns":8},{"damage":19,"enemies":"Blue Slaver","floor":11,"turns":5},{"damage":16,"enemies":"2 Fungi Beasts","floor":12,"turns":5},{"damage":7,"enemies":"Looter","floor":14,"turns":4},{"damage":81,"enemies":"The Guardian","floor":16,"turns":7}],"seed_played":"9015161943333660438","potions_obtained":[{"floor":1,"key":"Languid Potion"},{"floor":7,"key":"Toxic Potion"},{"floor":12,"key":"Fire Potion"},{"floor":14,"key":"Explosive Potion"}],"is_trial":false,"path_per_floor":["M","?","M","?","M","R","E","?","T","R","M","M","R","M","R","B"],"character_chosen":"IRONCLAD","items_purchased":[],"campfire_rested":3,"item_purchase_floors":[],"current_hp_per_floor":[72,72,74,74,76,76,17,17,17,41,28,22,46,46,70,0,0],"gold":283,"neow_bonus":"ONE_RARE_RELIC","is_daily":false,"chose_seed":false,"campfire_upgraded":1,"win_rate":0.0,"timestamp":1609167202,"path_taken":["M","?","M","?","M","R","E","?","T","R","M","M","R","M","R","BOSS"],"items_purchased_type":[],"build_version":"2020-12-22","purchased_purges":0,"victory":false,"max_hp_per_floor":[80,80,80,80,80,80,80,80,80,80,80,80,80,80,80,80,80],"card_choices":[{"not_picked":["Battle Trance","Shrug It Off"],"picked":"Defy Death","floor":1},{"not_picked":["Armaments","Sword Boomerang","Dropkick"],"picked":"SKIP","floor":3},{"not_picked":["Iron Wave","Uppercut","Entrench"],"picked":"SKIP","floor":5},{"not_picked":["Flex","Twin Strike"],"picked":"Seeing Red","floor":7},{"not_picked":["Warcry","Armaments"],"picked":"Reaper","floor":11},{"not_picked":["Armaments","True Grit"],"picked":"Warcry","floor":12},{"not_picked":["Heavy Blade","Iron Wave","Demon Form+1"],"picked":"SKIP","floor":14}],"player_experience":865852,"relics_obtained":[{"floor":7,"key":"Calipers"},{"floor":9,"key":"Frozen Egg 2"}],"event_choices":[{"damage_healed":0,"gold_gain":0,"player_choice":"Left Gold","damage_taken":0,"max_hp_gain":0,"max_hp_loss":0,"event_name":"World of Goop","floor":2,"gold_loss":16},{"damage_healed":0,"gold_gain":175,"player_choice":"AGREE","damage_taken":0,"max_hp_gain":0,"max_hp_loss":0,"event_name":"Liars Game","floor":4,"gold_loss":0,"cards_obtained":["Doubt"]},{"damage_healed":0,"gold_gain":0,"player_choice":"Searched \u00270\u0027 times","damage_taken":0,"max_hp_gain":0,"max_hp_loss":0,"event_name":"Dead Adventurer","floor":8,"gold_loss":0}],"is_beta":false,"boss_relics":[],"items_purged_floors":[],"is_endless":false,"potions_floor_spawned":[1,7,12,14],"killed_by":"The Guardian","ascension_level":9}}