{"host":"u2grshebrc5rdzdn","time":1609178225,"event":{"mods":["AchievementEnabler","BaseMod","Minty Spire (QoL Compilation)","StSLib"],"gold_per_floor":[114,114,2,2,2,30,30,61,86,86,97,43,73,84,84,186,186,205,219,235,248,248,277,277,311,311,311,321,352,368,385,385,485,485,503,116,131,0,0,33,44,71,94,104,104,159,159,22,22,22],"floor_reached":51,"playtime":4154,"items_purged":["Defend_G"],"score":1209,"play_id":"90edbe20-0ac6-427a-84fd-fad84280c6b9","local_time":"20201228185705","is_ascension_mode":true,"campfire_choices":[{"data":"Accuracy","floor":7,"key":"SMITH"},{"data":"Noxious Fumes","floor":10,"key":"SMITH"},{"data":"Neutralize","floor":15,"key":"SMITH"},{"data":"Accuracy","floor":27,"key":"SMITH"},{"floor":32,"key":"REST"},{"floor":47,"key":"DIG"},{"data":"Accuracy","floor":49,"key":"SMITH"}],"circlet_count":0,"master_deck":["Defend_G+1","Defend_G+1","Defend_G+1","Defend_G+1","Survivor+1","Neutralize+1","Poisoned Stab+1","Accuracy+1","Grand Finale+1","Accuracy+1","Noxious Fumes+1","Quick Slash+1","Backflip+1","Noxious Fumes+1","After Image+1","Sucker Punch+1","Malaise+1","Grand Finale+1","Blade Dance+1","Well Laid Plans+1","Backflip+1","Ghostly+1","Ghostly+1","Ghostly+1","Ghostly+1","Ghostly+1","Acrobatics+1","Footwork+1","Corpse Explosion+1","Prepared+1","Phantasmal Killer+1","Footwork+1","Blade Dance+1","Accuracy+1","Prepared+1","PiercingWail+1","Terror","Footwork"],"relics":["Ring of the Snake","NeowsBlessing","StrikeDummy","Art of War","Nunchaku","Incense Burner","Astrolabe","Lantern","Regal Pillow","Letter Opener","Vajra","Sozu","Mummified Hand","Red Mask","Mark of the Bloom","Ninja Scroll","Ancient Tea Set","Pen Nib","Shovel","Bag of Marbles"],"acts_visited":["Exordium","TheCity","TheBeyond"],"potions_floor_usage":[16,29,31,31,41],"damage_taken":[{"damage":0,"enemies":"2 Louse","floor":1,"turns":1},{"damage":0,"enemies":"Lagavulin","floor":6,"turns":1},{"damage":0,"enemies":"Gremlin Nob","floor":8,"turns":1},{"damage":2,"enemies":"Jaw Worm","floor":11,"turns":4},{"damage":7,"enemies":"Lagavulin","floor":13,"turns":6},{"damage":9,"enemies":"Small Slimes","floor":14,"turns":4},{"damage":23,"enemies":"Slime Boss","floor":16,"turns":7},{"damage":7,"enemies":"Spheric Guardian","floor":18,"turns":6},{"damage":0,"enemies":"Chosen","floor":19,"turns":4},{"damage":4,"enemies":"Centurion and Healer","floor":20,"turns":5},{"damage":17,"enemies":"Shelled Parasite and Fungi","floor":21,"turns":6},{"damage":3,"enemies":"Gremlin Leader","floor":23,"turns":7},{"damage":0,"enemies":"Book of Stabbing","floor":25,"turns":6},{"damage":1,"enemies":"3 Cultists","floor":28,"turns":5},{"damage":18,"enemies":"Slavers","floor":29,"turns":3},{"damage":0,"enemies":"Centurion and Healer","floor":30,"turns":5},{"damage":1,"enemies":"Cultist and Chosen","floor":31,"turns":5},{"damage":6,"enemies":"Champ","floor":33,"turns":10},{"damage":1,"enemies":"Orb Walker","floor":35,"turns":5},{"damage":5,"enemies":"3 Shapes","floor":37,"turns":5},{"damage":4,"enemies":"Giant Head","floor":40,"turns":6},{"damage":0,"enemies":"Sphere and 2 Shapes","floor":41,"turns":4},{"damage":0,"enemies":"Maw","floor":44,"turns":6},{"damage":0,"enemies":"2 Orb Walkers","floor":46,"turns":3},{"damage":0,"enemies":"Time Eater","floor":50,"turns":8}],"seed_played":"3773299934651414832","potions_obtained":[{"floor":6,"key":"SpeedPotion"},{"floor":8,"key":"Swift Potion"},{"floor":13,"key":"CunningPotion"},{"floor":18,"key":"ColorlessPotion"},{"floor":19,"key":"Strength Potion"},{"floor":28,"key":"SkillPotion"},{"floor":30,"key":"SkillPotion"},{"floor":33,"key":"BlessingOfTheForge"}],"is_trial":false,"path_per_floor":["M","?","$","?","?","E","R","E","T","R","M","$","E","M","R","B",null,"M","M","M","M","?","E","?","E","T","R","M","E","M","M","R","B",null,"M","$","M","?","?","E","M","T","T","M","?","?","R","$","R","B",null],"character_chosen":"THE_SILENT","items_purchased":["Accuracy","CunningPotion","Backflip","Mummified Hand","Footwork","Terror","Footwork"],"campfire_rested":1,"item_purchase_floors":[3,3,12,36,36,48,48],"current_hp_per_floor":[63,56,56,56,61,61,61,61,61,61,59,59,52,43,43,20,61,54,54,50,33,33,30,26,26,26,26,25,7,7,6,33,27,38,37,37,32,32,32,28,28,28,28,28,28,28,28,28,28,28],"gold":22,"neow_bonus":"THREE_ENEMY_KILL","is_daily":false,"chose_seed":false,"campfire_upgraded":5,"win_rate":0.0,"timestamp":1609178225,"path_taken":["M","?","?","?","?","E","R","E","T","R","M","$","E","M","R","BOSS","M","M","M","M","?","E","?","E","T","R","M","E","M","M","R","BOSS","M","$","M","?","?","E","M","?","T","?","?","?","R","?","R","BOSS"],"items_purchased_type":["Card","Potion","Card","Relic","Card","Card","Card"],"build_version":"2020-12-22","purchased_purges":1,"victory":true,"max_hp_per_floor":[70,70,70,70,75,75,75,75,75,75,75,75,75,75,75,75,75,75,75,75,75,37,37,42,42,42,42,42,42,42,42,42,42,42,42,42,42,42,42,42,42,42,42,42,42,42,42,42,42,42],"card_choices":[{"not_picked":["Calculated Gamble","Masterful Stab"],"picked":"Poisoned Stab","floor":1},{"not_picked":["Outmaneuver","Phantasmal Killer"],"picked":"Accuracy","floor":6},{"not_picked":["All Out Attack","Bane"],"picked":"Noxious Fumes","floor":8},{"not_picked":["Predator","Slice"],"picked":"Quick Slash","floor":11},{"not_picked":["Prepared","Deadly Poison"],"picked":"Noxious Fumes","floor":13},{"not_picked":["Quick Slash","Poisoned Stab","Predator"],"picked":"SKIP","floor":14},{"not_picked":["Night Terror","Doppelganger"],"picked":"After Image","floor":16},{"not_picked":["Dash","Backflip+1"],"picked":"Blade Dance","floor":18},{"not_picked":["Sucker Punch","Flying Knee+1"],"picked":"Well Laid Plans+1","floor":19},{"not_picked":["Choke+1","Underhanded Strike","Quick Slash"],"picked":"SKIP","floor":20},{"not_picked":["Skewer","Outmaneuver"],"picked":"Backflip","floor":21},{"not_picked":["Blur+1","Bouncing Flask"],"picked":"Acrobatics","floor":23},{"not_picked":["Quick Slash","Backflip"],"picked":"Footwork","floor":25},{"not_picked":["Outmaneuver+1","Backflip+1"],"picked":"Corpse Explosion","floor":28},{"not_picked":["Underhanded Strike+1","Choke+1","Bane"],"picked":"SKIP","floor":29},{"not_picked":["Underhanded Strike+1","Dagger Spray"],"picked":"Prepared+1","floor":30},{"not_picked":["Finisher","Bouncing Flask","Flechettes"],"picked":"SKIP","floor":31},{"not_picked":["After Image","Die Die Die"],"picked":"Phantasmal Killer","floor":33},{"not_picked":["Dagger Throw","Poisoned Stab","Quick Slash+1"],"picked":"SKIP","floor":35},{"not_picked":["Deadly Poison","Blur"],"picked":"Blade Dance","floor":37},{"not_picked":["Sucker Punch","Well Laid Plans+1"],"picked":"Accuracy","floor":40},{"not_picked":["Acrobatics","Choke+1"],"picked":"Prepared+1","floor":41},{"not_picked":["Dodge and Roll+1","Dagger Spray+1"],"picked":"PiercingWail+1","floor":44}],"player_experience":394931,"relics_obtained":[{"floor":6,"key":"StrikeDummy"},{"floor":8,"key":"Art of War"},{"floor":9,"key":"Nunchaku"},{"floor":13,"key":"Incense Burner"},{"floor":23,"key":"Lantern"},{"floor":25,"key":"Regal Pillow"},{"floor":26,"key":"Letter Opener"},{"floor":29,"key":"Vajra"},{"floor":40,"key":"Ninja Scroll"},{"floor":42,"key":"Ancient Tea Set"},{"floor":43,"key":"Pen Nib"},{"floor":46,"key":"Shovel"},{"floor":47,"key":"Bag of Marbles"}],"event_choices":[{"cards_removed":["Strike_G"],"damage_healed":0,"gold_gain":0,"player_choice":"Card Removal","damage_taken":7,"max_hp_gain":0,"max_hp_loss":0,"event_name":"Golden Wing","floor":2,"gold_loss":0},{"damage_healed":0,"gold_gain":0,"cards_transformed":["Strike_G"],"player_choice":"Change","damage_taken":0,"max_hp_gain":0,"max_hp_loss":0,"event_name":"Living Wall","floor":4,"gold_loss":0,"cards_obtained":["Grand Finale"]},{"damage_healed":0,"gold_gain":0,"player_choice":"Donut","damage_taken":0,"max_hp_gain":5,"max_hp_loss":0,"event_name":"Big Fish","floor":5,"gold_loss":0},{"damage_healed":0,"gold_gain":0,"player_choice":"Became a Ghost","damage_taken":0,"max_hp_gain":0,"max_hp_loss":38,"event_name":"Ghosts","floor":22,"gold_loss":0,"cards_obtained":["Ghostly","Ghostly","Ghostly","Ghostly","Ghostly"]},{"damage_healed":0,"gold_gain":0,"player_choice":"Shed Blood","damage_taken":9,"max_hp_gain":5,"max_hp_loss":0,"event_name":"Forgotten Altar","floor":24,"gold_loss":0},{"damage_healed":0,"gold_gain":0,"player_choice":"Paid","damage_taken":0,"relics_obtained":["Red Mask"],"max_hp_gain":0,"max_hp_loss":0,"event_name":"Tomb of Lord Red Mask","floor":38,"gold_loss":131},{"damage_healed":0,"gold_gain":0,"player_choice":"Upgrade","damage_taken":0,"relics_obtained":["Mark of the Bloom"],"max_hp_gain":0,"max_hp_loss":0,"event_name":"MindBloom","floor":39,"gold_loss":0,"cards_upgraded":["Defend_G","Defend_G","Defend_G","Defend_G","Survivor","Poisoned Stab","Grand Finale","Quick Slash","Backflip","Noxious Fumes","After Image","Blade Dance","Backflip","Ghostly","Ghostly","Ghostly","Ghostly","Ghostly","Acrobatics","Footwork","Corpse Explosion","Phantasmal Killer","Footwork","Blade Dance"]},{"damage_healed":0,"gold_gain":0,"player_choice":"Memory 1","damage_taken":0,"max_hp_gain":0,"max_hp_loss":0,"event_name":"SensoryStone","floor":45,"gold_loss":0},{"damage_healed":0,"gold_gain":0,"player_choice":"Fight","damage_taken":0,"max_hp_gain":0,"max_hp_loss":0,"event_name":"Mysterious Sphere","floor":46,"gold_loss":0}],"is_beta":false,"boss_relics":[{"not_picked":["Fusion Hammer","SlaversCollar"],"picked":"Astrolabe"},{"not_picked":["Snecko Eye","Busted Crown"],"picked":"Sozu"}],"items_purged_floors":[36],"is_endless":false,"potions_floor_spawned":[6,8,13,18,19,28,30,33,37],"ascension_level":8}}