{"host":"sav7uxregyirlf69","time":1609140317,"event":{"mods":["AchievementEnabler","BaseMod","Colored Map","DeckTracker","Keyboard Shortcuts","Minty Spire (QoL Compilation)","READ ME - Guardian Mod","StSLib","SuperFastMode"],"gold_per_floor":[366,366,301,320,202,234,252,272,323,353,87,12,12,22,22,97,97,111,111,111,128,140,140,155,170,170,205,15,34,48,63,63,63,63],"floor_reached":33,"playtime":691,"items_purged":["Strike_G","Regret"],"score":542,"play_id":"9e4d86ab-87f5-4a2a-acbb-5599b89d9727","local_time":"20201228162517","is_ascension_mode":true,"campfire_choices":[{"data":"Accuracy","floor":15.0,"key":"SMITH"},{"floor":23.0,"key":"REST"},{"floor":32,"key":"REST"}],"circlet_count":0,"master_deck":["AscendersBane","Strike_G","Strike_G","Defend_G","Defend_G","Defend_G","Defend_G","Defend_G","Survivor","Neutralize","Cloak And Dagger","Storm of Steel","Skewer+1","Accuracy+1","Dagger Throw+1","Blade Dance","Backstab+1","Adrenaline","PiercingWail+1","Footwork","Acrobatics+1","Adrenaline","Leg Sweep","Wraith Form v2"],"relics":["Ring of the Snake","Molten Egg 2","Snake Skull","MealTicket","Paper Crane","Cursed Key","MutagenicStrength","Bronze Scales"],"acts_visited":["Exordium","TheCity"],"potions_floor_usage":[27,27,30,33],"damage_taken":[{"damage":4.0,"enemies":"Small Slimes","floor":1.0,"turns":3.0},{"damage":2.0,"enemies":"Jaw Worm","floor":4.0,"turns":4.0},{"damage":32.0,"enemies":"Gremlin Nob","floor":6.0,"turns":4.0},{"damage":0.0,"enemies":"Cultist","floor":7.0,"turns":2.0},{"damage":0.0,"enemies":"Large Slime","floor":8.0,"turns":4.0},{"damage":0.0,"enemies":"Exordium Wildlife","floor":14.0,"turns":3.0},{"damage":33.0,"enemies":"The Guardian","floor":16.0,"turns":15.0},{"damage":0.0,"enemies":"Spheric Guardian","floor":18.0,"turns":1.0},{"damage":0.0,"enemies":"3 Byrds","floor":21.0,"turns":5.0},{"damage":7.0,"enemies":"Snecko","floor":22.0,"turns":4.0},{"damage":9.0,"enemies":"Snake Plant","floor":24.0,"turns":4.0},{"damage":22.0,"enemies":"Shelled Parasite and Fungi","floor":25.0,"turns":5.0},{"damage":6,"enemies":"Book of Stabbing","floor":27,"turns":5},{"damage":3,"enemies":"3 Cultists","floor":29,"turns":5},{"damage":7,"enemies":"Snake Plant","floor":30,"turns":2},{"damage":1,"enemies":"Centurion and Healer","floor":31,"turns":4},{"damage":40,"enemies":"Champ","floor":33,"turns":11}],"seed_played":"5462898071096556863","potions_obtained":[{"floor":7.0,"key":"FearPotion"},{"floor":14.0,"key":"PowerPotion"},{"floor":18.0,"key":"PowerPotion"},{"floor":25.0,"key":"CunningPotion"},{"floor":27,"key":"FearPotion"},{"floor":29,"key":"Block Potion"}],"is_trial":false,"path_per_floor":["M","?","?","M","$","E","M","M","T","?","$","?","$","M","R","B",null,"M","?","?","M","M","R","M","M","T","E","$","M","M","M","R","B"],"character_chosen":"THE_SILENT","items_purchased":["Accuracy","Paper Crane","Adrenaline"],"campfire_rested":2,"item_purchase_floors":[5,11,28],"current_hp_per_floor":[55,55,55,53,53,21,21,21,21,21,36,36,51,51,51,18,50,50,34,34,34,27,46,37,15,15,9,24,21,14,13,32,0,0],"gold":63,"neow_bonus":"TWO_FIFTY_GOLD","is_daily":false,"chose_seed":false,"campfire_upgraded":1,"win_rate":0.0,"timestamp":1609140317,"path_taken":["M","?","?","M","$","E","M","?","T","?","$","?","?","M","R","BOSS","M","?","?","M","M","R","?","M","T","E","$","M","M","M","R","BOSS"],"items_purchased_type":["Card","Relic","Card"],"build_version":"2020-12-22","purchased_purges":2,"victory":false,"max_hp_per_floor":[60,60,60,60,60,60,60,60,60,60,60,60,60,60,60,60,60,60,65,65,65,65,65,65,65,65,65,65,65,65,65,65,65,65],"card_choices":[{"not_picked":["Acrobatics","PiercingWail"],"picked":"Cloak And Dagger","floor":1.0},{"not_picked":["Deflect","Blade Dance"],"picked":"Skewer+1","floor":4.0},{"not_picked":["Deadly Poison","Underhanded Strike+1"],"picked":"Dagger Throw+1","floor":6.0},{"not_picked":["Accuracy","Backflip"],"picked":"Blade Dance","floor":7.0},{"not_picked":["PiercingWail","Skewer+1","Masterful Stab+1"],"picked":"SKIP","floor":8.0},{"not_picked":["Dagger Spray+1","Acrobatics"],"picked":"Backstab+1","floor":14.0},{"not_picked":["Corpse Explosion","Malaise"],"picked":"Adrenaline","floor":16.0},{"not_picked":["Poisoned Stab+1","Dagger Spray+1"],"picked":"PiercingWail+1","floor":18.0},{"not_picked":["Outmaneuver","Blade Dance","Dodge and Roll"],"picked":"SKIP","floor":21.0},{"not_picked":["Flying Knee+1","PiercingWail"],"picked":"Footwork","floor":22.0},{"not_picked":["Prepared","Flechettes+1","Backstab+1"],"picked":"SKIP","floor":24.0},{"not_picked":["Bane+1","Expertise"],"picked":"Acrobatics+1","floor":25.0},{"not_picked":["Eviscerate+1","Poisoned Stab+1","Infinite Blades"],"picked":"SKIP","floor":27},{"not_picked":["Blade Dance","Quick Slash+1","Deflect"],"picked":"SKIP","floor":29},{"not_picked":["Poisoned Stab+1","Backflip"],"picked":"Leg Sweep","floor":30},{"not_picked":["Blade Dance","Dodge and Roll+1"],"picked":"Wraith Form v2","floor":31}],"player_experience":1024840,"relics_obtained":[{"floor":6.0,"key":"Snake Skull"},{"floor":9.0,"key":"MealTicket"},{"floor":27,"key":"Bronze Scales"}],"event_choices":[{"damage_healed":0.0,"max_hp_gain":0.0,"max_hp_loss":0.0,"gold_gain":0.0,"cards_transformed":["Strike_G"],"event_name":"Living Wall","player_choice":"Change","floor":2.0,"gold_loss":0.0,"damage_taken":0.0,"cards_obtained":["Storm of Steel"]},{"damage_healed":0.0,"max_hp_gain":0.0,"max_hp_loss":0.0,"gold_gain":0.0,"event_name":"WeMeetAgain","player_choice":"Paid Gold","floor":3.0,"gold_loss":65.0,"damage_taken":0.0,"relics_obtained":["Molten Egg 2"]},{"damage_healed":0.0,"max_hp_gain":0.0,"max_hp_loss":0.0,"gold_gain":30.0,"event_name":"Dead Adventurer","player_choice":"Searched \u00271\u0027 times","floor":10.0,"gold_loss":0.0,"damage_taken":0.0},{"cards_removed":["Strike_G"],"damage_healed":0.0,"max_hp_gain":0.0,"max_hp_loss":0.0,"gold_gain":0.0,"event_name":"The Cleric","player_choice":"Card Removal","floor":12.0,"gold_loss":75.0,"damage_taken":0.0},{"damage_healed":0.0,"max_hp_gain":5.0,"max_hp_loss":0.0,"gold_gain":0.0,"event_name":"Forgotten Altar","player_choice":"Shed Blood","floor":19.0,"gold_loss":0.0,"damage_taken":21.0},{"damage_healed":0.0,"max_hp_gain":0.0,"max_hp_loss":0.0,"gold_gain":0.0,"event_name":"Drug Dealer","player_choice":"Inject Mutagens","floor":20.0,"gold_loss":0.0,"damage_taken":0.0,"relics_obtained":["MutagenicStrength"]}],"is_beta":false,"boss_relics":[{"not_picked":["Calling Bell","Runic Dome"],"picked":"Cursed Key"}],"items_purged_floors":[5,28],"is_endless":false,"potions_floor_spawned":[7,14,18,25,27,29],"killed_by":"Champ","ascension_level":20}}