{"host":"78zdngn0u28jm0pp","time":1609198360,"event":{"mods":["BaseMod","Jorbs\u0027s Wanderer Trilogy","Minty Spire (QoL Compilation)","Permanent Neow","Quick Restart","Relic Stats","StSLib","Unceasing Turn Reminder"],"gold_per_floor":[115,40,40,40,55,81,100,131,210,210,223,72,72,90,90,165,165,176,195,10,10,26,56,56,82,162,193,207,207,227,237,237,308,308,325,56,56,69,82,108,0,0,26,60,114,126,156,174,174,174,174,174,174,117,145,145,145],"floor_reached":56,"playtime":5976,"items_purged":["Pain","Strike_G"],"score":2289,"play_id":"e62418cd-b4aa-4e8c-8a15-6ca42369a7cd","local_time":"20201228163240","is_ascension_mode":true,"campfire_choices":[{"data":"Tools of the Trade","floor":10,"key":"SMITH"},{"data":"Footwork","floor":13,"key":"SMITH"},{"data":"Tactician","floor":15,"key":"SMITH"},{"data":"Malaise","floor":24,"key":"SMITH"},{"data":"Prepared","floor":29,"key":"SMITH"},{"data":"Cloak And Dagger","floor":32,"key":"SMITH"},{"data":"Envenom","floor":42,"key":"SMITH"},{"floor":49,"key":"RECALL"},{"data":"Corpse Explosion","floor":53,"key":"SMITH"}],"circlet_count":0,"master_deck":["AscendersBane","Strike_G","Defend_G","Defend_G","Defend_G","Defend_G","Survivor","Neutralize","Leg Sweep","Cloak And Dagger+1","Tools of the Trade+1","Footwork+1","Dagger Throw","Deflect","Tactician+1","Dagger Spray","Glass Knife","Reflex","Malaise+1","Slice","Dagger Throw","Dodge and Roll+1","Prepared+1","Blade Dance","Noxious Fumes+1","Acrobatics","PiercingWail","After Image","Dodge and Roll+1","Blur","Finisher","Envenom+1","Corpse Explosion+1","Terror","Leg Sweep+1","Reflex"],"relics":["Ring of the Snake","NeowsBlessing","WarpedTongs","Du-Vu Doll","Orichalcum","Meat on the Bone","Coffee Dripper","Anchor","HornCleat","Ornamental Fan","Sundial","Empty Cage","White Beast Statue","Red Mask","Bronze Scales","Pantograph","Mercury Hourglass","Boot"],"acts_visited":["Exordium","TheCity","TheBeyond","TheEnding"],"potions_floor_usage":[8,16,16,16,19,19,23,27,30,33,44,51,55,55,56],"damage_taken":[{"damage":0,"enemies":"2 Louse","floor":1,"turns":1},{"damage":1,"enemies":"Cultist","floor":5,"turns":1},{"damage":0,"enemies":"Gremlin Nob","floor":6,"turns":1},{"damage":1,"enemies":"Small Slimes","floor":7,"turns":4},{"damage":8,"enemies":"3 Sentries","floor":8,"turns":15},{"damage":0,"enemies":"Looter","floor":11,"turns":3},{"damage":0,"enemies":"2 Fungi Beasts","floor":14,"turns":4},{"damage":10,"enemies":"The Guardian","floor":16,"turns":14},{"damage":1,"enemies":"Spheric Guardian","floor":18,"turns":5},{"damage":0,"enemies":"3 Byrds","floor":19,"turns":5},{"damage":0,"enemies":"Snake Plant","floor":22,"turns":6},{"damage":22,"enemies":"Slavers","floor":23,"turns":6},{"damage":20,"enemies":"Book of Stabbing","floor":25,"turns":8},{"damage":0,"enemies":"Gremlin Leader","floor":27,"turns":8},{"damage":11,"enemies":"Cultist and Chosen","floor":28,"turns":7},{"damage":0,"enemies":"Centurion and Healer","floor":30,"turns":5},{"damage":5,"enemies":"Snake Plant","floor":31,"turns":7},{"damage":0,"enemies":"Champ","floor":33,"turns":16},{"damage":0,"enemies":"3 Shapes","floor":35,"turns":8},{"damage":0,"enemies":"Orb Walker","floor":38,"turns":6},{"damage":3,"enemies":"Spire Growth","floor":39,"turns":7},{"damage":1,"enemies":"Nemesis","floor":40,"turns":9},{"damage":4,"enemies":"Reptomancer","floor":44,"turns":9},{"damage":9,"enemies":"2 Orb Walkers","floor":45,"turns":4},{"damage":8,"enemies":"Maw","floor":46,"turns":8},{"damage":0,"enemies":"Nemesis","floor":47,"turns":7},{"damage":0,"enemies":"Jaw Worm Horde","floor":48,"turns":3},{"damage":50,"enemies":"Time Eater","floor":50,"turns":17},{"damage":29,"enemies":"Awakened One","floor":51,"turns":17},{"damage":21,"enemies":"Shield and Spear","floor":55,"turns":8},{"damage":71,"enemies":"The Heart","floor":56,"turns":3}],"seed_played":"-8582862309376457873","potions_obtained":[{"floor":1,"key":"SpeedPotion"},{"floor":6,"key":"Block Potion"},{"floor":14,"key":"EntropicBrew"},{"floor":16,"key":"DistilledChaos"},{"floor":19,"key":"AttackPotion"},{"floor":25,"key":"Explosive Potion"},{"floor":27,"key":"CultistPotion"},{"floor":28,"key":"Fruit Juice"},{"floor":33,"key":"Fire Potion"},{"floor":35,"key":"Fire Potion"},{"floor":44,"key":"Fire Potion"},{"floor":45,"key":"DistilledChaos"},{"floor":47,"key":"Ancient Potion"},{"floor":55,"key":"ColorlessPotion"}],"is_trial":false,"path_per_floor":["M","?","?","?","M","E","M","E","T","R","M","$","R","M","R","B",null,"M","M","$","?","M","E","R","E","T","E","M","R","M","M","R","B",null,"M","$","T","M","M","E","?","R","T","E","?","M","E","M","R","B","B",null,"R","$","E","B"],"character_chosen":"THE_SILENT","items_purchased":["Tactician","Malaise","Slice","Blur","Finisher","SkillPotion"],"campfire_rested":0,"item_purchase_floors":[12,20,20,36,36,54],"current_hp_per_floor":[59,59,64,64,63,63,62,54,54,54,54,54,54,54,54,44,64,63,63,63,63,63,41,41,33,33,45,46,46,51,46,46,46,69,69,69,69,69,66,65,65,65,65,61,52,44,44,44,44,31,39,67,67,67,46,0,0],"gold":145,"neow_bonus":"THREE_ENEMY_KILL","is_daily":false,"chose_seed":false,"campfire_upgraded":8,"win_rate":0.0,"timestamp":1609198360,"path_taken":["M","?","?","?","M","E","M","E","T","R","M","$","R","M","R","BOSS","M","M","?","?","M","E","R","E","T","E","M","R","M","?","R","BOSS","M","$","?","M","M","E","?","R","T","E","?","M","E","M","R","BOSS","BOSS","R","$","E","BOSS"],"items_purchased_type":["Card","Card","Card","Card","Card","Potion"],"build_version":"2020-12-22","purchased_purges":2,"victory":false,"max_hp_per_floor":[66,66,71,71,71,71,71,71,71,71,71,71,71,71,71,71,71,71,71,71,71,71,71,71,71,71,71,71,71,76,76,76,76,76,76,76,76,76,76,76,76,76,76,76,76,76,76,76,76,76,76,76,76,76,76,76,76],"relic_stats":{"counters":[31,222],"Ornamental Fan":[260],"Sundial":[20],"Bronze Scales":[397],"Pantograph":75,"Orichalcum":[18],"Boot":[1],"obtain_stats":[{"NeowsBlessing":0,"Orichalcum":8,"Empty Cage":34,"Boot":55,"White Beast Statue":40,"WarpedTongs":4,"Mercury Hourglass":47,"Du-Vu Doll":6,"Anchor":23,"HornCleat":25,"Ornamental Fan":26,"Sundial":27,"Bronze Scales":43,"Pantograph":44,"Coffee Dripper":17,"Red Mask":41,"Ring of the Snake":0,"Meat on the Bone":9},{"NeowsBlessing":0,"Orichalcum":5,"Empty Cage":18,"Boot":30,"White Beast Statue":22,"WarpedTongs":1,"Mercury Hourglass":26,"Du-Vu Doll":3,"Anchor":12,"HornCleat":13,"Ornamental Fan":13,"Sundial":14,"Bronze Scales":22,"Pantograph":23,"Coffee Dripper":8,"Red Mask":22,"Ring of the Snake":0,"Meat on the Bone":5},{"NeowsBlessing":0,"Orichalcum":22,"Empty Cage":116,"Boot":219,"White Beast Statue":146,"WarpedTongs":1,"Mercury Hourglass":174,"Du-Vu Doll":3,"Anchor":65,"HornCleat":73,"Ornamental Fan":73,"Sundial":81,"Bronze Scales":146,"Pantograph":155,"Coffee Dripper":43,"Red Mask":146,"Ring of the Snake":0,"Meat on the Bone":22}],"Ring of the Snake":[62],"WarpedTongs":[215],"Meat on the Bone":60,"Mercury Hourglass":[148]},"card_choices":[{"not_picked":["Flechettes","Cloak And Dagger"],"picked":"Leg Sweep","floor":1},{"not_picked":["Deflect","Choke"],"picked":"Cloak And Dagger","floor":5},{"not_picked":["Skewer","Accuracy"],"picked":"Tools of the Trade","floor":6},{"not_picked":["Escape Plan","Bane"],"picked":"Footwork","floor":7},{"not_picked":["Concentrate","Choke"],"picked":"Dagger Throw","floor":8},{"not_picked":["Deadly Poison","Expertise"],"picked":"Deflect","floor":11},{"not_picked":["Calculated Gamble","Cloak And Dagger"],"picked":"Dagger Spray","floor":14},{"not_picked":["Doppelganger","Adrenaline"],"picked":"Glass Knife","floor":16},{"not_picked":["Bane","Accuracy","Outmaneuver+1"],"picked":"SKIP","floor":18},{"not_picked":["Dodge and Roll","Bane"],"picked":"Reflex","floor":19},{"not_picked":["Poisoned Stab","Leg Sweep"],"picked":"Dagger Throw","floor":22},{"not_picked":["Cloak And Dagger","Escape Plan"],"picked":"Dodge and Roll+1","floor":23},{"not_picked":["Reflex","All Out Attack"],"picked":"Prepared","floor":25},{"not_picked":["Sucker Punch","Flechettes+1"],"picked":"Blade Dance","floor":27},{"not_picked":["Backflip","Grand Finale"],"picked":"Noxious Fumes+1","floor":28},{"not_picked":["Deflect","Leg Sweep"],"picked":"Acrobatics","floor":30},{"not_picked":["Dagger Throw+1","Acrobatics+1"],"picked":"PiercingWail","floor":31},{"not_picked":["Storm of Steel","Bullet Time"],"picked":"After Image","floor":33},{"not_picked":["Catalyst","Outmaneuver+1"],"picked":"Dodge and Roll+1","floor":35},{"not_picked":["Sucker Punch","Distraction","Setup"],"picked":"SKIP","floor":38},{"not_picked":["Distraction","Underhanded Strike","Escape Plan"],"picked":"SKIP","floor":39},{"not_picked":["Predator","Skewer+1"],"picked":"Envenom","floor":40},{"not_picked":["Deflect","Infinite Blades"],"picked":"Corpse Explosion","floor":44},{"not_picked":["Dagger Throw+1","Cloak And Dagger","Dagger Spray"],"picked":"SKIP","floor":46},{"not_picked":["Underhanded Strike+1","Blade Dance"],"picked":"Terror","floor":47},{"not_picked":["Dagger Spray","Poisoned Stab"],"picked":"Leg Sweep+1","floor":48},{"not_picked":["Acrobatics+1","Finisher+1"],"picked":"Reflex","floor":55}],"player_experience":698018,"relics_obtained":[{"floor":6,"key":"Du-Vu Doll"},{"floor":8,"key":"Orichalcum"},{"floor":9,"key":"Meat on the Bone"},{"floor":23,"key":"Anchor"},{"floor":25,"key":"HornCleat"},{"floor":26,"key":"Ornamental Fan"},{"floor":27,"key":"Sundial"},{"floor":40,"key":"White Beast Statue"},{"floor":43,"key":"Bronze Scales"},{"floor":44,"key":"Pantograph"},{"floor":47,"key":"Mercury Hourglass"},{"floor":55,"key":"Boot"}],"event_choices":[{"cards_removed":["Defend_G"],"damage_healed":0,"gold_gain":0,"player_choice":"Card Removal","damage_taken":0,"max_hp_gain":0,"max_hp_loss":0,"event_name":"The Cleric","floor":2,"gold_loss":75},{"damage_healed":0,"gold_gain":0,"player_choice":"Donut","damage_taken":0,"max_hp_gain":5,"max_hp_loss":0,"event_name":"Big Fish","floor":3,"gold_loss":0},{"damage_healed":0,"gold_gain":0,"player_choice":"Rummage","damage_taken":0,"relics_obtained":["WarpedTongs"],"max_hp_gain":0,"max_hp_loss":0,"event_name":"Accursed Blacksmith","floor":4,"gold_loss":0,"cards_obtained":["Pain"]},{"cards_removed":["Strike_G"],"damage_healed":0,"gold_gain":0,"player_choice":"Offered Basic","damage_taken":0,"max_hp_gain":0,"max_hp_loss":0,"event_name":"Bonfire Elementals","floor":21,"gold_loss":0},{"damage_healed":0,"gold_gain":0,"player_choice":"Paid","damage_taken":0,"relics_obtained":["Red Mask"],"max_hp_gain":0,"max_hp_loss":0,"event_name":"Tomb of Lord Red Mask","floor":41,"gold_loss":108},{"damage_healed":0,"gold_gain":0,"player_choice":"Fight","damage_taken":0,"max_hp_gain":0,"max_hp_loss":0,"event_name":"Mysterious Sphere","floor":45,"gold_loss":0}],"is_beta":false,"boss_relics":[{"not_picked":["Velvet Choker","WristBlade"],"picked":"Coffee Dripper"},{"not_picked":["SacredBark","SlaversCollar"],"picked":"Empty Cage"}],"items_purged_floors":[12,36],"is_endless":false,"potions_floor_spawned":[1,6,14,16,19,25,27,28,33,35,38,44,45,46,47,48,55],"killed_by":"The Heart","ascension_level":20}}