{"host":"nk1hwk2qadwaubm5","time":1609114983,"event":{"mods":["BaseMod","Hermit","Hubris","Infinite Spire","Marisa????????","Minty Spire (QoL Compilation)","Replay The Spire","StSLib","The Animator","The Cursed","The Jungle","The Servant 0.9.4"],"gold_per_floor":[113,113,125,125,50,79,93,125,125,152,172,192,36,66,66,162,162,178,178,22,22,35,35,51,83,83,110,123,123,150,150,150,253,253,269,323,323,338,338,371,371,401,446,477,495,372,372,386,386,386],"floor_reached":51,"playtime":3299,"items_purged":["Defend_B","Strike_B","Strike_B","Defend_B"],"score":1042,"play_id":"7c5ff280-f853-40de-8bce-55f25616e919","local_time":"20201228012303","is_ascension_mode":true,"campfire_choices":[{"data":"Auto Shields","floor":15,"key":"SMITH"},{"data":"Hologram","floor":23,"key":"SMITH"},{"data":"Mirror Shield","floor":32,"key":"SMITH"},{"data":"Mirror Shield","floor":41,"key":"SMITH"},{"data":"Dualcast","floor":41,"key":"SMITH"},{"data":"ReplayTheSpireMod:Calculation Training","floor":47,"key":"SMITH"},{"data":"Seek","floor":47,"key":"SMITH"}],"circlet_count":0,"master_deck":["Strike_B+1","Defend_B","Defend_B","Zap+1","Dualcast+1","Auto Shields+1","Gash+1","Gash+1","Go for the Eyes+1","FTL+1","Steam","Mirror Shield+1","Gash+1","Hologram+1","Machine Learning+1","Seek+1","All For One+1","Mirror Shield+1","Compile Driver+1","ReplayTheSpireMod:Calculation Training+1","Genetic Algorithm+1","ReplayGash+1"],"relics":["Cracked Core","Molten Egg 2","infinitespire:Freezer","HornCleat","hubris:Zylophone","Happy Flower","Bronze Scales","Sozu","Membership Card","Nloth\u0027s Gift","Vajra","hubris:RGBLights","Replay:WaspNest","Gremlin Horn","Mummified Hand","infinitespire:Cupcake","Replay:Arrowhead","Philosopher\u0027s Stone","Bird Faced Urn","hubris:Towel","Blood Vial","Pen Nib","Bag of Marbles","Pet Ghost","Whetstone"],"acts_visited":["Exordium","TheCity","TheBeyond"],"potions_floor_usage":[8,14],"damage_taken":[{"damage":6,"enemies":"Jaw Worm","floor":1,"turns":3},{"damage":1,"enemies":"Cultist","floor":3,"turns":3},{"damage":7,"enemies":"Replay:BlueRogue","floor":6,"turns":6},{"damage":0,"enemies":"2 Louse","floor":7,"turns":2},{"damage":0,"enemies":"Lagavulin","floor":8,"turns":6},{"damage":6,"enemies":"3 Sentries","floor":10,"turns":7},{"damage":8,"enemies":"Looter","floor":11,"turns":2},{"damage":6,"enemies":"Gremlin Gang","floor":12,"turns":4},{"damage":0,"enemies":"Gremlin Nob","floor":14,"turns":2},{"damage":7,"enemies":"Slime Boss","floor":16,"turns":7},{"damage":0,"enemies":"Shell Parasite","floor":18,"turns":4},{"damage":6,"enemies":"2 Thieves","floor":22,"turns":3},{"damage":4,"enemies":"Centurion and Healer","floor":24,"turns":5},{"damage":13,"enemies":"Slavers","floor":25,"turns":5},{"damage":0,"enemies":"Replay:Snechameleon","floor":27,"turns":4},{"damage":0,"enemies":"Snake Plant","floor":28,"turns":3},{"damage":5,"enemies":"Nightmare","floor":30,"turns":5},{"damage":0,"enemies":"Automaton","floor":33,"turns":5},{"damage":0,"enemies":"Orb Walker","floor":35,"turns":1},{"damage":13,"enemies":"2 Orb Walkers","floor":36,"turns":3},{"damage":0,"enemies":"3 Darklings","floor":38,"turns":3},{"damage":19,"enemies":"Nightmare","floor":40,"turns":6},{"damage":3,"enemies":"Nemesis","floor":42,"turns":3},{"damage":0,"enemies":"R_Hoarder","floor":44,"turns":3},{"damage":0,"enemies":"Jaw Worm Horde","floor":45,"turns":3},{"damage":0,"enemies":"Transient","floor":48,"turns":5},{"damage":47,"enemies":"infinitespire:MassOfShapes","floor":50,"turns":5}],"seed_played":"-9143027655174473395","potions_obtained":[{"floor":1,"key":"SpeedPotion"},{"floor":7,"key":"ColorlessPotion"},{"floor":8,"key":"FearPotion"},{"floor":10,"key":"Adrenaline Potion"},{"floor":11,"key":"Strength Potion"}],"is_trial":false,"path_per_floor":["M","?","M","T","$","E","M","E","T","E","M","M","$","E","R","B",null,"M","?","$","?","M","R","M","E","T","E","M","AVR","NM","?","R","B",null,"M","?","AVR","M","?","NM","R","E","T","E","M","$","R","M","R","B",null],"character_chosen":"DEFECT","items_purchased":["Happy Flower","Membership Card","Whetstone"],"campfire_rested":0,"item_purchase_floors":[13,20,46],"current_hp_per_floor":[69,69,68,68,68,61,61,61,61,55,47,41,41,41,41,34,75,75,75,75,75,69,69,65,52,52,52,52,52,47,47,47,47,75,75,62,62,62,62,45,45,46,46,50,54,54,54,58,75,28],"gold":386,"neow_bonus":"UPGRADE_CARD","is_daily":false,"chose_seed":false,"campfire_upgraded":7,"win_rate":0.0,"timestamp":1609114983,"path_taken":["M","?","?","?","?","E","M","E","T","E","M","M","$","E","R","BOSS","M","?","$","?","?","R","M","E","T","E","M","AVR","NM","?","R","BOSS","M","?","AVR","M","?","NM","R","E","T","E","M","$","R","M","R","BOSS"],"items_purchased_type":["Relic","Relic","Relic"],"build_version":"2020-12-22","purchased_purges":4,"victory":true,"max_hp_per_floor":[75,75,75,75,75,75,75,75,75,75,75,75,75,75,75,75,75,75,75,75,75,75,75,75,75,75,75,75,75,75,75,75,75,75,75,75,75,75,75,75,75,75,75,75,75,75,75,75,75,75],"card_choices":[{"not_picked":["Rebound","Streamline","Compile Driver"],"picked":"SKIP","floor":1},{"not_picked":["Streamline","Time Bomb"],"picked":"Auto Shields","floor":3},{"not_picked":["Redo","Leap"],"picked":"Gash+1","floor":6},{"not_picked":["Fission","Rebound+1"],"picked":"Gash+1","floor":7},{"not_picked":["Redo","Leap","Storm"],"picked":"SKIP","floor":8},{"not_picked":["Steam Power","ReplayTheSpireMod:Repulse"],"picked":"Go for the Eyes+1","floor":10},{"not_picked":["Leap","Skim","Rebound+1"],"picked":"SKIP","floor":11},{"not_picked":["Leap","Machine Learning"],"picked":"FTL+1","floor":12},{"not_picked":["Compile Driver+1","ReplayTheSpireMod:Reroute Power"],"picked":"Steam","floor":14},{"not_picked":["ReplayTheSpireMod:Fabricate Wheel","Buffer"],"picked":"Mirror Shield","floor":16},{"not_picked":["Steam Power+1","hubris:Ukulele+1"],"picked":"Gash+1","floor":18},{"not_picked":["Ball Lightning+1","Storm+1"],"picked":"Hologram","floor":22},{"not_picked":["Streamline+1","Storm","Fusion+1"],"picked":"SKIP","floor":24},{"not_picked":["hubris:Prefetch","Aggregate+1","Biased Cognition"],"picked":"SKIP","floor":25},{"not_picked":["Double Energy+1","ReplaySolidLightProjector+1"],"picked":"Machine Learning","floor":27},{"not_picked":["Panic Button","Reinforced Body+1","Consume"],"picked":"SKIP","floor":28},{"not_picked":["ReplayTheSpireMod:GoodbyeWorld","ReplayTheSpireMod:System Scan"],"picked":"Seek","floor":30},{"not_picked":["hubris:SpecializedCircuitry","Machine Learning"],"picked":"All For One+1","floor":33},{"not_picked":["Barrage+1","Rip and Tear+1","Darkness+1"],"picked":"SKIP","floor":35},{"not_picked":["Stack","Cold Snap+1","Panic Button"],"picked":"SKIP","floor":38},{"not_picked":["Reboot","Blizzard+1"],"picked":"Mirror Shield","floor":40},{"not_picked":["Barrage+1","Streamline+1"],"picked":"Compile Driver+1","floor":42},{"not_picked":["Undo","hubris:SpecializedCircuitry"],"picked":"ReplayTheSpireMod:Calculation Training","floor":44},{"not_picked":["Loop","Beam Cell+1"],"picked":"Genetic Algorithm+1","floor":45},{"not_picked":["Doom and Gloom+1","Redo+1"],"picked":"ReplayGash+1","floor":48}],"player_experience":311893,"relics_obtained":[{"floor":4,"key":"Molten Egg 2"},{"floor":6,"key":"infinitespire:Freezer"},{"floor":8,"key":"Bottled Flame"},{"floor":9,"key":"HornCleat"},{"floor":10,"key":"hubris:Zylophone"},{"floor":14,"key":"Bronze Scales"},{"floor":25,"key":"Vajra"},{"floor":26,"key":"hubris:RGBLights"},{"floor":27,"key":"Replay:WaspNest"},{"floor":30,"key":"Mummified Hand"},{"floor":36,"key":"Replay:Arrowhead"},{"floor":40,"key":"Blood Vial"},{"floor":42,"key":"Pen Nib"},{"floor":43,"key":"Bag of Marbles"},{"floor":44,"key":"Pet Ghost"}],"event_choices":[{"damage_healed":0,"gold_gain":0,"player_choice":"0 cards matched","damage_taken":0,"max_hp_gain":0,"max_hp_loss":0,"event_name":"Match and Keep!","floor":2,"gold_loss":0,"cards_obtained":[]},{"damage_healed":0,"gold_gain":0,"player_choice":"Ignored","damage_taken":0,"max_hp_gain":0,"max_hp_loss":0,"event_name":"Vampires","floor":19,"gold_loss":0},{"damage_healed":0,"gold_gain":0,"player_choice":"Traded Relic","damage_taken":0,"relics_obtained":["Nloth\u0027s Gift"],"max_hp_gain":0,"max_hp_loss":0,"event_name":"N\u0027loth","floor":21,"relics_lost":["Bottled Flame"],"gold_loss":0},{"cards_removed":["Strike_B"],"damage_healed":0,"gold_gain":0,"player_choice":"Purged","damage_taken":0,"max_hp_gain":0,"max_hp_loss":0,"event_name":"Purifier","floor":31,"gold_loss":0},{"damage_healed":0,"gold_gain":0,"player_choice":"Fight","damage_taken":0,"max_hp_gain":0,"max_hp_loss":0,"event_name":"Mysterious Sphere","floor":36,"gold_loss":0}],"is_beta":false,"boss_relics":[{"not_picked":["Replay:Drink Me","Coffee Dripper"],"picked":"Sozu"},{"not_picked":["Painkiller Herb","Honey Jar"],"picked":"infinitespire:Cupcake"}],"items_purged_floors":[5,29,37,46],"is_endless":true,"potions_floor_spawned":[1,7,8,10,11,18,22,25,27,30,33,35,36,42,45,48],"ascension_level":1}}