{"host":"5bdt6s51dmpd4l3v","time":1609119375,"event":{"mods":["AchievementEnabler","BaseMod","Colored Map","Colored Powertips","Highlight Path","Minty Spire (QoL Compilation)","Quick Restart","Rare Cards Sparkle","StSLib"],"gold_per_floor":[119,269,72,72,91,129,129,167,167,188,188,28,28,28,28,121,121,140,100,115,115,115],"floor_reached":21,"playtime":707,"items_purged":["Doubt"],"score":380,"play_id":"9b55853d-975f-47b6-b3ee-e36035566f3a","local_time":"20201228093615","is_ascension_mode":true,"campfire_choices":[{"data":"Infernal Blade","floor":7,"key":"SMITH"},{"data":"Warcry","floor":11,"key":"SMITH"},{"data":"Offering","floor":13,"key":"SMITH"},{"data":"True Grit","floor":15,"key":"SMITH"}],"circlet_count":0,"master_deck":["AscendersBane","Strike_R","Strike_R","Strike_R","Strike_R","Strike_R","Defend_R","Defend_R","Defend_R","Defend_R","Bash","Headbutt","Infernal Blade+1","Seeing Red","Warcry+1","Rage","Burning Pact","Pummel","Offering+1","Brutality","True Grit+1","Demon Form","Rupture"],"relics":["Burning Blood","NeowsBlessing","Golden Idol","Charon\u0027s Ashes","Odd Mushroom","Meat on the Bone","Orrery","Sozu"],"acts_visited":["Exordium","TheCity"],"potions_floor_usage":[16],"damage_taken":[{"damage":0,"enemies":"Small Slimes","floor":1,"turns":2},{"damage":0,"enemies":"Jaw Worm","floor":5,"turns":1},{"damage":0,"enemies":"3 Sentries","floor":6,"turns":1},{"damage":3,"enemies":"The Mushroom Lair","floor":8,"turns":4},{"damage":3,"enemies":"2 Louse","floor":10,"turns":2},{"damage":60,"enemies":"The Guardian","floor":16,"turns":7},{"damage":44,"enemies":"Shell Parasite","floor":18,"turns":4},{"damage":18,"enemies":"3 Byrds","floor":20,"turns":3},{"damage":38,"enemies":"Centurion and Healer","floor":21,"turns":3}],"seed_played":"4663269165348769786","potions_obtained":[{"floor":8,"key":"Strength Potion"}],"is_trial":false,"path_per_floor":["M","?","$","?","M","E","R","?","T","M","R","$","R","$","R","B",null,"M","$","M","M"],"character_chosen":"IRONCLAD","items_purchased":["Infernal Blade","Seeing Red","Orrery","Rupture"],"campfire_rested":0,"item_purchase_floors":[3,3,12,19],"current_hp_per_floor":[74,74,74,48,54,60,60,63,63,66,66,66,66,66,66,24,62,36,36,36,0,0],"gold":115,"neow_bonus":"THREE_ENEMY_KILL","is_daily":false,"chose_seed":false,"campfire_upgraded":4,"win_rate":0.0,"timestamp":1609119375,"path_taken":["M","?","$","?","M","E","R","?","T","M","R","$","R","?","R","BOSS","M","$","M","M"],"items_purchased_type":["Card","Card","Relic","Card"],"build_version":"2020-12-22","purchased_purges":1,"victory":false,"max_hp_per_floor":[75,75,75,75,75,75,75,75,75,75,75,75,75,75,75,75,75,75,75,75,75,75],"card_choices":[{"not_picked":["Thunderclap","True Grit"],"picked":"Headbutt","floor":1},{"not_picked":["Rage","Anger"],"picked":"Warcry","floor":5},{"not_picked":["Juggernaut","Evolve"],"picked":"Rage","floor":6},{"not_picked":["Seeing Red","Hemokinesis"],"picked":"Burning Pact","floor":8},{"not_picked":["Burning Pact","Uppercut","Dropkick"],"picked":"SKIP","floor":10},{"not_picked":["Clothesline","Thunderclap"],"picked":"Pummel","floor":12},{"not_picked":["Wild Strike","Havoc"],"picked":"Offering","floor":12},{"not_picked":["Infernal Blade","Anger"],"picked":"Brutality","floor":12},{"not_picked":["Sever Soul","Warcry"],"picked":"True Grit","floor":12},{"not_picked":["Offering","Corruption"],"picked":"Demon Form","floor":16},{"not_picked":["Carnage","Iron Wave","Intimidate"],"picked":"SKIP","floor":18},{"not_picked":["Body Slam","Thunderclap","Wild Strike"],"picked":"SKIP","floor":20}],"player_experience":264600,"relics_obtained":[{"floor":6,"key":"Charon\u0027s Ashes"},{"floor":8,"key":"Odd Mushroom"},{"floor":9,"key":"Meat on the Bone"}],"event_choices":[{"damage_healed":0,"gold_gain":150,"player_choice":"AGREE","damage_taken":0,"max_hp_gain":0,"max_hp_loss":0,"event_name":"Liars Game","floor":2,"gold_loss":0,"cards_obtained":["Doubt"]},{"damage_healed":0,"gold_gain":0,"player_choice":"Take Damage","damage_taken":26,"relics_obtained":["Golden Idol"],"max_hp_gain":0,"max_hp_loss":0,"event_name":"Golden Idol","floor":4,"gold_loss":0},{"damage_healed":0,"gold_gain":0,"player_choice":"Fought Mushrooms","damage_taken":0,"max_hp_gain":0,"max_hp_loss":0,"event_name":"Mushrooms","floor":8,"gold_loss":0}],"is_beta":false,"boss_relics":[{"not_picked":["Philosopher\u0027s Stone","Ectoplasm"],"picked":"Sozu"}],"items_purged_floors":[3],"is_endless":false,"potions_floor_spawned":[8],"killed_by":"Centurion and Healer","ascension_level":18}}