{"host":"74dd5wft8qrvuqwb","time":1609164629,"event":{"mods":["2.2 Compatiblity","Act Like it!","Ascension Reborn","Aspiration","BaseMod","Better Altar","Better Skull","Better Third Choice","Block Reminder","CapriCore","Colored Powertips","DeckTracker","Elementarium","Gensokyo","Hallownest","Hermit","Hubris","Infinite Spire","Marisa????????","Minty Spire (QoL Compilation)","Quick Restart","READ ME - Guardian Mod","Rare Cards Sparkle","Relic Stats","StSLib","The Bug Knight","The Cursed","The Disciple","The Elementalist","The Exalted","The Immortal","The Mystic","The Necromancer","The Runesmith","The Servant 0.9.4"],"gold_per_floor":[114,128,128,139,20,49,49,64,64,88,106,118,118,155,155,257,257,283,283,298,316,276,276,297,297,321,336,368,393,100,104,104],"floor_reached":31,"playtime":1981,"items_purged":[],"score":271,"play_id":"d72d0021-4e63-47de-b6a6-88912cbaf8dd","local_time":"20201228151029","is_ascension_mode":true,"campfire_choices":[{"floor":7,"key":"REST"},{"floor":15,"key":"REST"},{"floor":23,"key":"REST"},{"floor":25,"key":"REST"}],"circlet_count":0,"master_deck":["Runesmith:Strike_RS","Runesmith:Strike_RS","Runesmith:Strike_RS","Runesmith:Strike_RS","Runesmith:Defend_RS","Runesmith:Defend_RS","Runesmith:Defend_RS","Runesmith:Defend_RS","Runesmith:CraftFirestone","Runesmith:Fortify+1","Runesmith:HammerTime","Runesmith:Reinforce","Runesmith:HammerThrow","Runesmith:EarthShield","Runesmith:CraftMagma","Runesmith:FieryHammer","Runesmith:CraftProtectio","Runesmith:PerfectChisel","Runesmith:HeatedChisel","Runesmith:HeatExchange","Runesmith:FrozenChisel","Runesmith:MetallurgicalResearch+1","Runesmith:CreatorForm","CurseOfTheBell","Runesmith:BackupBattery","infinitespire:Menacing","Runesmith:GoWithTheFlow","Runesmith:Grindstone","Runesmith:ArcReactor","Runesmith:PoweredAnvil","Runesmith:WhiteBalance","Runesmith:CraftVitae+1","Runesmith:Firestorm","Runesmith:CraftIndustria"],"relics":["Runesmith:BrokenRuby","White Beast Statue","infinitespire:Midas Blood","Bromod:ArcaneNullifier","Calling Bell","hubris:AstralHammer","Eternal Feather","Nunchaku","Lantern","Bromod:ArcaneEnergize","hubris:SlimyHat","Regal Pillow","Blood Vial"],"acts_visited":["Exordium","TheCity"],"potions_floor_usage":[14,14,28,31,31],"damage_taken":[{"damage":6,"enemies":"infinitespire:Voidling","floor":1,"turns":4},{"damage":7,"enemies":"Jaw Worm","floor":2,"turns":3},{"damage":1,"enemies":"Cultist","floor":4,"turns":4},{"damage":7,"enemies":"3 Sentries","floor":6,"turns":9},{"damage":1,"enemies":"Red Slaver","floor":8,"turns":3},{"damage":7,"enemies":"Looter","floor":10,"turns":3},{"damage":10,"enemies":"3 Louse","floor":11,"turns":4},{"damage":13,"enemies":"Red Slaver","floor":12,"turns":2},{"damage":7,"enemies":"Lagavulin","floor":14,"turns":3},{"damage":19,"enemies":"Slime Boss","floor":16,"turns":8},{"damage":29,"enemies":"Chosen","floor":18,"turns":5},{"damage":19,"enemies":"2 Thieves","floor":20,"turns":5},{"damage":5,"enemies":"Snecko","floor":21,"turns":6},{"damage":27,"enemies":"3 Cultists","floor":24,"turns":6},{"damage":6,"enemies":"Centurion and Healer","floor":27,"turns":7},{"damage":18,"enemies":"Gremlin Leader","floor":28,"turns":7},{"damage":29,"enemies":"Sentry and Sphere","floor":29,"turns":7},{"damage":7,"enemies":"3 Cultists","floor":31,"turns":4}],"seed_played":"-571832308240422673","potions_obtained":[{"floor":6,"key":"SpeedPotion"},{"floor":8,"key":"Energy Potion"},{"floor":10,"key":"BlessingOfTheForge"},{"floor":14,"key":"FearPotion"},{"floor":16,"key":"SpeedPotion"},{"floor":18,"key":"Energy Potion"},{"floor":20,"key":"Regen Potion"},{"floor":28,"key":"Fire Potion"},{"floor":29,"key":"SkillPotion"}],"is_trial":false,"path_per_floor":["M","M","?","M","$","E","R","M","T","M","M","M","$","E","R","B",null,"M","AVR","M","M","?","R","M","R","T","M","E","M","$","M"],"character_chosen":"RUNESMITH_CLASS","items_purchased":["Runesmith:CraftMagma","Runesmith:FieryHammer","Runesmith:Firestorm","Runesmith:CraftIndustria","Blood Vial"],"campfire_rested":4,"item_purchase_floors":[5,5,30,30,30],"current_hp_per_floor":[64,57,57,56,56,49,70,69,69,62,52,39,39,32,53,34,70,41,41,22,17,17,53,26,62,62,56,38,9,9,16,16],"gold":104,"neow_bonus":"THREE_CARDS","is_daily":false,"chose_seed":false,"campfire_upgraded":0,"win_rate":0.0,"timestamp":1609164629,"path_taken":["M","?","?","?","$","E","R","M","T","M","M","M","?","E","R","BOSS","M","AVR","M","M","?","R","?","R","T","?","E","M","?","M"],"items_purchased_type":["Card","Card","Card","Card","Relic"],"build_version":"2020-12-22","purchased_purges":0,"victory":false,"max_hp_per_floor":[70,70,70,70,70,70,70,70,70,70,70,70,70,70,70,70,70,70,70,70,70,70,70,70,70,70,70,70,70,70,70,70],"relic_stats":{"Blood Vial":2,"Nunchaku":[7],"Regal Pillow":0,"counters":[18,90],"Eternal Feather":30,"obtain_stats":[{"Runesmith:BrokenRuby":0,"Lantern":19,"Regal Pillow":28,"Bromod:ArcaneNullifier":14,"Eternal Feather":17,"hubris:SlimyHat":26,"White Beast Statue":6,"Calling Bell":17,"Blood Vial":30,"Nunchaku":17,"hubris:AstralHammer":17,"Bromod:ArcaneEnergize":19,"infinitespire:Midas Blood":9},{"Runesmith:BrokenRuby":0,"Lantern":11,"Regal Pillow":16,"Bromod:ArcaneNullifier":9,"Eternal Feather":10,"hubris:SlimyHat":14,"White Beast Statue":4,"Calling Bell":10,"Blood Vial":17,"Nunchaku":10,"hubris:AstralHammer":10,"Bromod:ArcaneEnergize":11,"infinitespire:Midas Blood":5},{"Runesmith:BrokenRuby":0,"Lantern":48,"Regal Pillow":79,"Bromod:ArcaneNullifier":35,"Eternal Feather":43,"hubris:SlimyHat":65,"White Beast Statue":20,"Calling Bell":43,"Blood Vial":86,"Nunchaku":43,"hubris:AstralHammer":43,"Bromod:ArcaneEnergize":48,"infinitespire:Midas Blood":23}]},"card_choices":[{"not_picked":["Runesmith:StaticCage","Runesmith:UnstableHammer"],"picked":"Runesmith:HammerTime","floor":0},{"not_picked":["Runesmith:NanitesCloud","Runesmith:RunicBlueprint"],"picked":"Runesmith:Reinforce","floor":1},{"not_picked":["Runesmith:EnergizedChisel","Runesmith:Repurpose"],"picked":"Runesmith:HammerThrow","floor":2},{"not_picked":["Runesmith:CraftProtectio","Runesmith:ChiselStab"],"picked":"Runesmith:EarthShield","floor":4},{"not_picked":["Runesmith:WhiteBalance","Runesmith:Permafrost"],"picked":"Runesmith:CraftProtectio","floor":6},{"not_picked":["Runesmith:EnergizedChisel","Runesmith:PoweredAnvil"],"picked":"Runesmith:PerfectChisel","floor":8},{"not_picked":["Runesmith:Augment","Runesmith:HammerThrow"],"picked":"Runesmith:HeatedChisel","floor":10},{"not_picked":["Runesmith:CraftMagma","Runesmith:Repurpose"],"picked":"Runesmith:HeatExchange","floor":11},{"not_picked":["Runesmith:CraftMagma","Runesmith:UnstableHammer"],"picked":"Runesmith:FrozenChisel","floor":12},{"not_picked":["Runesmith:ElementalConversion","Runesmith:BackupBattery"],"picked":"Runesmith:MetallurgicalResearch","floor":14},{"not_picked":["Runesmith:Supernova","Runesmith:LightningRod"],"picked":"Runesmith:CreatorForm","floor":16},{"not_picked":["Runesmith:NegativeSpace+1","Runesmith:CraftProtectio"],"picked":"Runesmith:BackupBattery","floor":18},{"not_picked":["Runesmith:MakeshiftArmor","Runesmith:RuneHurl"],"picked":"Runesmith:GoWithTheFlow","floor":20},{"not_picked":["Runesmith:Repurpose","Runesmith:EarthShield+1"],"picked":"Runesmith:Grindstone","floor":21},{"not_picked":["Runesmith:Overpower","Runesmith:BackupBattery"],"picked":"Runesmith:ArcReactor","floor":24},{"not_picked":["Runesmith:ShiftingStrike","Runesmith:HammerTime"],"picked":"Runesmith:PoweredAnvil","floor":27},{"not_picked":["Runesmith:CraftMagma","Runesmith:EarthShield"],"picked":"Runesmith:WhiteBalance","floor":28},{"not_picked":["Runesmith:UnstableHammer+1","Runesmith:ShiftingStrike"],"picked":"Runesmith:CraftVitae+1","floor":29}],"player_experience":433866,"relics_obtained":[{"floor":6,"key":"White Beast Statue"},{"floor":9,"key":"infinitespire:Midas Blood"},{"floor":14,"key":"Bromod:ArcaneNullifier"},{"floor":17,"key":"hubris:AstralHammer"},{"floor":17,"key":"Eternal Feather"},{"floor":17,"key":"Nunchaku"},{"floor":26,"key":"hubris:SlimyHat"},{"floor":28,"key":"Regal Pillow"}],"event_choices":[{"damage_healed":0,"gold_gain":0,"player_choice":"Upgraded","damage_taken":0,"max_hp_gain":0,"max_hp_loss":0,"event_name":"Upgrade Shrine","floor":3,"gold_loss":0,"cards_upgraded":["Runesmith:Fortify"]},{"damage_healed":0,"gold_gain":0,"player_choice":"Upgrade","damage_taken":0,"max_hp_gain":0,"max_hp_loss":0,"event_name":"Designer","floor":22,"gold_loss":40,"cards_upgraded":["Runesmith:MetallurgicalResearch"]}],"is_beta":false,"boss_relics":[{"not_picked":["Runic Dome","Busted Crown"],"picked":"Calling Bell"}],"items_purged_floors":[],"is_endless":false,"potions_floor_spawned":[6,8,10,11,12,14,16,18,20,21,24,27,28,29],"killed_by":"3 Cultists","ascension_level":0}}