{"host":"dtz8fhk52srfoofc","time":1609117091,"event":{"mods":["2.2 Compatiblity","AchievementEnabler","Aspiration","BaseMod","Beaked The Cultist","Better Altar","Better Match","Better Note","Better Sensory Stone","Better Third Choice","BetterRewards","Colored Map","Colored Powertips","Energized Spire","Gold Saver","Gremlin Skip","Highlight Path","Infinite Spire","Minty Spire (QoL Compilation)","Permanent Neow","Quick Restart","Rare Cards Sparkle","Remove Card Discount Mod","Shop Mod","Somnambulant","Spicy Shops","StSLib","Steal the Spire","The Wild Card","Transform Curses","Unceasing Turn Reminder","everything is the same but u backflip on backflip"],"gold_per_floor":[110,110,124,124,39,39,39,61,73,98,121,133,145,157,169,285,297,327,363,394,418,446,458,545,571,633,663,675,703,725,95,95,199,199,215,261,4,4,4,4,4],"floor_reached":40,"playtime":3195,"items_purged":["Pain","Normality"],"score":715,"play_id":"31cc3460-d7b0-46a5-888b-50d827c5a2ba","local_time":"20201227185811","is_ascension_mode":true,"campfire_choices":[{"floor":6.0,"key":"REST"},{"data":"Buffer","floor":15.0,"key":"SMITH"},{"floor":23,"key":"REST"},{"floor":32,"key":"REST"}],"circlet_count":0,"master_deck":["Strike_B","Strike_B","Strike_B","Defend_B","Defend_B","Defend_B","Defend_B","Zap","Dualcast","Sunder","Steam","Glacier","Turbo","theWildCard:Scathach","Capacitor+1","Leap","Streamline","Compile Driver","Melter","Buffer+1","Multi-Cast","White Noise","Redo+1","Beam Cell","aspiration:Polymerization+1","FTL","Go for the Eyes+1","Coolheaded","Compile Driver+1","aspiration:Polymerization+1","FTL","Creative AI","Ball Lightning","Beam Cell","Stack"],"relics":["Cracked Core","Meat on the Bone","Tiny Chest","Happy Flower","aspiration:MysteriousAuxiliaryCore","WarpedTongs","MawBank","Calipers","Inserter","Anchor","infinitespire:PuzzleCube","Potion Belt","DollysMirror","Lantern","Mercury Hourglass","Busted Crown","WingedGreaves","Regal Pillow","DataDisk","beaked:ShinyBauble","Black Star"],"acts_visited":["Exordium","TheCity","TheBeyond"],"potions_floor_usage":[21,22,25,36,40,40],"damage_taken":[{"damage":7.0,"enemies":"Small Slimes","floor":1.0,"turns":2.0},{"damage":3.0,"enemies":"Cultist","floor":3.0,"turns":3.0},{"damage":0.0,"enemies":"Jaw Worm","floor":8.0,"turns":3.0},{"damage":0.0,"enemies":"Large Slime","floor":10.0,"turns":5.0},{"damage":2.0,"enemies":"Exordium Thugs","floor":11.0,"turns":5.0},{"damage":0.0,"enemies":"Slime Boss","floor":16.0,"turns":10.0},{"damage":14.0,"enemies":"Shell Parasite","floor":18.0,"turns":5.0},{"damage":3,"enemies":"3 Byrds","floor":20,"turns":5},{"damage":7,"enemies":"Snake Plant","floor":21,"turns":6},{"damage":17,"enemies":"3 Cultists","floor":22,"turns":4},{"damage":13,"enemies":"Shelled Parasite and Fungi","floor":25,"turns":7},{"damage":4,"enemies":"Centurion and Healer","floor":27,"turns":6},{"damage":15,"enemies":"Snake Plant","floor":29,"turns":4},{"damage":0,"enemies":"Shelled Parasite and Fungi","floor":30,"turns":8},{"damage":33,"enemies":"Collector","floor":33,"turns":10},{"damage":6,"enemies":"Orb Walker","floor":35,"turns":4},{"damage":20,"enemies":"2 Orb Walkers","floor":36,"turns":4},{"damage":69,"enemies":"Reptomancer","floor":40,"turns":3}],"seed_played":"-8932766753605247347","potions_obtained":[{"floor":1.0,"key":"EssenceOfDarkness"},{"floor":8.0,"key":"PowerPotion"},{"floor":10.0,"key":"LiquidBronze"},{"floor":16.0,"key":"Dexterity Potion"},{"floor":18.0,"key":"Block Potion"},{"floor":30,"key":"BlessingOfTheForge"},{"floor":35,"key":"AttackPotion"},{"floor":36,"key":"Fruit Juice"}],"is_trial":false,"path_per_floor":["M","?","M","?","$","R","T","M","T","M","M","?","?","$","R","B",null,"M","T","M","M","M","R","?","M","T","M","T","M","M","$","R","B",null,"M","?","$","?","AVR","E"],"character_chosen":"DEFECT","items_purchased":["Meat on the Bone","Tiny Chest","Happy Flower","Sunder","Steam","Capacitor","Leap","DollysMirror","Lantern","FTL","Mercury Hourglass","Regal Pillow","DataDisk","Stack"],"campfire_rested":3,"item_purchase_floors":[0,0,0,0,0,5,5,31,31,31,31,37,37,37],"current_hp_per_floor":[45,45,42,42,42,64,64,64,64,64,62,62,62,62,62,62,75,61,61,58,51,46,68,61,48,48,44,44,41,41,41,63,42,75,69,54,54,62,62,0,0],"gold":4,"neow_bonus":"","is_daily":false,"chose_seed":false,"campfire_upgraded":1,"win_rate":0.0,"timestamp":1609117091,"path_taken":["M","?","?","?","$","R","?","?","T","M","M","?","?","$","R","BOSS","M","?","M","M","?","R","?","M","T","?","?","M","M","?","R","BOSS","M","?","$","?","AVR","E"],"items_purchased_type":["Relic","Relic","Relic","Card","Card","Card","Card","Relic","Relic","Card","Relic","Relic","Relic","Card"],"build_version":"2020-12-22","purchased_purges":2,"victory":false,"max_hp_per_floor":[75,75,75,75,75,75,75,75,75,75,75,75,75,75,75,75,75,75,75,75,75,75,75,75,75,75,75,75,75,75,75,75,75,75,75,80,80,80,80,80,80],"card_choices":[{"not_picked":["Turbo","Gash"],"picked":"Glacier","floor":1.0},{"not_picked":["Chaos","Consume"],"picked":"Turbo","floor":3.0},{"not_picked":["Ball Lightning","Cold Snap"],"picked":"Streamline","floor":8.0},{"not_picked":["Force Field","Cold Snap"],"picked":"Compile Driver","floor":10.0},{"not_picked":["Genetic Algorithm","Doom and Gloom"],"picked":"Melter","floor":11.0},{"not_picked":["All For One","Biased Cognition"],"picked":"Multi-Cast","floor":16.0},{"not_picked":["Sweeping Beam","Hologram"],"picked":"White Noise","floor":18.0},{"not_picked":["Static Discharge","Steam Power"],"picked":"Redo+1","floor":20},{"not_picked":["Undo","Conserve Battery+1"],"picked":"Beam Cell","floor":21},{"not_picked":["Sweeping Beam","Compile Driver"],"picked":"aspiration:Polymerization+1","floor":22},{"not_picked":["Heatsinks","Sunder"],"picked":"FTL","floor":25},{"not_picked":["Chill","Gash"],"picked":"Go for the Eyes+1","floor":27},{"not_picked":["Gash","Beam Cell+1"],"picked":"Coolheaded","floor":29},{"not_picked":["Capacitor","Steam"],"picked":"Compile Driver+1","floor":30},{"not_picked":["Multi-Cast","Echo Form"],"picked":"Creative AI","floor":33},{"not_picked":[],"picked":"Ball Lightning","floor":35},{"not_picked":[],"picked":"Beam Cell","floor":36}],"player_experience":178319,"relics_obtained":[{"floor":7.0,"key":"MawBank"},{"floor":9.0,"key":"Calipers"},{"floor":19,"key":"Anchor"},{"floor":26,"key":"infinitespire:PuzzleCube"},{"floor":28,"key":"Potion Belt"},{"floor":36,"key":"WingedGreaves"}],"event_choices":[{"damage_healed":0.0,"max_hp_gain":0.0,"max_hp_loss":0.0,"gold_gain":0.0,"event_name":"Accursed Blacksmith","player_choice":"Rummage","floor":2.0,"gold_loss":0.0,"damage_taken":0.0,"relics_obtained":["WarpedTongs"],"cards_obtained":["Pain"]},{"damage_healed":0.0,"max_hp_gain":0.0,"max_hp_loss":0.0,"gold_gain":0.0,"event_name":"Living Wall","player_choice":"Grow","floor":12.0,"gold_loss":0.0,"damage_taken":0.0,"cards_upgraded":["Capacitor"]},{"damage_healed":0.0,"max_hp_gain":0.0,"max_hp_loss":0.0,"gold_gain":0.0,"cards_transformed":["Strike_B"],"event_name":"Transmorgrifier","player_choice":"Transformed","floor":13.0,"gold_loss":0.0,"damage_taken":0.0,"cards_obtained":["Buffer"]},{"damage_healed":0,"gold_gain":75,"player_choice":"Touch","damage_taken":7,"max_hp_gain":0,"max_hp_loss":0,"event_name":"FaceTrader","floor":24,"gold_loss":0},{"damage_healed":0,"gold_gain":0,"player_choice":"Fight","damage_taken":0,"max_hp_gain":0,"max_hp_loss":0,"event_name":"Mysterious Sphere","floor":36,"gold_loss":0}],"is_beta":false,"boss_relics":[{"not_picked":["FrozenCore","energizedSpire:RedRose"],"picked":"Inserter"},{"not_picked":["aspiration:IroncladSkillbook","Fusion Hammer"],"picked":"Busted Crown"}],"items_purged_floors":[5,37],"is_endless":false,"potions_floor_spawned":[1,8,10,16,18,20,30,35,36],"killed_by":"Reptomancer","ascension_level":3}}