{"host":"2n2g1vowfllvjtvi","time":1609161930,"event":{"mods":["AchievementEnabler","BaseMod","Custom Start","GifTheSpireLib","Keyboard Shortcuts","Minty Spire (QoL Compilation)","Quick Restart","Rare Cards Sparkle","StSLib","SuperFastMode"],"gold_per_floor":[111,111,130,130,130,130,161,236,536,536,536,556,61,93,93,164,164,182,192,92,107,123,123,157,157,209,209,209,227,253,128,128,128,128],"floor_reached":33,"playtime":440,"items_purged":["Strike_R","Strike_R","Strike_R"],"score":553,"play_id":"5e5c4dc9-cccc-46ce-b264-42d1a6504e82","local_time":"20201228222530","is_ascension_mode":true,"campfire_choices":[{"data":"Anger","floor":6.0,"key":"SMITH"},{"data":"Cleave","floor":10.0,"key":"SMITH"},{"data":"Inflame","floor":15.0,"key":"SMITH"},{"data":"Sword Boomerang","floor":23.0,"key":"SMITH"},{"floor":25,"key":"REST"},{"data":"Uppercut","floor":27,"key":"SMITH"},{"floor":32,"key":"REST"}],"circlet_count":0,"master_deck":["AscendersBane","Strike_R+1","Defend_R","Defend_R","Defend_R","Defend_R","Bash+1","Anger+1","Cleave+1","Shrug It Off+1","Inflame+1","Uppercut+1","Second Wind","Sword Boomerang+1"],"relics":["Burning Blood","NeowsBlessing","Shuriken","Old Coin","OrangePellets","Omamori","Potion Belt","SacredBark","Regal Pillow","Dream Catcher","Necronomicon","Ancient Tea Set"],"acts_visited":["Exordium","TheCity"],"potions_floor_usage":[24,24,30],"damage_taken":[{"damage":0.0,"enemies":"Cultist","floor":1.0,"turns":1.0},{"damage":0.0,"enemies":"Jaw Worm","floor":3.0,"turns":1.0},{"damage":0.0,"enemies":"Gremlin Nob","floor":7.0,"turns":1.0},{"damage":3.0,"enemies":"Small Slimes","floor":12.0,"turns":2.0},{"damage":29.0,"enemies":"3 Sentries","floor":14.0,"turns":7.0},{"damage":22.0,"enemies":"Slime Boss","floor":16.0,"turns":6.0},{"damage":7.0,"enemies":"Chosen","floor":18.0,"turns":4.0},{"damage":18.0,"enemies":"Spheric Guardian","floor":19.0,"turns":5.0},{"damage":19.0,"enemies":"Snake Plant","floor":21.0,"turns":4.0},{"damage":10.0,"enemies":"Cultist and Chosen","floor":22.0,"turns":5.0},{"damage":21,"enemies":"Slavers","floor":24,"turns":4},{"damage":5,"enemies":"3 Cultists","floor":29,"turns":4},{"damage":28,"enemies":"Book of Stabbing","floor":30,"turns":4},{"damage":88,"enemies":"Collector","floor":33,"turns":6}],"seed_played":"-8585090722154460933","potions_obtained":[{"floor":3.0,"key":"Weak Potion"},{"floor":7.0,"key":"FearPotion"},{"floor":16.0,"key":"FearPotion"},{"floor":19.0,"key":"LiquidMemories"},{"floor":21.0,"key":"PowerPotion"},{"floor":24,"key":"AttackPotion"}],"is_trial":false,"path_per_floor":["M","?","M","?","?","R","E","?","T","R","?","M","$","E","R","B",null,"M","M","$","M","M","R","E","R","T","R","?","M","E","$","R","B"],"character_chosen":"IRONCLAD","items_purchased":["OrangePellets","Inflame","Uppercut","Omamori"],"campfire_rested":2,"item_purchase_floors":[13,13,13,13],"current_hp_per_floor":[74,51,57,57,62,62,68,57,57,57,57,60,60,37,37,21,65,64,52,52,39,35,35,20,59,59,59,38,39,17,17,56,0,0],"gold":128,"neow_bonus":"THREE_ENEMY_KILL","is_daily":false,"chose_seed":false,"campfire_upgraded":5,"win_rate":0.0,"timestamp":1609161930,"path_taken":["M","?","M","?","?","R","E","?","T","R","?","M","$","E","R","BOSS","M","M","$","M","?","R","E","R","T","R","?","M","E","$","R","BOSS"],"items_purchased_type":["Relic","Card","Card","Relic"],"build_version":"2020-12-22","purchased_purges":3,"victory":false,"max_hp_per_floor":[75,75,75,75,80,80,80,80,80,80,80,80,80,80,80,80,80,80,80,80,80,80,80,80,80,80,80,80,80,80,80,80,80,80],"card_choices":[{"not_picked":["Iron Wave","Pummel"],"picked":"Anger","floor":1.0},{"not_picked":["Havoc","Double Tap"],"picked":"Cleave","floor":3.0},{"not_picked":["Anger","Combust"],"picked":"Shrug It Off","floor":7.0},{"not_picked":["Warcry","Havoc","Pummel"],"picked":"SKIP","floor":12.0},{"not_picked":["Blood for Blood","Seeing Red"],"picked":"Second Wind","floor":14.0},{"not_picked":["Armaments+1","Havoc","Metallicize"],"picked":"SKIP","floor":18.0},{"not_picked":["Armaments","Headbutt","Twin Strike"],"picked":"SKIP","floor":19.0},{"not_picked":["Wild Strike","Body Slam","Headbutt"],"picked":"SKIP","floor":21.0},{"not_picked":["Sword Boomerang","Cleave+1","Havoc"],"picked":"SKIP","floor":22.0},{"not_picked":["Cleave+1","Havoc"],"picked":"Sword Boomerang","floor":22.0},{"not_picked":["Searing Blow","Thunderclap+1","Burning Pact+1"],"picked":"SKIP","floor":24},{"not_picked":["Anger+1","Twin Strike","Flex"],"picked":"SKIP","floor":29},{"not_picked":["Double Tap","Dropkick","Pommel Strike+1"],"picked":"SKIP","floor":30}],"player_experience":452657,"relics_obtained":[{"floor":7.0,"key":"Shuriken"},{"floor":9.0,"key":"Old Coin"},{"floor":14.0,"key":"Potion Belt"},{"floor":24,"key":"Regal Pillow"},{"floor":26,"key":"Dream Catcher"},{"floor":28,"key":"Necronomicon"},{"floor":30,"key":"Ancient Tea Set"}],"event_choices":[{"damage_healed":0.0,"max_hp_gain":0.0,"max_hp_loss":0.0,"gold_gain":0.0,"event_name":"Shining Light","player_choice":"Entered Light","floor":2.0,"gold_loss":0.0,"damage_taken":23.0,"cards_upgraded":["Strike_R","Bash"]},{"cards_removed":["Strike_R"],"damage_healed":0.0,"max_hp_gain":0.0,"max_hp_loss":0.0,"gold_gain":0.0,"event_name":"Living Wall","player_choice":"Forget","floor":4.0,"gold_loss":0.0,"damage_taken":0.0},{"damage_healed":0.0,"max_hp_gain":5.0,"max_hp_loss":0.0,"gold_gain":0.0,"event_name":"Big Fish","player_choice":"Donut","floor":5.0,"gold_loss":0.0,"damage_taken":0.0},{"damage_healed":0.0,"max_hp_gain":0.0,"max_hp_loss":0.0,"gold_gain":75.0,"event_name":"World of Goop","player_choice":"Gather Gold","floor":8.0,"gold_loss":0.0,"damage_taken":11.0},{"damage_healed":0.0,"max_hp_gain":0.0,"max_hp_loss":0.0,"gold_gain":0.0,"event_name":"Accursed Blacksmith","player_choice":"Forge","floor":11.0,"gold_loss":0.0,"damage_taken":0.0,"cards_upgraded":["Shrug It Off"]},{"damage_healed":0,"gold_gain":0,"player_choice":"Obtained Book","damage_taken":21,"max_hp_gain":0,"max_hp_loss":0,"event_name":"Cursed Tome","floor":28,"gold_loss":0}],"is_beta":false,"boss_relics":[{"not_picked":["Runic Dome","Ectoplasm"],"picked":"SacredBark"}],"items_purged_floors":[13,20,31],"is_endless":false,"potions_floor_spawned":[3,7,16,19,21,24],"killed_by":"Collector","ascension_level":15}}