{"host":"wy4vwr4x0uqk666t","time":1609129217,"event":{"mods":["Aspiration","BaseMod","BetterRewards","Curses Come First","Defuse TimeMaze Blight","Downfall","Hubris","Infinite Spire","Jorbs\u0027s Wanderer Trilogy","Kalas","Minty Spire (QoL Compilation)","READ ME - Guardian Mod","Replay The Spire","StSLib","The Cursed","The Elementalist","The Jungle","The Runesmith","The Servant 0.9.4","The Spell Scribe"],"gold_per_floor":[99,99,199,48,48,73,73,85,85,21,36,89,89,121,138,240,240,190,204,254,268,101,51,75,110,135,150,150,150,166,184,198,302,302,177,194,209,209,228,240,240,240,240,240],"floor_reached":42,"playtime":2384,"items_purged":["Slimebound:Strike_Slimebound"],"score":500,"play_id":"4ac179e3-10f0-4076-94a3-3acd7bf89daf","local_time":"20201228052017","is_ascension_mode":false,"campfire_choices":[{"floor":1,"key":"DIG"},{"floor":18,"key":"RECALL"},{"data":"Slimebound:GoopSpray","floor":23,"key":"SMITH"},{"floor":35,"key":"DIG"}],"circlet_count":0,"master_deck":["Slimebound:Tackle","Slimebound:Defend_Slimebound","Slimebound:Defend_Slimebound","Slimebound:Defend_Slimebound","Slimebound:Defend_Slimebound","Slimebound:Split","Slimebound:CorrosiveSpit+1","Slimebound:GoopSpray+1","Slimebound:SlimeSpikes","Slimebound:AcidTongue+1","Slimebound:SamplingLick","Slimebound:Prepare","Slimebound:SplitLeeching","Slimebound:LevelUp+1","Slimebound:HauntingLick","Slimebound:SpikyOuterGoop+1","Slimebound:MassFeed","Slimebound:Nibble","Slimebound:SlimeSpikes+1","Slimebound:AcidTongue+1","Slimebound:Overexert+1","Slimebound:GoopSpray+1","infinitespire:Collect","infinitespire:Starlight","Slimebound:LivingWall","Slimebound:LivingWall+1","Slimebound:Schlurp+1","Slimebound:SelfFormingGoo+1","Slimebound:AcidTongue+1","Slimebound:RejuvenatingLick+1","Slimebound:Nibble+1","Slimebound:SplitLeeching","Slimebound:SplitAcid+1"],"relics":["Slimebound:AbsorbEndCombat","downfall:HeartsMalice","Replay:Multitool","Oddly Smooth Stone","Frozen Egg 2","Mercury Hourglass","Slimebound:GreedOozeRelic","hubris:ToyBattleship","Ring of Chaos","infinitespire:Satchel","Vajra","Ancient Tea Set","Astrolabe","downfall:HeartBlessingGreen","Replay:Arrowhead","Spirit Poop","hubris:MysteriousPyramids"],"acts_visited":["Exordium","Exordium","TheBeyond"],"potions_floor_usage":[16,31,33,33,33,42],"damage_taken":[{"damage":0,"enemies":"Small Slimes","floor":2,"turns":1},{"damage":0,"enemies":"downfall:FleeingMerchant","floor":4,"turns":1},{"damage":0,"enemies":"Gremlin Nob","floor":6,"turns":1},{"damage":4,"enemies":"2 Louse","floor":8,"turns":3},{"damage":4,"enemies":"downfall:FleeingMerchant","floor":10,"turns":4},{"damage":8,"enemies":"Jaw Worm","floor":11,"turns":4},{"damage":15,"enemies":"3 Sentries","floor":14,"turns":5},{"damage":11,"enemies":"Red Slaver","floor":15,"turns":3},{"damage":21,"enemies":"downfall:Ironclad","floor":16,"turns":8},{"damage":22,"enemies":"theJungle:GiantWrat","floor":19,"turns":7},{"damage":13,"enemies":"theJungle:MUSHROOMGANG","floor":21,"turns":4},{"damage":12,"enemies":"downfall:FleeingMerchant","floor":22,"turns":4},{"damage":28,"enemies":"theJungle:Cassacara","floor":25,"turns":8},{"damage":26,"enemies":"theJungle:Snecko_Cultist_And_Trap","floor":27,"turns":4},{"damage":24,"enemies":"theJungle:Lyon","floor":30,"turns":4},{"damage":15,"enemies":"Snake Plant","floor":31,"turns":4},{"damage":16,"enemies":"theJungle:JungleHuntersEncounter","floor":32,"turns":6},{"damage":36,"enemies":"downfall:Silent","floor":33,"turns":8},{"damage":14,"enemies":"Orb Walker","floor":36,"turns":4},{"damage":12,"enemies":"3 Shapes","floor":37,"turns":5},{"damage":60,"enemies":"Sphere and 2 Shapes","floor":39,"turns":6},{"damage":23,"enemies":"Maw","floor":40,"turns":7},{"damage":60,"enemies":"infinitespire:Three Voidlings","floor":42,"turns":2}],"seed_played":"8645291618114830690","potions_obtained":[{"floor":6,"key":"PowerPotion"},{"floor":8,"key":"Languid Potion"},{"floor":15,"key":"ColorlessPotion"},{"floor":16,"key":"Slimebound:SlimyTonguePotion"},{"floor":31,"key":"Weak Potion"},{"floor":36,"key":"Venom Potion"},{"floor":39,"key":"Adrenaline Potion"}],"is_trial":false,"path_per_floor":["R","M","?","$","?","E","T","M","?","$","M","R","?","E","M","B",null,"R","M","?","M","$","R","T","E","R","M","?","AVR","M","M","M","B",null,"R","M","M","?","M","M","T","?"],"character_chosen":"SLIMEBOUND","items_purchased":["Oddly Smooth Stone","Slimebound:SplitLeeching","Slimebound:AcidTongue+1"],"campfire_rested":0,"item_purchase_floors":[4,10,22],"current_hp_per_floor":[60,60,60,60,60,60,60,60,60,60,60,60,60,53,58,60,60,60,53,53,66,69,69,69,53,53,39,39,39,30,29,38,29,75,75,67,79,79,42,50,50,0,0,0],"gold":240,"neow_bonus":"THREE_ENEMY_KILL","is_daily":false,"chose_seed":false,"campfire_upgraded":1,"win_rate":0.0,"timestamp":1609129217,"path_taken":["R","M","?","$","?","E","T","M","?","?","M","R","?","E","M","BOSS","R","M","?","M","$","R","T","E","R","M","?","AVR","M","?","M","BOSS","R","M","M","?","M","?","T","?"],"items_purchased_type":["Relic","Card","Card"],"build_version":"2020-12-22","purchased_purges":1,"victory":false,"max_hp_per_floor":[60,60,60,60,60,60,60,60,60,60,60,60,60,60,60,60,60,60,63,63,69,69,69,69,69,69,69,69,69,72,72,75,75,75,75,75,81,81,84,87,87,87,87,87],"card_choices":[{"not_picked":["Slimebound:Dissolve","Slimebound:FinishingTackle"],"picked":"Slimebound:GoopSpray","floor":2},{"not_picked":["Slimebound:FormOfPuddle","Slimebound:Prepare"],"picked":"Slimebound:SlimeSpikes","floor":4},{"not_picked":["Slimebound:SplitMire","Slimebound:SamplingLick"],"picked":"Slimebound:AcidTongue+1","floor":6},{"not_picked":["Slimebound:LeechEnergy","Slimebound:ForwardTackle"],"picked":"Slimebound:SamplingLick","floor":8},{"not_picked":["Slimebound:SamplingLick","Slimebound:WasteNot"],"picked":"Slimebound:Prepare","floor":10},{"not_picked":["Slimebound:SplitBruiser","Slimebound:GoopSpray"],"picked":"Slimebound:LevelUp+1","floor":11},{"not_picked":["Slimebound:FormOfPuddle","Slimebound:RollThrough"],"picked":"Slimebound:HauntingLick","floor":14},{"not_picked":["Slimebound:LeechEnergy","Slimebound:Grow+1"],"picked":"Slimebound:SpikyOuterGoop+1","floor":15},{"not_picked":["Slimebound:WasteNot","Slimebound:Teamwork"],"picked":"Slimebound:MassFeed","floor":16},{"not_picked":["Slimebound:SplitLeeching","Slimebound:PressTheAttack+1","Slimebound:DisruptingSlam"],"picked":"SKIP","floor":19},{"not_picked":["Slimebound:RollThrough+1","Slimebound:GrowthPunch+1"],"picked":"Slimebound:Nibble","floor":21},{"not_picked":["Slimebound:WasteNot","Slimebound:Replication"],"picked":"Slimebound:SlimeSpikes+1","floor":22},{"not_picked":["Slimebound:LeechEnergy","Slimebound:Grow+1"],"picked":"Slimebound:Overexert+1","floor":25},{"not_picked":["Slimebound:RollThrough","Slimebound:ViciousTackle+1"],"picked":"Slimebound:GoopSpray+1","floor":27},{"not_picked":["Slimebound:Schlurp","Slimebound:MegaLick+1"],"picked":"Slimebound:LivingWall","floor":30},{"not_picked":["Slimebound:Replication","Slimebound:SlimeSpikes"],"picked":"Slimebound:LivingWall+1","floor":31},{"not_picked":["Slimebound:ViciousTackle","Slimebound:GoopSpray"],"picked":"Slimebound:Schlurp+1","floor":32},{"not_picked":["Slimebound:MinionMaster+1","Slimebound:DouseInSlime"],"picked":"Slimebound:SelfFormingGoo+1","floor":33},{"not_picked":["Slimebound:ViciousTackle","Slimebound:SlimeTap+1"],"picked":"Slimebound:Nibble+1","floor":36},{"not_picked":["Slimebound:RejuvenatingLick","Slimebound:ViciousTackle"],"picked":"Slimebound:SplitLeeching","floor":37},{"not_picked":["Slimebound:GrowthPunch","Slimebound:LeechEnergy"],"picked":"Slimebound:SplitAcid+1","floor":39},{"not_picked":["Slimebound:GrowthPunch","Slimebound:GoopSpray+1","Slimebound:RollThrough"],"picked":"SKIP","floor":40}],"player_experience":3703751,"relics_obtained":[{"floor":1,"key":"Replay:Multitool"},{"floor":6,"key":"Mercury Hourglass"},{"floor":14,"key":"hubris:ToyBattleship"},{"floor":24,"key":"infinitespire:Satchel"},{"floor":25,"key":"Vajra"},{"floor":35,"key":"Replay:Arrowhead"},{"floor":41,"key":"hubris:MysteriousPyramids"}],"event_choices":[{"cards_removed":["hubris:Sloth"],"damage_healed":0,"gold_gain":0,"player_choice":"Offered Curse","damage_taken":0,"relics_obtained":["Spirit Poop"],"max_hp_gain":0,"max_hp_loss":0,"event_name":"Bonfire Elementals","floor":38,"gold_loss":0}],"is_beta":false,"boss_relics":[{"not_picked":["hubris:TerracottaHorce","Empty Cage"],"picked":"Ring of Chaos"},{"not_picked":["Calling Bell","hubris:CrackedHourglass"],"picked":"Astrolabe"}],"items_purged_floors":[22],"is_endless":false,"potions_floor_spawned":[6,8,15,16,27,30,31,32,33,36,39],"killed_by":"infinitespire:Three Voidlings","ascension_level":0}}