{"host":"7tkrmasug91pv8cz","time":1609138533,"event":{"mods":["2.2 Compatiblity","AchievementEnabler","Ascension Reborn","BaseMod","CapriCore","DeckTracker","Hermit","Koishi","Marisa£¨Ùöéë¡¡Øª×âÞÞ£©","Minty Spire (QoL Compilation)","Permanent Neow","StSLib","SuperFastMode","The Alterego","The Cursed","The Dragon Tamer","The Gatherer","The Immortal"],"gold_per_floor":[112,112,112,135,159,199,199,230,230,246,286,304,304,322,322,440,440,457,479,501,519,541,571,587,502,502,518,536,574,574,609,609,731,731,754,754,766,766,1188,1228,1228,1258,1354,1378,992,992,1033,1033,1033,1033],"floor_reached":51,"playtime":2469,"items_purged":["Strike_R+1"],"score":1144,"play_id":"ad75ac2c-307b-4430-8e0e-b9c9ef5b100f","local_time":"20201228155533","is_ascension_mode":true,"campfire_choices":[{"data":"Feed","floor":7.0,"key":"SMITH"},{"data":"Inflame","floor":13.0,"key":"SMITH"},{"data":"Berserk","floor":15.0,"key":"SMITH"},{"data":"Strike_R+1","floor":32.0,"key":"PURGE"},{"floor":41,"key":"DIG"},{"floor":49,"key":"DIG"}],"circlet_count":0,"master_deck":["Strike_R+1","Strike_R+1","Strike_R+1","Defend_R+1","Defend_R+1","Defend_R+1","Bash+1","Feed+1","Hemokinesis","Juggernaut+1","Thunderclap+1","Sword Boomerang","Inflame+1","Berserk+1","Bludgeon","Power Through","Second Wind+1","Immolate","Shrug It Off+1","Heavy Blade+1","Shockwave+1","Feel No Pain+1","Corruption","Spot Weakness+1","Shrug It Off+1","Clothesline+1","Bludgeon","Shrug It Off+1","Metallicize+1","Rupture+1","Inflame+1","Bludgeon"],"relics":["Burning Blood","Pear","Bag of Preparation","Pen Nib","Oddly Smooth Stone","Happy Flower","Turnip","Snecko Eye","MealTicket","Shovel","Centennial Puzzle","Peace Pipe","Strawberry","Smiling Mask","Dead Branch","Kunai","Sundial","FossilizedHelix","Sozu","Bottled Flame","Magic Flower","Old Coin","Art of War","Self Forming Clay","Charon\u0027s Ashes","Mummified Hand","War Paint","Juzu Bracelet","DollysMirror","Gambling Chip","Thread and Needle","Torii","Blood Vial"],"acts_visited":["Exordium","TheCity","TheBeyond"],"potions_floor_usage":[],"damage_taken":[{"damage":0.0,"enemies":"Cultist","floor":1.0,"turns":2.0},{"damage":0.0,"enemies":"2 Louse","floor":4.0,"turns":1.0},{"damage":2.0,"enemies":"Jaw Worm","floor":5.0,"turns":1.0},{"damage":5.0,"enemies":"Gremlin Nob","floor":6.0,"turns":3.0},{"damage":16.0,"enemies":"3 Sentries","floor":8.0,"turns":4.0},{"damage":2.0,"enemies":"2 Fungi Beasts","floor":10.0,"turns":2.0},{"damage":2.0,"enemies":"Lagavulin","floor":11.0,"turns":2.0},{"damage":5.0,"enemies":"Exordium Thugs","floor":12.0,"turns":3.0},{"damage":2.0,"enemies":"Large Slime","floor":14.0,"turns":2.0},{"damage":58.0,"enemies":"Hexaghost","floor":16.0,"turns":4.0},{"damage":0.0,"enemies":"Chosen","floor":18.0,"turns":2.0},{"damage":0.0,"enemies":"Shell Parasite","floor":19.0,"turns":1.0},{"damage":4.0,"enemies":"Shelled Parasite and Fungi","floor":20.0,"turns":4.0},{"damage":2.0,"enemies":"Centurion and Healer","floor":21.0,"turns":2.0},{"damage":0.0,"enemies":"Snecko","floor":22.0,"turns":1.0},{"damage":10.0,"enemies":"Slavers","floor":23.0,"turns":4.0},{"damage":0.0,"enemies":"Snake Plant","floor":24.0,"turns":2.0},{"damage":2.0,"enemies":"Centurion and Healer","floor":27.0,"turns":3.0},{"damage":8.0,"enemies":"Cultist and Chosen","floor":28.0,"turns":2.0},{"damage":11.0,"enemies":"Gremlin Leader","floor":29.0,"turns":4.0},{"damage":9.0,"enemies":"Slavers","floor":31.0,"turns":2.0},{"damage":0.0,"enemies":"Collector","floor":33.0,"turns":3.0},{"damage":0.0,"enemies":"Orb Walker","floor":35.0,"turns":1.0},{"damage":0.0,"enemies":"3 Shapes","floor":37.0,"turns":1.0},{"damage":0.0,"enemies":"2 Orb Walkers","floor":39.0,"turns":1.0},{"damage":0,"enemies":"Reptomancer","floor":40,"turns":3},{"damage":0,"enemies":"Giant Head","floor":42,"turns":2},{"damage":0,"enemies":"Spire Growth","floor":44,"turns":1},{"damage":2,"enemies":"Nemesis","floor":47,"turns":1},{"damage":16,"enemies":"Awakened One","floor":50,"turns":4}],"seed_played":"-5121766047157645896","potions_obtained":[{"floor":1.0,"key":"Strength Potion"},{"floor":1.0,"key":"Explosive Potion"},{"floor":4.0,"key":"Energy Potion"},{"floor":16.0,"key":"Weak Potion"},{"floor":16.0,"key":"HeartOfIron"},{"floor":18.0,"key":"SkillPotion"},{"floor":19.0,"key":"EntropicBrew"},{"floor":21.0,"key":"DistilledChaos"},{"floor":33.0,"key":"PowerPotion"}],"is_trial":false,"path_per_floor":["M","?","?","M","M","E","R","E","T","M","E","M","R","M","R","B",null,"M","M","M","M","M","E","M","?","T","M","M","E","?","E","R","B",null,"M","?","M","?","?","E","R","E","T","M","$","T","E","?","R","B",null],"character_chosen":"IRONCLAD","items_purchased":["War Paint","Juzu Bracelet","DollysMirror"],"campfire_rested":0,"item_purchase_floors":[45,45,45],"current_hp_per_floor":[88,98,98,101,101,101,101,99,99,109,109,113,113,117,117,74,122,122,122,126,126,126,130,134,141,141,141,141,138,138,143,143,154,154,158,158,158,150,150,154,154,154,154,154,154,154,154,154,154,157],"gold":1033,"neow_bonus":"ONE_RANDOM_RARE_CARD","is_daily":false,"chose_seed":false,"campfire_upgraded":3,"win_rate":0.0,"timestamp":1609138533,"path_taken":["M","?","?","M","M","E","R","E","T","M","E","M","R","M","R","BOSS","M","M","?","M","M","E","M","?","T","M","M","E","?","E","R","BOSS","M","?","M","?","?","E","R","E","T","M","?","?","E","?","R","BOSS"],"items_purchased_type":["Relic","Relic","Relic"],"build_version":"2020-12-22","purchased_purges":1,"victory":true,"max_hp_per_floor":[88,98,98,101,101,101,101,105,105,109,109,113,113,117,117,122,122,122,122,126,126,126,130,134,141,141,141,141,141,141,145,145,154,154,158,158,158,150,150,154,154,154,154,154,154,154,154,154,154,159],"card_choices":[{"not_picked":["Iron Wave","True Grit","Rampage"],"picked":"SKIP","floor":1.0},{"not_picked":["Armaments","Clothesline"],"picked":"Hemokinesis","floor":4.0},{"not_picked":["Flex","Heavy Blade"],"picked":"Juggernaut","floor":5.0},{"not_picked":["True Grit","Clash"],"picked":"Thunderclap+1","floor":6.0},{"not_picked":["Heavy Blade","Thunderclap+1","Limit Break"],"picked":"SKIP","floor":6.0},{"not_picked":["Rage","Whirlwind+1"],"picked":"Sword Boomerang","floor":8.0},{"not_picked":["Intimidate","Brutality","Headbutt"],"picked":"SKIP","floor":8.0},{"not_picked":["Warcry","Uppercut"],"picked":"Inflame","floor":10.0},{"not_picked":["Sword Boomerang+1","Flex"],"picked":"Berserk","floor":11.0},{"not_picked":["True Grit+1","Warcry","Blood for Blood"],"picked":"SKIP","floor":11.0},{"not_picked":["Iron Wave","Pummel","Whirlwind+1"],"picked":"SKIP","floor":12.0},{"not_picked":["Heavy Blade","Headbutt","Sever Soul"],"picked":"SKIP","floor":14.0},{"not_picked":["Reaper","Double Tap"],"picked":"Bludgeon","floor":16.0},{"not_picked":["Clothesline+1","Perfected Strike"],"picked":"Power Through","floor":18.0},{"not_picked":["Iron Wave","Spot Weakness"],"picked":"Second Wind+1","floor":19.0},{"not_picked":["Dropkick","Flex+1"],"picked":"Immolate","floor":20.0},{"not_picked":["Twin Strike+1","Thunderclap"],"picked":"Shrug It Off+1","floor":21.0},{"not_picked":["Whirlwind","Bloodletting"],"picked":"Heavy Blade+1","floor":22.0},{"not_picked":["Warcry","Anger+1","Havoc"],"picked":"SKIP","floor":23.0},{"not_picked":["Wild Strike","Armaments"],"picked":"Shockwave+1","floor":24.0},{"not_picked":["Body Slam","Power Through+1"],"picked":"Feel No Pain+1","floor":27.0},{"not_picked":["Flex+1","Heavy Blade+1","True Grit+1"],"picked":"SKIP","floor":28.0},{"not_picked":["Wild Strike+1","Disarm+1"],"picked":"Corruption","floor":29.0},{"not_picked":["Disarm","Wild Strike+1"],"picked":"Clothesline+1","floor":31.0},{"not_picked":["Exhume","Reaper"],"picked":"Bludgeon","floor":33.0},{"not_picked":["Uppercut","Pommel Strike","Sever Soul"],"picked":"SKIP","floor":35.0},{"not_picked":["Combust+1","Headbutt+1","Clothesline+1"],"picked":"SKIP","floor":37.0},{"not_picked":["Body Slam+1","Seeing Red+1"],"picked":"Shrug It Off+1","floor":40},{"not_picked":["Anger","Flex+1"],"picked":"Metallicize+1","floor":42},{"not_picked":["Body Slam+1","Sword Boomerang+1"],"picked":"Rupture+1","floor":44},{"not_picked":["Infernal Blade+1","Twin Strike+1"],"picked":"Bludgeon","floor":47}],"player_experience":138289,"relics_obtained":[{"floor":6.0,"key":"Bag of Preparation"},{"floor":8.0,"key":"Pen Nib"},{"floor":9.0,"key":"Oddly Smooth Stone"},{"floor":11.0,"key":"Happy Flower"},{"floor":16.0,"key":"Turnip"},{"floor":18.0,"key":"MealTicket"},{"floor":19.0,"key":"Shovel"},{"floor":23.0,"key":"Centennial Puzzle"},{"floor":24.0,"key":"Peace Pipe"},{"floor":26.0,"key":"Smiling Mask"},{"floor":26.0,"key":"Dead Branch"},{"floor":29.0,"key":"Kunai"},{"floor":31.0,"key":"Sundial"},{"floor":33.0,"key":"FossilizedHelix"},{"floor":35.0,"key":"Bottled Flame"},{"floor":37.0,"key":"Magic Flower"},{"floor":39.0,"key":"Old Coin"},{"floor":41,"key":"Art of War"},{"floor":42,"key":"Self Forming Clay"},{"floor":43,"key":"Charon\u0027s Ashes"},{"floor":43,"key":"Mummified Hand"},{"floor":46,"key":"Gambling Chip"},{"floor":46,"key":"Thread and Needle"},{"floor":47,"key":"Torii"},{"floor":49,"key":"Blood Vial"}],"event_choices":[{"damage_healed":0.0,"max_hp_gain":0.0,"max_hp_loss":0.0,"gold_gain":0.0,"event_name":"Scrap Ooze","player_choice":"Success","floor":2.0,"gold_loss":0.0,"damage_taken":3.0,"relics_obtained":["Pear"]},{"damage_healed":0.0,"max_hp_gain":0.0,"max_hp_loss":0.0,"gold_gain":0.0,"event_name":"Match and Keep!","player_choice":"0 cards matched","floor":3.0,"gold_loss":0.0,"damage_taken":0.0,"cards_obtained":[]},{"damage_healed":0.0,"max_hp_gain":0.0,"max_hp_loss":0.0,"gold_gain":0.0,"event_name":"Addict","player_choice":"Obtained Relic","floor":25.0,"gold_loss":85.0,"damage_taken":0.0,"relics_obtained":["Strawberry"]},{"damage_healed":0.0,"max_hp_gain":0.0,"max_hp_loss":0.0,"gold_gain":0.0,"event_name":"Match and Keep!","player_choice":"2 cards matched","floor":30.0,"gold_loss":0.0,"damage_taken":0.0,"cards_obtained":["Spot Weakness","Shrug It Off"]},{"damage_healed":0.0,"max_hp_gain":0.0,"max_hp_loss":0.0,"gold_gain":0.0,"event_name":"Match and Keep!","player_choice":"2 cards matched","floor":30.0,"gold_loss":0.0,"damage_taken":0.0,"cards_obtained":["Spot Weakness","Shrug It Off"]},{"cards_removed":["Defend_R"],"damage_healed":0.0,"max_hp_gain":0.0,"max_hp_loss":0.0,"gold_gain":0.0,"event_name":"Falling","player_choice":"Removed Skill","floor":36.0,"gold_loss":0.0,"damage_taken":0.0},{"damage_healed":0.0,"max_hp_gain":0.0,"max_hp_loss":8.0,"gold_gain":0.0,"event_name":"Winding Halls","player_choice":"Max HP","floor":38.0,"gold_loss":0.0,"damage_taken":0.0},{"damage_healed":0.0,"max_hp_gain":0.0,"max_hp_loss":0.0,"gold_gain":0.0,"event_name":"Mysterious Sphere","player_choice":"Fight","floor":39.0,"gold_loss":0.0,"damage_taken":0.0},{"damage_healed":0,"gold_gain":0,"player_choice":"Forge","damage_taken":0,"max_hp_gain":0,"max_hp_loss":0,"event_name":"Accursed Blacksmith","floor":48,"gold_loss":0,"cards_upgraded":["Juggernaut"]}],"is_beta":false,"boss_relics":[{"not_picked":["Fusion Hammer","Cursed Key"],"picked":"Snecko Eye"},{"not_picked":["Busted Crown","Tiny House"],"picked":"Sozu"}],"items_purged_floors":[45],"is_endless":false,"potions_floor_spawned":[1,4,12,14,16,18,19,24,27,33,35,37,40,42],"ascension_level":0}}