{"host":"3qkmyeoym75lj4wn","time":1609177345,"event":{"mods":["2.2 Compatiblity","BaseMod","Block Reminder","Colored Powertips","Highlight Path","Minty Spire (QoL Compilation)","Permanent Neow","Potion Indicator Mod","Rare Cards Sparkle","Relic Stats","StSLib"],"gold_per_floor":[109,123,4,4,16,16,16],"floor_reached":6,"playtime":230,"items_purged":["Writhe"],"score":72,"play_id":"a77fbe86-fd64-4952-ad68-f116c4761c80","local_time":"20201228174225","is_ascension_mode":true,"campfire_choices":[],"circlet_count":0,"master_deck":["AscendersBane","Strike_G","Strike_G","Strike_G","Strike_G","Strike_G","Defend_G","Defend_G","Defend_G","Defend_G","Defend_G","Survivor","Neutralize","Chrysalis","Riddle With Holes","Leg Sweep","Masterful Stab","Dagger Spray"],"relics":["Ring of the Snake","Omamori"],"acts_visited":["Exordium"],"potions_floor_usage":[6],"damage_taken":[{"damage":3,"enemies":"2 Louse","floor":1,"turns":4},{"damage":3,"enemies":"Small Slimes","floor":2,"turns":4},{"damage":1,"enemies":"Cultist","floor":5,"turns":4},{"damage":55,"enemies":"Gremlin Nob","floor":6,"turns":5}],"seed_played":"8312490527240234244","potions_obtained":[{"floor":2,"key":"Energy Potion"},{"floor":5,"key":"DuplicationPotion"}],"is_trial":false,"path_per_floor":["M","M","$","?","M","E"],"character_chosen":"THE_SILENT","items_purchased":["Masterful Stab"],"campfire_rested":0,"item_purchase_floors":[3],"current_hp_per_floor":[56,53,53,48,47,0,0],"gold":16,"neow_bonus":"RANDOM_COLORLESS_2","is_daily":false,"chose_seed":false,"campfire_upgraded":0,"win_rate":0.0,"timestamp":1609177345,"path_taken":["M","M","$","?","M","E"],"items_purchased_type":["Card"],"build_version":"2020-12-22","purchased_purges":1,"victory":false,"max_hp_per_floor":[66,66,66,66,66,66,66],"relic_stats":{"counters":[4,17],"obtain_stats":[{"Omamori":4,"Ring of the Snake":0},{"Omamori":2,"Ring of the Snake":0},{"Omamori":8,"Ring of the Snake":0}],"Ring of the Snake":[8]},"card_choices":[{"not_picked":["Magnetism","Thinking Ahead"],"picked":"Chrysalis","floor":0},{"not_picked":["Underhanded Strike","Infinite Blades"],"picked":"Riddle With Holes","floor":1},{"not_picked":["Dodge and Roll","PiercingWail"],"picked":"Leg Sweep","floor":2},{"not_picked":["Flying Knee","Poisoned Stab"],"picked":"Dagger Spray","floor":5}],"player_experience":1599615,"relics_obtained":[],"event_choices":[{"damage_healed":0,"gold_gain":0,"player_choice":"Success","damage_taken":5,"relics_obtained":["Omamori"],"max_hp_gain":0,"max_hp_loss":0,"event_name":"Scrap Ooze","floor":4,"gold_loss":0}],"is_beta":false,"boss_relics":[],"items_purged_floors":[3],"is_endless":false,"potions_floor_spawned":[2,5],"killed_by":"Gremlin Nob","ascension_level":20}}