{"host":"51f0ad793vly1w6u","time":1609146323,"event":{"mods":["BaseMod","Colored Map","DeckTracker","Minty Spire (QoL Compilation)","StSLib","SuperFastMode"],"gold_per_floor":[109,259,259,334,102,102,133,133,133,133,133,159,159,171,171,247,247,264,124,140,174,174,174],"floor_reached":22,"playtime":251,"items_purged":["Strike_R","Strike_R"],"score":476,"play_id":"ba2bc75a-4580-4d57-a07d-4d6aea6ca8c4","local_time":"20201228180523","is_ascension_mode":true,"campfire_choices":[{"data":"Flex","floor":6,"key":"SMITH"},{"data":"Heavy Blade","floor":8,"key":"SMITH"},{"data":"Bash","floor":10,"key":"SMITH"},{"data":"Bloodletting","floor":13,"key":"SMITH"},{"data":"Blood for Blood","floor":15,"key":"SMITH"}],"circlet_count":0,"master_deck":["AscendersBane","Strike_R","Defend_R","Defend_R","Defend_R","Defend_R","Bash+1","Cleave","Flex+1","Heavy Blade+1","Bloodletting+1","Blood for Blood+1","Offering","Spot Weakness","Ghostly Armor"],"relics":["Burning Blood","NeowsBlessing","Ancient Tea Set","Matryoshka","Meat on the Bone","Empty Cage","Red Mask"],"acts_visited":["Exordium","TheCity"],"potions_floor_usage":[16,16,22],"damage_taken":[{"damage":0,"enemies":"Small Slimes","floor":1,"turns":1},{"damage":0,"enemies":"Lagavulin","floor":7,"turns":1},{"damage":0,"enemies":"Gremlin Nob","floor":12,"turns":1},{"damage":6,"enemies":"2 Louse","floor":14,"turns":2},{"damage":60,"enemies":"The Guardian","floor":16,"turns":7},{"damage":9,"enemies":"Chosen","floor":18,"turns":3},{"damage":6,"enemies":"Spheric Guardian","floor":20,"turns":1},{"damage":50,"enemies":"Masked Bandits","floor":21,"turns":5},{"damage":32,"enemies":"Snake Plant","floor":22,"turns":3}],"seed_played":"-2907856679777268736","potions_obtained":[{"floor":1,"key":"EssenceOfSteel"},{"floor":14,"key":"ColorlessPotion"},{"floor":18,"key":"HeartOfIron"},{"floor":21,"key":"Dexterity Potion"}],"is_trial":false,"path_per_floor":["M","?","?","?","$","R","E","R","T","R","?","E","R","M","R","B",null,"M","$","M","?","M"],"character_chosen":"IRONCLAD","items_purchased":["Flex","Heavy Blade","Bloodletting","Spot Weakness"],"campfire_rested":0,"item_purchase_floors":[5,5,5,19],"current_hp_per_floor":[74,74,74,63,63,63,69,69,69,69,69,75,75,75,75,33,65,62,62,62,30,0,0],"gold":174,"neow_bonus":"THREE_ENEMY_KILL","is_daily":false,"chose_seed":false,"campfire_upgraded":5,"win_rate":0.0,"timestamp":1609146323,"path_taken":["M","?","?","?","$","R","E","R","T","R","?","E","R","?","R","BOSS","M","$","M","?","M"],"items_purchased_type":["Card","Card","Card","Card"],"build_version":"2020-12-22","purchased_purges":2,"victory":false,"max_hp_per_floor":[75,75,75,75,75,75,75,75,75,75,75,75,75,75,75,75,75,75,75,75,75,75,75],"card_choices":[{"not_picked":["Battle Trance","Iron Wave"],"picked":"Cleave","floor":1},{"not_picked":["Heavy Blade","Thunderclap","Dual Wield"],"picked":"SKIP","floor":7},{"not_picked":["Armaments","Seeing Red","Body Slam"],"picked":"SKIP","floor":12},{"not_picked":["Infernal Blade","Thunderclap"],"picked":"Blood for Blood","floor":14},{"not_picked":["Fiend Fire","Berserk"],"picked":"Offering","floor":16},{"not_picked":["Warcry","Perfected Strike","Cleave"],"picked":"SKIP","floor":18},{"not_picked":["Rage","Thunderclap"],"picked":"Ghostly Armor","floor":20}],"player_experience":1377151,"relics_obtained":[{"floor":7,"key":"Ancient Tea Set"},{"floor":9,"key":"Matryoshka"},{"floor":12,"key":"Meat on the Bone"},{"floor":21,"key":"Red Mask"}],"event_choices":[{"damage_healed":0,"gold_gain":150,"player_choice":"AGREE","damage_taken":0,"max_hp_gain":0,"max_hp_loss":0,"event_name":"Liars Game","floor":2,"gold_loss":0,"cards_obtained":["Doubt"]},{"cards_removed":["Doubt"],"damage_healed":0,"gold_gain":0,"player_choice":"Forget","damage_taken":0,"max_hp_gain":0,"max_hp_loss":0,"event_name":"Living Wall","floor":3,"gold_loss":0},{"damage_healed":0,"gold_gain":75,"player_choice":"Gather Gold","damage_taken":11,"max_hp_gain":0,"max_hp_loss":0,"event_name":"World of Goop","floor":4,"gold_loss":0},{"damage_healed":0,"gold_gain":0,"player_choice":"0 cards matched","damage_taken":0,"max_hp_gain":0,"max_hp_loss":0,"event_name":"Match and Keep!","floor":11,"gold_loss":0,"cards_obtained":[]},{"damage_healed":0,"gold_gain":0,"player_choice":"Fought Bandits","damage_taken":0,"max_hp_gain":0,"max_hp_loss":0,"event_name":"Masked Bandits","floor":21,"gold_loss":0}],"is_beta":false,"boss_relics":[{"not_picked":["Sozu","Coffee Dripper"],"picked":"Empty Cage"}],"items_purged_floors":[5,19],"is_endless":false,"potions_floor_spawned":[1,14,18,21],"killed_by":"Snake Plant","ascension_level":20}}