{"host":"kdt6w7ix8lwe69i9","time":1609144992,"event":{"mods":["Arknights The Spire","Bartender","BaseMod","ChefMod","Downfall","Fiend Mod","Jorbs\u0027s Wanderer Trilogy","Minty Spire (QoL Compilation)","Reimu（博丽灵梦）","Robot Space Explorer","StSLib","The Caster","The Cursed","The Disciple","The Dragon Tamer","The Druid","The Elementalist","The Forsaken","The Gatherer","The Judge","The Marked","TheBandit"],"gold_per_floor":[118,118,131,143,103,129,145,145,214,214,224,144,144,176,176,176,176],"floor_reached":16,"playtime":1995,"items_purged":[],"score":110,"play_id":"5ac657ff-4817-4d4e-9d2d-01e9ab9f1cce","local_time":"20201228034312","is_ascension_mode":false,"campfire_choices":[{"floor":10,"key":"REST"},{"floor":13,"key":"REST"},{"data":"chefmod:OrderUp","floor":15,"key":"SMITH"}],"circlet_count":0,"master_deck":["chefmod:Strike","chefmod:Strike","chefmod:Strike","chefmod:Strike","chefmod:Defend","chefmod:Defend","chefmod:Defend","chefmod:QuickThaw","chefmod:TodaysSpecial","chefmod:Omelette","chefmod:FreshProduce","chefmod:Gelato","chefmod:FireUp","chefmod:Fillet","chefmod:FrozenTuna","chefmod:Flambe","chefmod:OrderUp+1"],"relics":["chefmod:TrustyPot","NeowsBlessing","PaintedHorse:ReiMu","Ginger","StrikeDummy","Art of War"],"acts_visited":["Exordium"],"potions_floor_usage":[6,6,16],"damage_taken":[{"damage":0,"enemies":"Small Slimes","floor":1,"turns":2},{"damage":0,"enemies":"Cultist","floor":3,"turns":1},{"damage":0,"enemies":"Jaw Worm","floor":4,"turns":1},{"damage":32,"enemies":"Gremlin Nob","floor":6,"turns":5},{"damage":0,"enemies":"Large Slime","floor":7,"turns":6},{"damage":10,"enemies":"Exordium Thugs","floor":11,"turns":4},{"damage":25,"enemies":"3 Sentries","floor":14,"turns":5},{"damage":56,"enemies":"The Guardian","floor":16,"turns":11}],"seed_played":"175442443206991512","potions_obtained":[{"floor":3,"key":"Explosive Potion"},{"floor":4,"key":"champ:CounterPotion"},{"floor":7,"key":"LiquidBronze"}],"is_trial":false,"path_per_floor":["M","?","M","M","?","E","M","?","T","R","M","$","R","E","R","B"],"character_chosen":"THE_CHEF","items_purchased":["chefmod:Flambe"],"campfire_rested":2,"item_purchase_floors":[12],"current_hp_per_floor":[76,76,76,76,76,44,44,44,44,66,56,56,76,51,51,0,0],"gold":176,"neow_bonus":"THREE_ENEMY_KILL","is_daily":false,"chose_seed":false,"campfire_upgraded":1,"win_rate":0.0,"timestamp":1609144992,"path_taken":["M","?","?","M","?","E","M","?","T","R","?","?","R","E","R","BOSS"],"items_purchased_type":["Card"],"build_version":"2020-12-22","purchased_purges":0,"victory":false,"max_hp_per_floor":[76,76,76,76,76,76,76,76,76,76,76,76,76,76,76,76,76],"card_choices":[{"not_picked":["chefmod:Chop","chefmod:FryPan"],"picked":"chefmod:Omelette","floor":1},{"not_picked":["chefmod:Defrost","chefmod:TonkotsuRamen"],"picked":"chefmod:FreshProduce","floor":3},{"not_picked":["chefmod:BaoBuns","chefmod:DinoKale"],"picked":"chefmod:Gelato","floor":4},{"not_picked":["chefmod:BaoBuns","chefmod:Gelato"],"picked":"chefmod:FireUp","floor":6},{"not_picked":["chefmod:FreezerBurn","chefmod:BleedOut"],"picked":"chefmod:Fillet","floor":7},{"not_picked":["chefmod:FreshProduce","chefmod:Defrost"],"picked":"chefmod:FrozenTuna","floor":11},{"not_picked":["chefmod:TonkotsuRamen","chefmod:ZaruSoba"],"picked":"chefmod:OrderUp","floor":14}],"player_experience":1634184,"relics_obtained":[{"floor":6,"key":"Ginger"},{"floor":9,"key":"StrikeDummy"},{"floor":14,"key":"Art of War"}],"event_choices":[{"cards_removed":["chefmod:Strike"],"damage_healed":0,"gold_gain":0,"player_choice":"Purged","damage_taken":0,"max_hp_gain":0,"max_hp_loss":0,"event_name":"Purifier","floor":2,"gold_loss":0},{"damage_healed":0,"gold_gain":0,"player_choice":"Donate","damage_taken":0,"relics_obtained":["PaintedHorse:ReiMu"],"max_hp_gain":0,"max_hp_loss":0,"event_name":"yidonshenshe","floor":5,"gold_loss":40}],"is_beta":false,"boss_relics":[],"items_purged_floors":[],"is_endless":false,"potions_floor_spawned":[3,4,7],"killed_by":"The Guardian","ascension_level":0}}