{"host":"hdafziggwnbzqpcb","time":1609149212,"event":{"mods":["BaseMod","Better Vampires","Colored Map","Colored Powertips","Curses Come First","Duelist Mod","GifTheSpireLib","Hero for Fun","Minty Spire (QoL Compilation)","Quick Restart","Rare Cards Sparkle","Relic Stats","Spicy Shops","StSLib","The Bug Knight","The Cursed","The Marked","The Senshi","The Wild Card","TheHero"],"gold_per_floor":[118,138,58,58,75,75,102,102,126,126,51,62,62,95,95,188,188,212,20,220,244,267,267,267],"floor_reached":23,"playtime":1672,"items_purged":["theSenshi:SupersonicWaves"],"score":648,"play_id":"aeafc226-fda6-46ad-8d21-e5cba62903f7","local_time":"20201228015332","daily_mods":["SealedDeck","Heirloom"],"is_ascension_mode":true,"campfire_choices":[{"data":"theSenshi:LateForSchool","floor":6,"key":"SMITH"},{"data":"theSenshi:LateForSchool","floor":8,"key":"SMITH"},{"data":"theSenshi:MoonPrincessHalation","floor":15,"key":"SMITH"}],"circlet_count":0,"master_deck":["AscendersBane","theSenshi:SailorChibiMoonAssists","theSenshi:SchoolBag","theSenshi:RainbowMoonHeartAche","theSenshi:KlutzyLuck","theSenshi:CrisisMakeUp+1","theSenshi:MoonPrincessHalation+1","theSenshi:MoonTiaraMagic","theSenshi:MoonCosmicPowerMakeUp","theSenshi:LateForSchool+1","theSenshi:SteeledNerves","theSenshi:LateForSchool+1","theSenshi:TallSilhouette","theSenshi:MoonCosmicPowerMakeUp","theSenshi:StarlightHoneymoonTherapyKiss","theSenshi:Overload","theSenshi:SailorMercuryAssists","theSenshi:MoonPunch+1","theSenshi:SailorJupiterAssists"],"relics":["theSenshi:TransformationBroochRelic","Turnip","MealTicket","Mercury Hourglass","theSenshi:SailorFukuRelic","Golden Idol","Omamori","Black Star","Membership Card"],"acts_visited":["Exordium","TheCity"],"potions_floor_usage":[7,12,16],"damage_taken":[{"damage":0,"enemies":"Jaw Worm","floor":1,"turns":3},{"damage":0,"enemies":"Cultist","floor":2,"turns":3},{"damage":0,"enemies":"2 Louse","floor":5,"turns":2},{"damage":8,"enemies":"Gremlin Nob","floor":7,"turns":3},{"damage":13,"enemies":"Blue Slaver","floor":12,"turns":3},{"damage":0,"enemies":"Lagavulin","floor":14,"turns":4},{"damage":24,"enemies":"The Guardian","floor":16,"turns":6},{"damage":15,"enemies":"Chosen","floor":18,"turns":5},{"damage":0,"enemies":"Spheric Guardian","floor":21,"turns":3},{"damage":36,"enemies":"Cultist and Chosen","floor":22,"turns":5},{"damage":37,"enemies":"Book of Stabbing","floor":23,"turns":3}],"seed_played":"-3839133153386663984","potions_obtained":[{"floor":1,"key":"Regen Potion"},{"floor":2,"key":"BlessingOfTheForge"},{"floor":12,"key":"SkillPotion"},{"floor":18,"key":"SmokeBomb"}],"is_trial":true,"path_per_floor":["M","M","$","?","M","R","E","R","T","?","$","M","?","E","R","B",null,"M","$","?","M","M","E"],"character_chosen":"THE_SENSHI","items_purchased":["theSenshi:SteeledNerves","Membership Card","theSenshi:SailorMercuryAssists"],"campfire_rested":0,"item_purchase_floors":[3,19,19],"current_hp_per_floor":[68,68,68,42,42,42,34,34,34,34,49,45,45,45,45,21,56,41,56,56,56,20,0,0],"gold":267,"neow_bonus":"","is_daily":false,"chose_seed":false,"campfire_upgraded":3,"win_rate":0.0,"timestamp":1609149212,"path_taken":["M","M","$","?","M","R","E","R","T","?","$","?","?","E","R","BOSS","M","$","?","M","M","E"],"items_purchased_type":["Card","Relic","Card"],"build_version":"2020-12-22","purchased_purges":1,"victory":false,"max_hp_per_floor":[75,75,75,75,75,75,75,75,75,75,75,75,68,68,68,68,68,68,68,68,68,68,68,68],"relic_stats":{"counters":[11,40],"Golden Idol":41,"MealTicket":30,"Turnip":[5],"Black Star":0,"obtain_stats":[{"theSenshi:TransformationBroochRelic":0,"Golden Idol":13,"MealTicket":4,"Turnip":0,"Omamori":14,"Black Star":17,"Membership Card":19,"theSenshi:SailorFukuRelic":9,"Mercury Hourglass":7},{"theSenshi:TransformationBroochRelic":0,"Golden Idol":5,"MealTicket":2,"Turnip":0,"Omamori":6,"Black Star":7,"Membership Card":8,"theSenshi:SailorFukuRelic":4,"Mercury Hourglass":4},{"theSenshi:TransformationBroochRelic":0,"Golden Idol":14,"MealTicket":6,"Turnip":0,"Omamori":18,"Black Star":24,"Membership Card":29,"theSenshi:SailorFukuRelic":11,"Mercury Hourglass":11}],"Mercury Hourglass":[78]},"card_choices":[{"not_picked":["theSenshi:MoonPrincessHalation","theSenshi:SchoolBag","theSenshi:InTheNickOfTime"],"picked":"SKIP","floor":1},{"not_picked":["theSenshi:TuxedoMaskAssists","theSenshi:NeptunesGrace","theSenshi:TuxedoSmokingBomber"],"picked":"SKIP","floor":2},{"not_picked":["theSenshi:KlutzyLuck","theSenshi:MoonPower","theSenshi:LunasBite"],"picked":"SKIP","floor":5},{"not_picked":["theSenshi:SailorNeptuneAssists","theSenshi:StudyParty"],"picked":"theSenshi:LateForSchool","floor":7},{"not_picked":["theSenshi:MoonSpiralHeartAttack","theSenshi:SupersonicWaves"],"picked":"theSenshi:TallSilhouette","floor":12},{"not_picked":["theSenshi:SailorVenusAssists","theSenshi:MoonKick"],"picked":"theSenshi:MoonCosmicPowerMakeUp","floor":14},{"not_picked":["theSenshi:FatedKiss","theSenshi:StudyParty"],"picked":"theSenshi:StarlightHoneymoonTherapyKiss","floor":16},{"not_picked":["theSenshi:MoonTiaraMagic","theSenshi:KlutzyLuck"],"picked":"theSenshi:Overload","floor":18},{"not_picked":["theSenshi:SailorStarMakerAssists","theSenshi:TuxedoMaskAssists"],"picked":"theSenshi:MoonPunch+1","floor":21},{"not_picked":["theSenshi:PlutosSolemnity","theSenshi:SailorVenusAssists"],"picked":"theSenshi:SailorJupiterAssists","floor":22}],"player_experience":673632,"relics_obtained":[{"floor":7,"key":"Mercury Hourglass"},{"floor":9,"key":"theSenshi:SailorFukuRelic"},{"floor":14,"key":"Omamori"}],"event_choices":[{"damage_healed":0,"gold_gain":0,"player_choice":"Success","damage_taken":26,"relics_obtained":["MealTicket"],"max_hp_gain":0,"max_hp_loss":0,"event_name":"Scrap Ooze","floor":4,"gold_loss":0},{"damage_healed":0,"gold_gain":0,"player_choice":"Upgraded","damage_taken":0,"max_hp_gain":0,"max_hp_loss":0,"event_name":"Upgrade Shrine","floor":10,"gold_loss":0,"cards_upgraded":["theSenshi:CrisisMakeUp"]},{"damage_healed":0,"gold_gain":0,"player_choice":"Lose Max HP","damage_taken":0,"relics_obtained":["Golden Idol"],"max_hp_gain":0,"max_hp_loss":7,"event_name":"Golden Idol","floor":13,"gold_loss":0},{"damage_healed":0,"gold_gain":200,"player_choice":"Gold","damage_taken":0,"max_hp_gain":0,"max_hp_loss":0,"event_name":"Wheel of Change","floor":20,"gold_loss":0}],"is_beta":false,"boss_relics":[{"not_picked":["Philosopher\u0027s Stone","Sozu"],"picked":"Black Star"}],"items_purged_floors":[11],"is_endless":true,"potions_floor_spawned":[1,2,12,18],"killed_by":"Book of Stabbing","ascension_level":20}}