{"host":"1v94wza6sq30pv3l","time":1609183150,"event":{"mods":["AchievementEnabler","BaseMod","Highlight Path","Minty Spire (QoL Compilation)"],"gold_per_floor":[110,121,135,210,223,254,254,254,254,254,63,76,96,113,113,216,216,232,157,157,176,176,176,91,91,91,119,119,129,129,148,148,252,252,268,268,268],"floor_reached":36,"playtime":2828,"items_purged":[],"score":384,"play_id":"a2d8b5d0-ebca-4f6b-92bc-e1f9c525407e","local_time":"20201228141910","is_ascension_mode":false,"campfire_choices":[{"floor":8,"key":"REST"},{"data":"WheelKick","floor":10,"key":"SMITH"},{"floor":15,"key":"RECALL"},{"data":"BowlingBash","floor":23,"key":"SMITH"},{"data":"Crescendo","floor":25,"key":"SMITH"},{"floor":28,"key":"REST"},{"floor":32,"key":"REST"}],"circlet_count":0,"master_deck":["Strike_P","Strike_P","Strike_P","Strike_P","Defend_P","Defend_P","Defend_P","Eruption","Vigilance","EmptyFist","FlyingSleeves","WheelKick+1","BowlingBash+1","LikeWater","Protect","ThirdEye","Nirvana","WindmillStrike","DevaForm","Crescendo+1","WheelKick+1","CutThroughFate+1","EmptyFist","DeceiveReality+1"],"relics":["PureWater","NeowsBlessing","Oddly Smooth Stone","Medical Kit","SacredBark","MutagenicStrength","Pocketwatch","Shovel","Bottled Lightning","SlaversCollar"],"acts_visited":["Exordium","TheCity","TheBeyond"],"potions_floor_usage":[14,18,21,33,33,36],"damage_taken":[{"damage":0,"enemies":"Cultist","floor":1,"turns":1},{"damage":0,"enemies":"Jaw Worm","floor":2,"turns":1},{"damage":0,"enemies":"2 Louse","floor":3,"turns":1},{"damage":12,"enemies":"Exordium Thugs","floor":5,"turns":4},{"damage":20,"enemies":"Lagavulin","floor":6,"turns":5},{"damage":0,"enemies":"Blue Slaver","floor":12,"turns":4},{"damage":0,"enemies":"3 Louse","floor":13,"turns":3},{"damage":0,"enemies":"Large Slime","floor":14,"turns":10},{"damage":29,"enemies":"The Guardian","floor":16,"turns":15},{"damage":15,"enemies":"Spheric Guardian","floor":18,"turns":5},{"damage":7,"enemies":"3 Byrds","floor":21,"turns":5},{"damage":18,"enemies":"Gremlin Leader","floor":27,"turns":3},{"damage":8,"enemies":"Snake Plant","floor":29,"turns":3},{"damage":18,"enemies":"3 Cultists","floor":31,"turns":5},{"damage":21,"enemies":"Champ","floor":33,"turns":6},{"damage":21,"enemies":"3 Shapes","floor":35,"turns":3},{"damage":57,"enemies":"3 Darklings","floor":36,"turns":8}],"seed_played":"-7433139319090177892","potions_obtained":[{"floor":2,"key":"Ancient Potion"},{"floor":5,"key":"SpeedPotion"},{"floor":6,"key":"PowerPotion"},{"floor":16,"key":"PowerPotion"},{"floor":21,"key":"Fire Potion"},{"floor":27,"key":"GamblersBrew"},{"floor":31,"key":"CultistPotion"}],"is_trial":false,"path_per_floor":["M","M","M","?","M","E","?","R","T","R","$","M","M","M","R","B",null,"M","?","?","M","?","R","?","R","T","E","R","M","?","M","R","B",null,"M","M"],"character_chosen":"WATCHER","items_purchased":["Protect","Medical Kit"],"campfire_rested":3,"item_purchase_floors":[11,11],"current_hp_per_floor":[72,72,72,61,49,29,29,50,50,50,50,50,50,50,50,21,72,57,57,57,50,50,50,50,50,50,32,53,45,38,20,41,20,72,51,0,0],"gold":268,"neow_bonus":"THREE_ENEMY_KILL","is_daily":false,"chose_seed":false,"campfire_upgraded":3,"win_rate":0.0,"timestamp":1609183150,"path_taken":["M","M","M","?","M","E","?","R","T","R","$","M","M","M","R","BOSS","M","?","?","?","?","R","?","R","T","E","R","M","?","M","R","BOSS","M","M"],"items_purchased_type":["Card","Relic"],"build_version":"2020-12-22","purchased_purges":0,"victory":false,"max_hp_per_floor":[72,72,72,72,72,72,72,72,72,72,72,72,72,72,72,72,72,72,72,72,72,72,72,72,72,72,72,72,72,72,72,72,72,72,72,72,72],"card_choices":[{"not_picked":["Evaluate","ClearTheMind"],"picked":"EmptyFist","floor":1},{"not_picked":["Wallop","PathToVictory"],"picked":"FlyingSleeves","floor":2},{"not_picked":["Adaptation","Consecrate"],"picked":"WheelKick","floor":3},{"not_picked":["Consecrate","MasterReality"],"picked":"BowlingBash","floor":5},{"not_picked":["Indignation","SashWhip"],"picked":"LikeWater","floor":6},{"not_picked":["JustLucky","FollowUp"],"picked":"ThirdEye","floor":12},{"not_picked":["Evaluate","EmptyFist"],"picked":"Nirvana","floor":13},{"not_picked":["Consecrate","CarveReality"],"picked":"WindmillStrike","floor":14},{"not_picked":["Brilliance","LessonLearned"],"picked":"DevaForm","floor":16},{"not_picked":["Halt+1","ClearTheMind"],"picked":"Crescendo","floor":18},{"not_picked":["ConjureBlade","WindmillStrike","Vengeance+1"],"picked":"SKIP","floor":21},{"not_picked":["Perseverance+1","ClearTheMind"],"picked":"CutThroughFate+1","floor":27},{"not_picked":["FollowUp+1","FlyingSleeves+1"],"picked":"EmptyFist","floor":29},{"not_picked":["Evaluate","Fasting2","Nirvana"],"picked":"SKIP","floor":31},{"not_picked":["Consecrate+1","FlyingSleeves+1"],"picked":"DeceiveReality+1","floor":35}],"player_experience":55637,"relics_obtained":[{"floor":6,"key":"Oddly Smooth Stone"},{"floor":26,"key":"Shovel"},{"floor":27,"key":"Bottled Lightning"}],"event_choices":[{"damage_healed":0,"gold_gain":75,"player_choice":"Gather Gold","damage_taken":11,"max_hp_gain":0,"max_hp_loss":0,"event_name":"World of Goop","floor":4,"gold_loss":0},{"damage_healed":0,"gold_gain":0,"player_choice":"Ignored","damage_taken":0,"max_hp_gain":0,"max_hp_loss":0,"event_name":"Liars Game","floor":7,"gold_loss":0},{"cards_removed":["Defend_P"],"damage_healed":0,"gold_gain":0,"player_choice":"Gave Gold","damage_taken":0,"max_hp_gain":0,"max_hp_loss":0,"event_name":"Beggar","floor":19,"gold_loss":75},{"damage_healed":0,"gold_gain":0,"player_choice":"Copied","damage_taken":0,"max_hp_gain":0,"max_hp_loss":0,"event_name":"Duplicator","floor":20,"gold_loss":0,"cards_obtained":["WheelKick"]},{"damage_healed":0,"gold_gain":0,"player_choice":"Inject Mutagens","damage_taken":0,"relics_obtained":["MutagenicStrength"],"max_hp_gain":0,"max_hp_loss":0,"event_name":"Drug Dealer","floor":22,"gold_loss":0},{"damage_healed":0,"gold_gain":0,"player_choice":"Obtained Relic","damage_taken":0,"relics_obtained":["Pocketwatch"],"max_hp_gain":0,"max_hp_loss":0,"event_name":"Addict","floor":24,"gold_loss":85},{"damage_healed":0,"gold_gain":0,"player_choice":"Damaged","damage_taken":7,"max_hp_gain":0,"max_hp_loss":0,"event_name":"Wheel of Change","floor":30,"gold_loss":0}],"is_beta":false,"boss_relics":[{"not_picked":["Calling Bell","Runic Dome"],"picked":"SacredBark"},{"not_picked":["Astrolabe","Empty Cage"],"picked":"SlaversCollar"}],"items_purged_floors":[],"is_endless":false,"potions_floor_spawned":[2,5,6,16,21,27,31],"killed_by":"3 Darklings","ascension_level":0}}