{"host":"4ag909k4xupnj24b","time":1609162396,"event":{"mods":["BaseMod","Minty Spire (QoL Compilation)","StSLib"],"gold_per_floor":[115,131,131,148,158,158,193,193,193,193,204,204,223,223,223,323,323,323,323,422,437,437,437,454,454,481,515,515,515],"floor_reached":28,"playtime":1150,"items_purged":[],"score":369,"play_id":"df3e8254-80fd-4402-bc46-bf9552e4ec2b","local_time":"20201228053316","is_ascension_mode":true,"campfire_choices":[{"data":"Cloak And Dagger","floor":6.0,"key":"SMITH"},{"floor":8.0,"key":"REST"},{"floor":12.0,"key":"REST"},{"floor":15.0,"key":"DIG"},{"floor":23,"key":"DIG"},{"floor":25,"key":"REST"}],"circlet_count":0,"master_deck":["AscendersBane","Strike_G","Strike_G+1","Strike_G","Strike_G","Defend_G","Defend_G","Defend_G","Defend_G","Defend_G","Survivor","Neutralize+1","Dagger Spray+1","Flying Knee","Quick Slash","Cloak And Dagger+1","All Out Attack","Deadly Poison","Acrobatics","After Image","Bouncing Flask","Backflip","Bullet Time"],"relics":["Black Star","StoneCalendar","TungstenRod","Shovel","Bottled Flame","HoveringKite","Tingsha","Oddly Smooth Stone","Paper Crane","Regal Pillow"],"acts_visited":["Exordium","TheCity"],"potions_floor_usage":[18,27,27,28],"damage_taken":[{"damage":0.0,"enemies":"Jaw Worm","floor":1.0,"turns":5.0},{"damage":0.0,"enemies":"2 Louse","floor":2.0,"turns":2.0},{"damage":4.0,"enemies":"Small Slimes","floor":4.0,"turns":3.0},{"damage":15.0,"enemies":"3 Louse","floor":5.0,"turns":3.0},{"damage":20.0,"enemies":"3 Sentries","floor":7.0,"turns":7.0},{"damage":4.0,"enemies":"Large Slime","floor":11.0,"turns":6.0},{"damage":16.0,"enemies":"Red Slaver","floor":13.0,"turns":3.0},{"damage":11.0,"enemies":"The Guardian","floor":16.0,"turns":11.0},{"damage":0,"enemies":"Chosen","floor":18,"turns":1},{"damage":9,"enemies":"3 Byrds","floor":21,"turns":4},{"damage":32,"enemies":"3 Cultists","floor":24,"turns":6},{"damage":23,"enemies":"Book of Stabbing","floor":27,"turns":7},{"damage":18,"enemies":"Shelled Parasite and Fungi","floor":28,"turns":4}],"seed_played":"6893336960106305972","potions_obtained":[{"floor":2.0,"key":"CunningPotion"},{"floor":7.0,"key":"SmokeBomb"},{"floor":13.0,"key":"SkillPotion"},{"floor":16.0,"key":"Swift Potion"},{"floor":21,"key":"Energy Potion"},{"floor":22,"key":"Poison Potion"},{"floor":27,"key":"DistilledChaos"}],"is_trial":false,"path_per_floor":["M","M","?","M","M","R","E","R","T","?","M","R","M","?","R","B",null,"M","?","?","M","?","R","M","R","T","E","M"],"character_chosen":"THE_SILENT","items_purchased":[],"campfire_rested":3,"item_purchase_floors":[],"current_hp_per_floor":[63,63,49,45,30,30,10,31,31,31,27,48,32,26,26,15,56,56,56,56,47,47,47,15,36,36,13,0,0],"gold":515,"neow_bonus":"BOSS_RELIC","is_daily":false,"chose_seed":false,"campfire_upgraded":1,"win_rate":0.0,"timestamp":1609162396,"path_taken":["M","M","?","M","M","R","E","R","T","?","M","R","M","?","R","BOSS","M","?","?","M","?","R","M","R","T","E","M"],"items_purchased_type":[],"build_version":"2020-12-22","purchased_purges":0,"victory":false,"max_hp_per_floor":[70,70,70,70,70,70,70,70,70,70,70,70,70,70,70,70,70,70,70,70,70,70,70,70,70,70,70,70,70],"card_choices":[{"not_picked":["Deflect","Masterful Stab"],"picked":"Dagger Spray","floor":1.0},{"not_picked":["Cloak And Dagger","Infinite Blades"],"picked":"Flying Knee","floor":2.0},{"not_picked":["Footwork","Glass Knife"],"picked":"Quick Slash","floor":4.0},{"not_picked":["Sucker Punch","Dodge and Roll"],"picked":"Cloak And Dagger","floor":5.0},{"not_picked":["Flying Knee","Sucker Punch"],"picked":"All Out Attack","floor":7.0},{"not_picked":["Bane","Deflect"],"picked":"Deadly Poison","floor":11.0},{"not_picked":["Skewer","Bane"],"picked":"Acrobatics","floor":13.0},{"not_picked":["Wraith Form v2","Adrenaline"],"picked":"After Image","floor":16.0},{"not_picked":["Quick Slash+1","Predator"],"picked":"Backflip","floor":21},{"not_picked":["Acrobatics","Sucker Punch","Slice"],"picked":"SKIP","floor":24},{"not_picked":["Reflex","Outmaneuver"],"picked":"Bullet Time","floor":27}],"player_experience":823963,"relics_obtained":[{"floor":7.0,"key":"StoneCalendar"},{"floor":7.0,"key":"TungstenRod"},{"floor":9.0,"key":"Shovel"},{"floor":15.0,"key":"Bottled Flame"},{"floor":23,"key":"Tingsha"},{"floor":26,"key":"Oddly Smooth Stone"},{"floor":27,"key":"Paper Crane"},{"floor":27,"key":"Regal Pillow"}],"event_choices":[{"damage_healed":0.0,"max_hp_gain":0.0,"max_hp_loss":0.0,"gold_gain":0.0,"event_name":"Shining Light","player_choice":"Entered Light","floor":3.0,"gold_loss":0.0,"damage_taken":14.0,"cards_upgraded":["Neutralize","Strike_G"]},{"damage_healed":0.0,"max_hp_gain":0.0,"max_hp_loss":0.0,"gold_gain":0.0,"event_name":"Living Wall","player_choice":"Grow","floor":10.0,"gold_loss":0.0,"damage_taken":0.0,"cards_upgraded":["Dagger Spray"]},{"cards_removed":["Strike_G"],"damage_healed":0.0,"max_hp_gain":0.0,"max_hp_loss":0.0,"gold_gain":0.0,"event_name":"Golden Wing","player_choice":"Card Removal","floor":14.0,"gold_loss":0.0,"damage_taken":7.0},{"damage_healed":0,"gold_gain":0,"player_choice":"Read","damage_taken":0,"max_hp_gain":0,"max_hp_loss":0,"event_name":"The Library","floor":19,"gold_loss":0,"cards_obtained":["Bouncing Flask"]},{"damage_healed":0,"gold_gain":99,"player_choice":"Stole From Cult","damage_taken":0,"max_hp_gain":0,"max_hp_loss":0,"event_name":"Nest","floor":20,"gold_loss":0},{"damage_healed":0,"gold_gain":0,"player_choice":"Got Potions","damage_taken":0,"max_hp_gain":0,"max_hp_loss":0,"event_name":"Lab","floor":22,"gold_loss":0}],"is_beta":false,"boss_relics":[{"not_picked":["Velvet Choker","Runic Dome"],"picked":"HoveringKite"}],"items_purged_floors":[],"is_endless":false,"potions_floor_spawned":[2,7,13,16,21,27],"killed_by":"Shelled Parasite and Fungi","ascension_level":11}}