{"host":"lku4gktzilv18rfq","time":1609128054,"event":{"mods":["Ascension Reborn","BaseMod","Minty Spire (QoL Compilation)","Permanent Neow","StSLib","The Marked"],"gold_per_floor":[114,127,52,72,84,113,113,113,113,66,66,97,272,283,283,283,283],"floor_reached":16,"playtime":6372,"items_purged":["theMarked:Strike"],"score":110,"play_id":"2459542f-a330-4ab1-9939-70b5bff1c09b","local_time":"20201227200054","is_ascension_mode":true,"campfire_choices":[{"data":"theMarked:SoldierOfQuellstein","floor":7,"key":"SMITH"},{"floor":11,"key":"REST"},{"floor":15,"key":"DIG"}],"circlet_count":0,"master_deck":["theMarked:Strike+1","theMarked:Strike","theMarked:Strike+1","theMarked:Defend","theMarked:Defend","theMarked:Defend","theMarked:Defend","theMarked:SoldierOfQuellstein+1","theMarked:TunnelVision","theMarked:EmpowerWeapon","theMarked:DispelDoubt","theMarked:RepellingDischarge","theMarked:Polarize","Doubt","theMarked:MaelstromOfLightning"],"relics":["theMarked:ArtifactOfAir","Thread and Needle","Calipers","Shovel","Matryoshka"],"acts_visited":["Exordium"],"potions_floor_usage":[6,16,16],"damage_taken":[{"damage":3,"enemies":"Jaw Worm","floor":1,"turns":4},{"damage":0,"enemies":"Small Slimes","floor":2,"turns":3},{"damage":0,"enemies":"Cultist","floor":4,"turns":3},{"damage":16,"enemies":"Lots of Slimes","floor":5,"turns":3},{"damage":26,"enemies":"Gremlin Nob","floor":6,"turns":4},{"damage":11,"enemies":"Lagavulin","floor":12,"turns":7},{"damage":12,"enemies":"Exordium Thugs","floor":14,"turns":4},{"damage":3,"enemies":"Hexaghost","floor":16,"turns":4}],"seed_played":"3452709677512776949","potions_obtained":[{"floor":4,"key":"ColorlessPotion"},{"floor":6,"key":"PowerPotion"},{"floor":12,"key":"SkillPotion"}],"is_trial":false,"path_per_floor":["M","M","$","M","M","E","R","?","T","?","R","E","?","M","R","B"],"character_chosen":"THE_DEFAULT","items_purchased":[],"campfire_rested":1,"item_purchase_floors":[],"current_hp_per_floor":[60,60,60,60,44,18,18,4,4,4,25,14,14,2,2,0,0],"gold":283,"neow_bonus":"REMOVE_CARD","is_daily":false,"chose_seed":false,"campfire_upgraded":1,"win_rate":0.0,"timestamp":1609128054,"path_taken":["M","M","$","M","M","E","R","?","T","?","R","E","?","M","R","BOSS"],"items_purchased_type":[],"build_version":"2020-12-22","purchased_purges":1,"victory":false,"max_hp_per_floor":[70,70,70,70,70,70,70,70,70,70,70,70,70,70,70,70,70],"card_choices":[{"not_picked":["theMarked:ElectricStrings","theMarked:Static"],"picked":"theMarked:TunnelVision","floor":1},{"not_picked":["theMarked:Frustration","theMarked:StartUp"],"picked":"theMarked:EmpowerWeapon","floor":2},{"not_picked":["theMarked:BanishingStrike","theMarked:WastefulAttack"],"picked":"theMarked:DispelDoubt","floor":4},{"not_picked":["theMarked:Opportunist","theMarked:Frustration"],"picked":"theMarked:RepellingDischarge","floor":5},{"not_picked":["theMarked:Static","theMarked:ElectricStrings","theMarked:WastefulAttack"],"picked":"SKIP","floor":6},{"not_picked":["theMarked:KeepCalmAndFightOn","theMarked:RepellingDischarge"],"picked":"theMarked:Polarize","floor":12},{"not_picked":["theMarked:Improvise","theMarked:ReduceFriction"],"picked":"theMarked:MaelstromOfLightning","floor":14}],"player_experience":859953,"relics_obtained":[{"floor":6,"key":"Thread and Needle"},{"floor":9,"key":"Calipers"},{"floor":12,"key":"Shovel"},{"floor":15,"key":"Matryoshka"}],"event_choices":[{"damage_healed":0,"gold_gain":0,"player_choice":"Entered Light","damage_taken":14,"max_hp_gain":0,"max_hp_loss":0,"event_name":"Shining Light","floor":8,"gold_loss":0,"cards_upgraded":["theMarked:Strike","theMarked:Strike"]},{"damage_healed":0,"gold_gain":0,"player_choice":"Left Gold","damage_taken":0,"max_hp_gain":0,"max_hp_loss":0,"event_name":"World of Goop","floor":10,"gold_loss":47},{"damage_healed":0,"gold_gain":175,"player_choice":"AGREE","damage_taken":0,"max_hp_gain":0,"max_hp_loss":0,"event_name":"Liars Game","floor":13,"gold_loss":0,"cards_obtained":["Doubt"]}],"is_beta":false,"boss_relics":[],"items_purged_floors":[3],"is_endless":false,"potions_floor_spawned":[4,6,12,14],"killed_by":"Hexaghost","ascension_level":0}}