{"host":"iy58fyt9wsbv4cf1","time":1609127882,"event":{"mods":["BaseMod","Better Altar","Better Match","Better Skull","Better Third Choice","BetterRewards","Conspire","Custom Start","Defuse TimeMaze Blight","Hubris","Infinite Spire","Minty Spire (QoL Compilation)","Permanent Neow","Quick Restart","Spicy Shops","StSLib"],"gold_per_floor":[110,110,40,40,53,82,100,115,115,115,15,15,35,50,50,50,50],"floor_reached":16,"playtime":335,"items_purged":["Defend_R","Defend_R"],"score":102,"play_id":"a7826282-1577-41b2-a2e2-28e29f454ff7","local_time":"20201227225802","is_ascension_mode":false,"campfire_choices":[{"data":"Bash","floor":10.0,"key":"SMITH"},{"data":"Double Tap","floor":15.0,"key":"SMITH"}],"circlet_count":0,"master_deck":["Strike_R","Strike_R","Strike_R","Strike_R","Strike_R","Defend_R","Defend_R","Bash+1","Dropkick+1","Double Tap+1","Shrug It Off","Battle Trance"],"relics":["Burning Blood","PreservedInsect","Lee\u0027s Waffle","hubris:Icosahedron","Anchor","Omamori"],"acts_visited":["Exordium"],"potions_floor_usage":[16],"damage_taken":[{"damage":5.0,"enemies":"2 Louse","floor":1.0,"turns":2.0},{"damage":0.0,"enemies":"Small Slimes","floor":5.0,"turns":2.0},{"damage":18.0,"enemies":"Gremlin Nob","floor":6.0,"turns":3.0},{"damage":1.0,"enemies":"Jaw Worm","floor":7.0,"turns":2.0},{"damage":9.0,"enemies":"Blue Slaver","floor":8.0,"turns":3.0},{"damage":21.0,"enemies":"Exordium Wildlife","floor":13.0,"turns":5.0},{"damage":5.0,"enemies":"2 Fungi Beasts","floor":14.0,"turns":3.0},{"damage":64,"enemies":"The Guardian","floor":16,"turns":7}],"seed_played":"8721734490130714890","potions_obtained":[{"floor":7.0,"key":"ColorlessPotion"}],"is_trial":false,"path_per_floor":["M","?","$","?","M","E","M","M","T","R","$","T","M","M","R","B"],"character_chosen":"IRONCLAD","items_purchased":["Dropkick","Double Tap","Shrug It Off","PreservedInsect","Lee\u0027s Waffle","Battle Trance"],"campfire_rested":0,"item_purchase_floors":[0,0,0,0,0,3],"current_hp_per_floor":[87,87,87,87,87,75,80,77,77,77,77,77,62,63,63,0,0],"gold":50,"neow_bonus":"","is_daily":false,"chose_seed":false,"campfire_upgraded":2,"win_rate":0.0,"timestamp":1609127882,"path_taken":["M","?","$","?","M","E","M","M","T","R","?","?","?","M","R","BOSS"],"items_purchased_type":["Card","Card","Card","Relic","Relic","Card"],"build_version":"2020-12-22","purchased_purges":2,"victory":false,"max_hp_per_floor":[87,87,87,87,87,87,87,87,87,87,87,87,87,87,87,87,87],"card_choices":[{"not_picked":["Metallicize","Armaments","Burning Pact"],"picked":"SKIP","floor":1.0},{"not_picked":["Clothesline","Sword Boomerang","Searing Blow"],"picked":"SKIP","floor":5.0},{"not_picked":["Iron Wave","hubris:ReadiedAction","Flex"],"picked":"SKIP","floor":6.0},{"not_picked":["Warcry","Shrug It Off","Iron Wave"],"picked":"SKIP","floor":7.0},{"not_picked":["hubris:SharpeningStone","Perfected Strike","True Grit"],"picked":"SKIP","floor":8.0},{"not_picked":["Sever Soul","Dark Embrace","Fire Breathing"],"picked":"SKIP","floor":13.0},{"not_picked":["Disarm","hubris:StunningStrike","Body Slam"],"picked":"SKIP","floor":14.0}],"player_experience":34650,"relics_obtained":[{"floor":6.0,"key":"Anchor"},{"floor":9.0,"key":"Omamori"}],"event_choices":[],"is_beta":false,"boss_relics":[],"items_purged_floors":[0,11],"is_endless":false,"potions_floor_spawned":[7],"killed_by":"The Guardian","ascension_level":0}}