{"host":"wy5pcbg592uilh9l","time":1609194068,"event":{"mods":["AchievementEnabler","BaseMod","BetterRewards","Hubris","Infinite Spire","Minty Spire (QoL Compilation)","Permanent Neow","Replay The Spire","StSLib","The Servant 0.9.4"],"gold_per_floor":[112,124,135,152,169,169,204,204,204,204,204,229,229,229,229,229,229],"floor_reached":16,"playtime":1391,"items_purged":[],"score":116,"play_id":"69d8e99b-bb45-4560-ba34-4f0f45249931","local_time":"20201228162108","is_ascension_mode":true,"campfire_choices":[{"data":"ReplayTheSpireMod:Strike From Hell","floor":6,"key":"SMITH"},{"floor":8,"key":"REST"},{"floor":15,"key":"REST"}],"circlet_count":0,"master_deck":["Strike_R","Strike_R","Strike_R","Strike_R","Strike_R","Defend_R","Defend_R","Defend_R","Defend_R","Bash","ReplayTheSpireMod:Strike From Hell+1","ReplayTheSpireMod:Muscle Training","Headbutt","Pommel Strike","Whirlwind","Spot Weakness","Demonic Infusion","Regret","Pot Of Greed","Pot Of Greed","Thunderclap","Amnesia"],"relics":["Burning Blood","Akabeko","Bronze Scales","ReplayTheSpireMod:Spearhead","hubris:Towel","Grinning Jar","ReplayTheSpireMod:Ring of Collecting","hubris:Icosahedron"],"acts_visited":["Exordium"],"potions_floor_usage":[5,7,12],"damage_taken":[{"damage":0,"enemies":"Small Slimes","floor":1,"turns":3},{"damage":1,"enemies":"2 Louse","floor":2,"turns":3},{"damage":2,"enemies":"Cultist","floor":3,"turns":4},{"damage":2,"enemies":"Large Slime","floor":4,"turns":4},{"damage":8,"enemies":"Blue Slaver","floor":5,"turns":2},{"damage":20,"enemies":"3 Sentries","floor":7,"turns":4},{"damage":22,"enemies":"Gremlin Nob","floor":12,"turns":4},{"damage":84,"enemies":"The Guardian","floor":16,"turns":11}],"seed_played":"-6262183926930943991","potions_obtained":[{"floor":3,"key":"BlessingOfTheForge"},{"floor":4,"key":"BlessingOfTheForge"},{"floor":7,"key":"HeartOfIron"}],"is_trial":false,"path_per_floor":["M","M","M","M","M","R","E","R","T","?","?","E","?","?","R","B"],"character_chosen":"IRONCLAD","items_purchased":[],"campfire_rested":2,"item_purchase_floors":[],"current_hp_per_floor":[80,80,80,80,78,78,64,80,80,80,80,64,64,64,80,0,0],"gold":229,"neow_bonus":"","is_daily":false,"chose_seed":false,"campfire_upgraded":1,"win_rate":0.0,"timestamp":1609194068,"path_taken":["M","M","M","M","M","R","E","R","T","?","?","E","?","?","R","BOSS"],"items_purchased_type":[],"build_version":"2020-12-22","purchased_purges":0,"victory":false,"max_hp_per_floor":[80,80,80,80,80,80,80,80,80,80,80,80,80,80,80,80,80],"card_choices":[{"not_picked":["Headbutt","Feel No Pain"],"picked":"ReplayTheSpireMod:Muscle Training","floor":1},{"not_picked":["ReplayReversal","Body Slam"],"picked":"Headbutt","floor":2},{"not_picked":["Cleave","Abandon"],"picked":"Pommel Strike","floor":3},{"not_picked":["Heavy Blade","Cleave"],"picked":"Whirlwind","floor":4},{"not_picked":["Massacre","Clash"],"picked":"Spot Weakness","floor":5},{"not_picked":["Evolve","Headbutt"],"picked":"Demonic Infusion","floor":7},{"not_picked":["Perfected Strike","hubris:ReadiedAction"],"picked":"Thunderclap","floor":12}],"player_experience":171571,"relics_obtained":[{"floor":7,"key":"Akabeko"},{"floor":9,"key":"Bronze Scales"},{"floor":12,"key":"Grinning Jar"},{"floor":13,"key":"ReplayTheSpireMod:Ring of Collecting"}],"event_choices":[{"damage_healed":0,"gold_gain":0,"player_choice":"Box","damage_taken":0,"relics_obtained":["ReplayTheSpireMod:Spearhead"],"max_hp_gain":0,"max_hp_loss":0,"event_name":"Big Fish","floor":10,"gold_loss":0,"cards_obtained":["Regret"]}],"is_beta":false,"boss_relics":[],"items_purged_floors":[],"is_endless":false,"potions_floor_spawned":[3,4,7],"killed_by":"The Guardian","ascension_level":1}}