{"host":"qc268ltokmxwqyrx","time":1609145617,"event":{"mods":["BaseMod","Colored Map","Colored Powertips","Minty Spire (QoL Compilation)","Relic Stats","Slay the Relics Exporter","StSLib"],"gold_per_floor":[112,112,125,145,162,162,176,208,208,208,218,218,229,256,256,334,334,344,5,18,31,49,49,79,79,79,95,109,24,55,73,73,146,146,162,0,14,26,37,64,14,14,14],"floor_reached":42,"playtime":4549,"items_purged":["Strike_B"],"score":1022,"play_id":"af7e0c02-a520-4234-9427-2ed5b1785157","local_time":"20201228025337","is_ascension_mode":true,"campfire_choices":[{"data":"Defragment","floor":6,"key":"SMITH"},{"floor":12,"key":"REST"},{"data":"Defragment","floor":15,"key":"SMITH"},{"floor":23,"key":"REST"},{"floor":25,"key":"RECALL"},{"floor":32,"key":"REST"}],"circlet_count":0,"master_deck":["AscendersBane","Strike_B","Strike_B","Strike_B","Defend_B","Defend_B","Defend_B","Defend_B","Zap","Dualcast","Defragment+1","Defragment+1","Auto Shields","Cold Snap","Genetic Algorithm","Self Repair","Core Surge","Undo","Rainbow","Recycle","Coolheaded","Static Discharge","Sweeping Beam","Heatsinks+1","Multi-Cast","Rebound","Heatsinks+1","Defragment","Buffer","CurseOfTheBell","Hologram+1","Double Energy"],"relics":["Cracked Core","Nunchaku","WarpedTongs","Regal Pillow","Smiling Mask","Blood Vial","Fusion Hammer","Mummified Hand","Blue Candle","Mercury Hourglass","Pantograph","Unceasing Top","Calling Bell","Dream Catcher","Gremlin Horn","Turnip","Frozen Eye","Frozen Egg 2"],"acts_visited":["Exordium","TheCity","TheBeyond"],"potions_floor_usage":[4,7,8,18,24,24,37,38,39,40],"damage_taken":[{"damage":1,"enemies":"2 Louse","floor":1,"turns":3},{"damage":10,"enemies":"Cultist","floor":3,"turns":4},{"damage":10,"enemies":"Small Slimes","floor":4,"turns":3},{"damage":11,"enemies":"Blue Slaver","floor":5,"turns":5},{"damage":0,"enemies":"Lots of Slimes","floor":7,"turns":3},{"damage":9,"enemies":"3 Sentries","floor":8,"turns":2},{"damage":0,"enemies":"Looter","floor":11,"turns":2},{"damage":9,"enemies":"Blue Slaver","floor":13,"turns":5},{"damage":22,"enemies":"Gremlin Nob","floor":14,"turns":4},{"damage":13,"enemies":"Slime Boss","floor":16,"turns":10},{"damage":21,"enemies":"2 Thieves","floor":18,"turns":5},{"damage":5,"enemies":"Spheric Guardian","floor":20,"turns":6},{"damage":24,"enemies":"Snake Plant","floor":21,"turns":2},{"damage":9,"enemies":"Centurion and Healer","floor":22,"turns":7},{"damage":13,"enemies":"Slavers","floor":24,"turns":3},{"damage":2,"enemies":"3 Cultists","floor":27,"turns":5},{"damage":11,"enemies":"Snecko","floor":28,"turns":6},{"damage":14,"enemies":"Book of Stabbing","floor":30,"turns":5},{"damage":18,"enemies":"Shelled Parasite and Fungi","floor":31,"turns":6},{"damage":38,"enemies":"Champ","floor":33,"turns":13},{"damage":8,"enemies":"3 Shapes","floor":35,"turns":3},{"damage":12,"enemies":"3 Darklings","floor":37,"turns":6},{"damage":25,"enemies":"Jaw Worm Horde","floor":38,"turns":6},{"damage":23,"enemies":"Writhing Mass","floor":39,"turns":7},{"damage":65,"enemies":"Nemesis","floor":40,"turns":13},{"damage":32,"enemies":"Giant Head","floor":42,"turns":7}],"seed_played":"8007324211581048648","potions_obtained":[{"floor":1,"key":"Fire Potion"},{"floor":4,"key":"PowerPotion"},{"floor":5,"key":"Fire Potion"},{"floor":16,"key":"DuplicationPotion"},{"floor":21,"key":"Explosive Potion"},{"floor":22,"key":"SneckoOil"},{"floor":24,"key":"Fire Potion"},{"floor":27,"key":"Explosive Potion"},{"floor":37,"key":"Regen Potion"},{"floor":38,"key":"PotionOfCapacity"},{"floor":39,"key":"FairyPotion"}],"is_trial":false,"path_per_floor":["M","?","M","M","M","R","M","E","T","?","M","R","M","E","R","B",null,"M","$","M","M","M","R","E","R","T","M","M","?","E","M","R","B",null,"M","$","M","M","M","E","$","E"],"character_chosen":"DEFECT","items_purchased":["Mummified Hand","Coolheaded","Frozen Eye"],"campfire_rested":3,"item_purchase_floors":[19,19,36],"current_hp_per_floor":[63,63,53,43,32,32,32,23,23,16,16,52,53,38,38,34,62,50,50,54,39,39,71,65,65,65,71,67,67,62,53,71,43,64,68,68,65,52,53,28,28,0,0],"gold":14,"neow_bonus":"RANDOM_COMMON_RELIC","is_daily":false,"chose_seed":false,"campfire_upgraded":2,"win_rate":0.0,"timestamp":1609145617,"path_taken":["M","?","M","M","?","R","M","E","T","?","M","R","M","E","R","BOSS","M","$","M","M","M","R","E","R","T","M","M","?","E","M","R","BOSS","M","$","M","M","M","E","$","E"],"items_purchased_type":["Relic","Card","Relic"],"build_version":"2020-12-22","purchased_purges":1,"victory":false,"max_hp_per_floor":[71,71,71,71,71,71,71,71,71,71,71,71,71,71,71,71,71,71,71,71,71,71,71,71,71,71,71,71,71,71,71,71,71,71,71,71,71,71,71,71,71,71,71],"relic_stats":{"Regal Pillow":26,"Gremlin Horn":[7,7],"counters":[26,141],"Blue Candle":[4],"Smiling Mask":25,"WarpedTongs":[136],"Mercury Hourglass":[225],"Blood Vial":28,"Nunchaku":[16],"Dream Catcher":0,"Mummified Hand":[97],"Pantograph":0,"Turnip":[0],"obtain_stats":[{"Regal Pillow":8,"Gremlin Horn":34,"Blue Candle":24,"Frozen Egg 2":40,"Smiling Mask":9,"WarpedTongs":2,"Mercury Hourglass":26,"Blood Vial":14,"Calling Bell":34,"Frozen Eye":36,"Nunchaku":0,"Dream Catcher":34,"Mummified Hand":19,"Pantograph":29,"Fusion Hammer":17,"Turnip":34,"Cracked Core":0,"Unceasing Top":30},{"Regal Pillow":6,"Gremlin Horn":20,"Blue Candle":15,"Frozen Egg 2":25,"Smiling Mask":6,"WarpedTongs":1,"Mercury Hourglass":15,"Blood Vial":9,"Calling Bell":20,"Frozen Eye":21,"Nunchaku":0,"Dream Catcher":20,"Mummified Hand":11,"Pantograph":17,"Fusion Hammer":10,"Turnip":20,"Cracked Core":0,"Unceasing Top":18},{"Regal Pillow":20,"Gremlin Horn":99,"Blue Candle":64,"Frozen Egg 2":134,"Smiling Mask":20,"WarpedTongs":3,"Mercury Hourglass":64,"Blood Vial":31,"Calling Bell":99,"Frozen Eye":102,"Nunchaku":0,"Dream Catcher":99,"Mummified Hand":46,"Pantograph":75,"Fusion Hammer":41,"Turnip":99,"Cracked Core":0,"Unceasing Top":80}],"Unceasing Top":[10]},"card_choices":[{"not_picked":["Static Discharge","Scrape"],"picked":"Defragment","floor":1},{"not_picked":["Coolheaded","Steam Power"],"picked":"Defragment","floor":3},{"not_picked":["Stack","Beam Cell"],"picked":"Auto Shields","floor":4},{"not_picked":["Scrape","Gash"],"picked":"Cold Snap","floor":5},{"not_picked":["Skim","Steam"],"picked":"Genetic Algorithm","floor":7},{"not_picked":["Beam Cell","Sweeping Beam"],"picked":"Self Repair","floor":8},{"not_picked":["Barrage","Beam Cell","Turbo"],"picked":"SKIP","floor":11},{"not_picked":["Barrage","Go for the Eyes"],"picked":"Core Surge","floor":13},{"not_picked":["Blizzard","Beam Cell"],"picked":"Undo","floor":14},{"not_picked":["All For One","Meteor Strike"],"picked":"Rainbow","floor":16},{"not_picked":["Stack","Rip and Tear"],"picked":"Recycle","floor":18},{"not_picked":["FTL","Coolheaded"],"picked":"Static Discharge","floor":20},{"not_picked":["Rebound","Leap"],"picked":"Sweeping Beam","floor":21},{"not_picked":["Self Repair","Turbo"],"picked":"Heatsinks+1","floor":22},{"not_picked":["Leap+1","Cold Snap"],"picked":"Multi-Cast","floor":24},{"not_picked":["Rebound","Tempest","Go for the Eyes"],"picked":"SKIP","floor":27},{"not_picked":["Tempest","Go for the Eyes"],"picked":"Rebound","floor":27},{"not_picked":["Hologram","Storm"],"picked":"Heatsinks+1","floor":28},{"not_picked":["Chill","BootSequence","Gash"],"picked":"SKIP","floor":30},{"not_picked":["Coolheaded","Scrape"],"picked":"Defragment","floor":31},{"not_picked":["Electrodynamics","Seek"],"picked":"Buffer","floor":33},{"not_picked":["Barrage","Double Energy"],"picked":"Hologram+1","floor":35},{"not_picked":["BootSequence","Leap","Fusion"],"picked":"SKIP","floor":37},{"not_picked":["Force Field+1","Compile Driver"],"picked":"Double Energy","floor":38},{"not_picked":["Beam Cell","Coolheaded","Genetic Algorithm"],"picked":"SKIP","floor":39},{"not_picked":["Skim","Coolheaded","Hologram+1"],"picked":"SKIP","floor":40},{"not_picked":["Skim","Coolheaded","Hologram+1"],"picked":"SKIP","floor":40}],"player_experience":1725582,"relics_obtained":[{"floor":8,"key":"Regal Pillow"},{"floor":9,"key":"Smiling Mask"},{"floor":14,"key":"Blood Vial"},{"floor":24,"key":"Blue Candle"},{"floor":26,"key":"Mercury Hourglass"},{"floor":30,"key":"Unceasing Top"},{"floor":34,"key":"Dream Catcher"},{"floor":34,"key":"Gremlin Horn"},{"floor":34,"key":"Turnip"},{"floor":40,"key":"Frozen Egg 2"}],"event_choices":[{"damage_healed":0,"gold_gain":0,"player_choice":"Rummage","damage_taken":0,"relics_obtained":["WarpedTongs"],"max_hp_gain":0,"max_hp_loss":0,"event_name":"Accursed Blacksmith","floor":2,"gold_loss":0,"cards_obtained":["Pain"]},{"cards_removed":["Pain"],"damage_healed":0,"gold_gain":0,"player_choice":"Card Removal","damage_taken":7,"max_hp_gain":0,"max_hp_loss":0,"event_name":"Golden Wing","floor":10,"gold_loss":0},{"damage_healed":0,"gold_gain":0,"player_choice":"Obtained Relic","damage_taken":0,"relics_obtained":["Pantograph"],"max_hp_gain":0,"max_hp_loss":0,"event_name":"Addict","floor":29,"gold_loss":85}],"is_beta":false,"boss_relics":[{"not_picked":["Astrolabe","Pandora\u0027s Box"],"picked":"Fusion Hammer"},{"not_picked":["Nuclear Battery","SacredBark"],"picked":"Calling Bell"}],"items_purged_floors":[41],"is_endless":false,"potions_floor_spawned":[1,4,5,16,21,22,24,27,31,37,38,39],"killed_by":"Giant Head","ascension_level":20}}