{"host":"hgkb2zpbo2dcws21","time":1609161876,"event":{"mods":["AchievementEnabler","BaseMod","Colored Map","Colored Powertips","Custom Start","DeckTracker","KOR Keyword Fix","Minty Spire (QoL Compilation)","Relic Stats","StSLib","SuperFastMode"],"gold_per_floor":[111,111,111,36,50,77,77,110,110,110,120,145,145,202,202,281,281,299,318,127,52,52,52,83,83,158,174,190,190,205,236,236,313,313,328,53,65,65,82,82,109,128,198,198,223,223,234,259,259,259],"floor_reached":51,"playtime":2290,"items_purged":["Strike_P","Strike_P","Shame"],"score":1690,"play_id":"879f1f34-7df7-43bc-b1b6-80cc5fdb7021","local_time":"20201228222436","is_ascension_mode":true,"campfire_choices":[{"data":"Eruption","floor":10.0,"key":"SMITH"},{"floor":13.0,"key":"REST"},{"data":"Adaptation","floor":15.0,"key":"SMITH"},{"data":"Vault","floor":23.0,"key":"SMITH"},{"data":"Deep Breath","floor":29.0,"key":"SMITH"},{"data":"MentalFortress","floor":32.0,"key":"SMITH"},{"data":"Vault","floor":40,"key":"SMITH"},{"data":"Madness","floor":46,"key":"SMITH"},{"data":"LikeWater","floor":49,"key":"SMITH"}],"circlet_count":0,"master_deck":["AscendersBane","Strike_P","Defend_P","Eruption+1","Vigilance","MentalFortress+1","LikeWater+1","Adaptation+1","MentalFortress+1","Vault+1","Deep Breath+1","InnerPeace+1","Adaptation+1","Vault+1","Fasting2+1","Finesse","Madness+1"],"relics":["PureWater","NeowsBlessing","Lizard Tail","InkBottle","Mercury Hourglass","Frozen Egg 2","CloakClasp","Empty Cage","Bronze Scales","Oddly Smooth Stone","Gremlin Horn","Ginger","Philosopher\u0027s Stone","Membership Card","Strawberry","Singing Bowl","FossilizedHelix","Nunchaku"],"acts_visited":["Exordium","TheCity","TheBeyond"],"potions_floor_usage":[50],"damage_taken":[{"damage":0.0,"enemies":"Small Slimes","floor":1.0,"turns":1.0},{"damage":0.0,"enemies":"Jaw Worm","floor":5.0,"turns":1.0},{"damage":0.0,"enemies":"Lagavulin","floor":6.0,"turns":2.0},{"damage":32.0,"enemies":"Gremlin Nob","floor":8.0,"turns":4.0},{"damage":3.0,"enemies":"2 Louse","floor":11.0,"turns":2.0},{"damage":16.0,"enemies":"3 Sentries","floor":12.0,"turns":7.0},{"damage":12.0,"enemies":"3 Sentries","floor":14.0,"turns":9.0},{"damage":0.0,"enemies":"Slime Boss","floor":16.0,"turns":8.0},{"damage":0.0,"enemies":"3 Byrds","floor":18.0,"turns":5.0},{"damage":0.0,"enemies":"Chosen","floor":19.0,"turns":7.0},{"damage":31.0,"enemies":"Slavers","floor":24.0,"turns":7.0},{"damage":0.0,"enemies":"Snecko","floor":27.0,"turns":7.0},{"damage":0.0,"enemies":"Centurion and Healer","floor":28.0,"turns":4.0},{"damage":0.0,"enemies":"3 Cultists","floor":30.0,"turns":3.0},{"damage":1.0,"enemies":"Book of Stabbing","floor":31.0,"turns":3.0},{"damage":0.0,"enemies":"Automaton","floor":33.0,"turns":3.0},{"damage":0.0,"enemies":"3 Darklings","floor":35.0,"turns":2.0},{"damage":0.0,"enemies":"Orb Walker","floor":37.0,"turns":4.0},{"damage":15.0,"enemies":"Transient","floor":39.0,"turns":7.0},{"damage":0,"enemies":"Giant Head","floor":41,"turns":3},{"damage":0,"enemies":"Spire Growth","floor":42,"turns":5},{"damage":0,"enemies":"Mind Bloom Boss Battle","floor":45,"turns":3},{"damage":0,"enemies":"Writhing Mass","floor":47,"turns":5},{"damage":0,"enemies":"Nemesis","floor":48,"turns":5},{"damage":22,"enemies":"Time Eater","floor":50,"turns":10}],"seed_played":"5069332137347072153","potions_obtained":[{"floor":6.0,"key":"FearPotion"},{"floor":8.0,"key":"SpeedPotion"},{"floor":19.0,"key":"Ancient Potion"},{"floor":39,"key":"Block Potion"}],"is_trial":false,"path_per_floor":["M","?","?","$","M","E","$","E","T","R","M","E","R","?","R","B",null,"M","M","$","?","?","R","E","$","T","M","M","R","M","E","R","B",null,"M","$","M","?","M","R","E","M","T","?","?","R","M","E","R","B",null],"character_chosen":"WATCHER","items_purchased":["Deep Breath","Membership Card","Fasting2+1"],"campfire_rested":1,"item_purchase_floors":[20,36,36],"current_hp_per_floor":[61,66,59,59,59,59,59,27,27,27,24,8,29,17,17,17,59,59,59,59,59,59,59,28,28,28,28,28,28,28,27,27,27,62,62,62,62,52,37,37,44,44,44,44,46,46,48,50,50,28],"gold":259,"neow_bonus":"THREE_ENEMY_KILL","is_daily":false,"chose_seed":false,"campfire_upgraded":8,"win_rate":0.0,"timestamp":1609161876,"path_taken":["M","?","?","?","M","E","$","E","T","R","M","E","R","?","R","BOSS","M","M","$","?","?","R","E","$","T","M","M","R","M","E","R","BOSS","M","$","M","?","M","R","E","M","T","?","?","R","M","E","R","BOSS"],"items_purchased_type":["Card","Relic","Card"],"build_version":"2020-12-22","purchased_purges":3,"victory":true,"max_hp_per_floor":[68,73,73,73,73,73,73,73,73,73,73,73,73,73,73,73,73,73,73,73,73,73,73,73,73,73,73,73,73,73,73,73,73,73,73,73,73,73,73,73,80,80,80,80,82,82,84,86,86,86],"relic_stats":{"Lizard Tail":0,"Nunchaku":[4],"Gremlin Horn":[7,7],"Singing Bowl":6,"counters":[25,117],"Bronze Scales":[153],"CloakClasp":[321],"Ginger":[4],"obtain_stats":[{"NeowsBlessing":0,"Gremlin Horn":26,"Singing Bowl":43,"Oddly Smooth Stone":24,"CloakClasp":14,"Ginger":31,"Frozen Egg 2":12,"Empty Cage":17,"Mercury Hourglass":9,"Lizard Tail":6,"Nunchaku":48,"Bronze Scales":22,"Strawberry":41,"Philosopher\u0027s Stone":34,"Membership Card":36,"PureWater":0,"InkBottle":8,"FossilizedHelix":45},{"NeowsBlessing":0,"Gremlin Horn":11,"Singing Bowl":21,"Oddly Smooth Stone":11,"CloakClasp":7,"Ginger":15,"Frozen Egg 2":6,"Empty Cage":8,"Mercury Hourglass":4,"Lizard Tail":3,"Nunchaku":24,"Bronze Scales":10,"Strawberry":20,"Philosopher\u0027s Stone":16,"Membership Card":17,"PureWater":0,"InkBottle":4,"FossilizedHelix":22},{"NeowsBlessing":0,"Gremlin Horn":53,"Singing Bowl":94,"Oddly Smooth Stone":53,"CloakClasp":26,"Ginger":70,"Frozen Egg 2":17,"Empty Cage":34,"Mercury Hourglass":8,"Lizard Tail":4,"Nunchaku":107,"Bronze Scales":46,"Strawberry":89,"Philosopher\u0027s Stone":73,"Membership Card":75,"PureWater":0,"InkBottle":8,"FossilizedHelix":97}],"InkBottle":[61],"Mercury Hourglass":[505]},"card_choices":[{"not_picked":["Evaluate","Conclude"],"picked":"MentalFortress","floor":1.0},{"not_picked":["DeceiveReality","Wireheading","JustLucky"],"picked":"SKIP","floor":5.0},{"not_picked":["BattleHymn","Weave"],"picked":"LikeWater","floor":6.0},{"not_picked":["Perseverance","Swivel","DeceiveReality"],"picked":"SKIP","floor":8.0},{"not_picked":["JustLucky","Indignation"],"picked":"Adaptation","floor":11.0},{"not_picked":["PathToVictory","Prostrate","Wireheading+1"],"picked":"SKIP","floor":12.0},{"not_picked":["EmptyBody","Vengeance"],"picked":"MentalFortress+1","floor":14.0},{"not_picked":["DevaForm+1","Blasphemy"],"picked":"Vault","floor":16.0},{"not_picked":["WheelKick","FlyingSleeves","SashWhip"],"picked":"SKIP","floor":18.0},{"not_picked":["PathToVictory","FlyingSleeves","MentalFortress+1"],"picked":"SKIP","floor":19.0},{"not_picked":["ReachHeaven+1","Nirvana+1","ThirdEye"],"picked":"SKIP","floor":24.0},{"not_picked":["FlurryOfBlows","JustLucky+1"],"picked":"InnerPeace+1","floor":27.0},{"not_picked":["Crescendo","Pray","SignatureMove"],"picked":"SKIP","floor":28.0},{"not_picked":["CrushJoints","TalkToTheHand"],"picked":"Adaptation+1","floor":30.0},{"not_picked":["DeusExMachina","CutThroughFate","Prostrate"],"picked":"SKIP","floor":31.0},{"not_picked":["Establishment+1","MasterReality+1"],"picked":"Vault","floor":33.0},{"not_picked":["Halt","Collect+1","TalkToTheHand"],"picked":"SKIP","floor":35.0},{"not_picked":["CutThroughFate","JustLucky"],"picked":"Wallop","floor":37.0},{"not_picked":["Deep Breath","Discovery"],"picked":"Finesse","floor":38.0},{"not_picked":["Enlightenment","Secret Weapon"],"picked":"Madness","floor":38.0},{"not_picked":["Prostrate+1","FlyingSleeves+1","BowlingBash"],"picked":"SKIP","floor":39},{"not_picked":["Wish","FlyingSleeves","Sanctity"],"picked":"SKIP","floor":41},{"not_picked":["Consecrate+1","Wireheading+1","JustLucky+1"],"picked":"SKIP","floor":42},{"not_picked":["BattleHymn+1","Evaluate","CrushJoints+1"],"picked":"Singing Bowl","floor":45},{"not_picked":["EmptyFist","Halt+1","FlurryOfBlows+1"],"picked":"Singing Bowl","floor":47},{"not_picked":["FollowUp","Wish","Nirvana+1"],"picked":"Singing Bowl","floor":48}],"player_experience":1114533,"relics_obtained":[{"floor":6.0,"key":"Lizard Tail"},{"floor":8.0,"key":"InkBottle"},{"floor":9.0,"key":"Mercury Hourglass"},{"floor":12.0,"key":"Frozen Egg 2"},{"floor":14.0,"key":"CloakClasp"},{"floor":24.0,"key":"Oddly Smooth Stone"},{"floor":26.0,"key":"Gremlin Horn"},{"floor":31.0,"key":"Ginger"},{"floor":41,"key":"Strawberry"},{"floor":43,"key":"Singing Bowl"},{"floor":45,"key":"FossilizedHelix"},{"floor":48,"key":"Nunchaku"}],"event_choices":[{"damage_healed":0.0,"max_hp_gain":5.0,"max_hp_loss":0.0,"gold_gain":0.0,"event_name":"Big Fish","player_choice":"Donut","floor":2.0,"gold_loss":0.0,"damage_taken":0.0},{"cards_removed":["Defend_P"],"damage_healed":0.0,"max_hp_gain":0.0,"max_hp_loss":0.0,"gold_gain":0.0,"event_name":"Golden Wing","player_choice":"Card Removal","floor":3.0,"gold_loss":0.0,"damage_taken":7.0},{"damage_healed":0.0,"max_hp_gain":0.0,"max_hp_loss":0.0,"gold_gain":30.0,"event_name":"Dead Adventurer","player_choice":"Searched \u00273\u0027 times","floor":14.0,"gold_loss":0.0,"damage_taken":0.0},{"cards_removed":["Defend_P"],"damage_healed":0.0,"max_hp_gain":0.0,"max_hp_loss":0.0,"gold_gain":0.0,"event_name":"Beggar","player_choice":"Gave Gold","floor":21.0,"gold_loss":75.0,"damage_taken":0.0},{"damage_healed":0.0,"max_hp_gain":0.0,"max_hp_loss":0.0,"gold_gain":0.0,"event_name":"Addict","player_choice":"Stole Relic","floor":22.0,"gold_loss":0.0,"damage_taken":0.0,"relics_obtained":["Bronze Scales"],"cards_obtained":["Shame"]},{"damage_healed":0.0,"max_hp_gain":0.0,"max_hp_loss":0.0,"gold_gain":0.0,"event_name":"SensoryStone","player_choice":"Memory 3","floor":38.0,"gold_loss":0.0,"damage_taken":10.0},{"cards_removed":["Wallop"],"damage_healed":0,"gold_gain":0,"player_choice":"Removed Attack","damage_taken":0,"max_hp_gain":0,"max_hp_loss":0,"event_name":"Falling","floor":44,"gold_loss":0},{"damage_healed":0,"gold_gain":0,"player_choice":"Fight","damage_taken":0,"max_hp_gain":0,"max_hp_loss":0,"event_name":"MindBloom","floor":45,"gold_loss":0}],"is_beta":false,"boss_relics":[{"not_picked":["Pandora\u0027s Box","SacredBark"],"picked":"Empty Cage"},{"not_picked":["SlaversCollar","HolyWater"],"picked":"Philosopher\u0027s Stone"}],"items_purged_floors":[4,20,36],"is_endless":false,"potions_floor_spawned":[6,8,12,14,19,27,35,39,41,45],"ascension_level":16}}