{"host":"1mv6gj0zv8k9e9tz","time":1609180135,"event":{"mods":["AchievementEnabler","BaseMod","Better Third Choice","Colored Map","KOR Keyword Fix","Minty Spire (QoL Compilation)","Permanent Neow","Rare Cards Sparkle","StSLib"],"gold_per_floor":[119,130,90,104,104,136,136,156,156,191,203,241,253,205,205,306,306,318,335,353,268,188,216,230,261,261,295,295,295,13,13,13,114,114,132,148,198,123,142,142,174,174,174,190,207,126,126,126,126],"floor_reached":48,"playtime":3138,"items_purged":["Defend_P","Strike_P","Defend_P","Defend_P+1"],"score":725,"play_id":"70b01288-e1c1-441a-a813-d82a03061f50","local_time":"20201229032855","is_ascension_mode":true,"campfire_choices":[{"data":"Eruption","floor":7.0,"key":"SMITH"},{"data":"Adaptation","floor":11.0,"key":"SMITH"},{"data":"MentalFortress","floor":13.0,"key":"SMITH"},{"data":"Vigilance","floor":15.0,"key":"SMITH"},{"floor":28.0,"key":"RECALL"},{"data":"Defend_P","floor":32.0,"key":"SMITH"},{"floor":40.0,"key":"REST"}],"circlet_count":0,"master_deck":["Eruption+1","MentalFortress+1","Adaptation+1"],"relics":["PureWater","InkBottle","The Courier","MawBank","Bag of Preparation","Runic Pyramid","Toy Ornithopter","Ice Cream","Blood Vial","Pear","Dream Catcher","Membership Card","Molten Egg 2","Empty Cage","Turnip"],"acts_visited":["Exordium","TheCity","TheBeyond"],"potions_floor_usage":[48],"damage_taken":[{"damage":2.0,"enemies":"Small Slimes","floor":1.0,"turns":3.0},{"damage":0.0,"enemies":"Cultist","floor":2.0,"turns":2.0},{"damage":0.0,"enemies":"2 Louse","floor":4.0,"turns":2.0},{"damage":10.0,"enemies":"Lagavulin","floor":6.0,"turns":7.0},{"damage":3.0,"enemies":"Blue Slaver","floor":8.0,"turns":4.0},{"damage":10.0,"enemies":"3 Sentries","floor":10.0,"turns":6.0},{"damage":0.0,"enemies":"Lagavulin","floor":12.0,"turns":3.0},{"damage":0.0,"enemies":"The Guardian","floor":16.0,"turns":8.0},{"damage":0.0,"enemies":"Spheric Guardian","floor":18.0,"turns":3.0},{"damage":0.0,"enemies":"Shell Parasite","floor":19.0,"turns":3.0},{"damage":0.0,"enemies":"Chosen and Byrds","floor":20.0,"turns":4.0},{"damage":11.0,"enemies":"Slavers","floor":23.0,"turns":5.0},{"damage":0.0,"enemies":"Cultist and Chosen","floor":24.0,"turns":5.0},{"damage":3.0,"enemies":"Book of Stabbing","floor":25.0,"turns":5.0},{"damage":14.0,"enemies":"Gremlin Leader","floor":27.0,"turns":9.0},{"damage":36.0,"enemies":"Champ","floor":33.0,"turns":15.0},{"damage":0.0,"enemies":"Orb Walker","floor":35.0,"turns":4.0},{"damage":7.0,"enemies":"3 Shapes","floor":36.0,"turns":5.0},{"damage":0.0,"enemies":"Mind Bloom Boss Battle","floor":37.0,"turns":9.0},{"damage":0.0,"enemies":"3 Darklings","floor":39.0,"turns":7.0},{"damage":0.0,"enemies":"Reptomancer","floor":41.0,"turns":10.0},{"damage":4.0,"enemies":"Sphere and 2 Shapes","floor":44.0,"turns":8.0},{"damage":9.0,"enemies":"Jaw Worm Horde","floor":45.0,"turns":6.0},{"damage":0,"enemies":"4 Shapes","floor":48,"turns":1}],"seed_played":"2200091355765322117","potions_obtained":[{"floor":3.0,"key":"LiquidMemories"},{"floor":3.0,"key":"Fire Potion"},{"floor":3.0,"key":"EntropicBrew"},{"floor":4.0,"key":"Fire Potion"},{"floor":6.0,"key":"DuplicationPotion"},{"floor":12.0,"key":"BlessingOfTheForge"},{"floor":16.0,"key":"Explosive Potion"},{"floor":18.0,"key":"Dexterity Potion"},{"floor":24.0,"key":"ColorlessPotion"},{"floor":25.0,"key":"Energy Potion"},{"floor":33.0,"key":"SpeedPotion"},{"floor":37.0,"key":"SteroidPotion"},{"floor":39.0,"key":"Ancient Potion"},{"floor":44.0,"key":"PowerPotion"}],"is_trial":false,"path_per_floor":["M","M","?","M","?","E","R","M","T","E","R","E","R","$","R","B",null,"M","M","M","?","$","E","M","E","T","E","R","?","$","?","R","B",null,"M","M","?","$","M","R","E","?","T","M","M","$","?","M"],"character_chosen":"WATCHER","items_purchased":["Membership Card","Molten Egg 2","SteroidPotion","Fruit Juice","PowerPotion"],"campfire_rested":1,"item_purchase_floors":[30,30,46,46,46],"current_hp_per_floor":[49,49,49,49,49,39,39,36,36,26,26,26,26,26,26,26,72,72,72,72,72,72,61,61,58,68,66,66,50,50,50,50,21,87,87,80,82,82,84,87,87,87,87,83,78,88,88,92,92],"gold":126,"neow_bonus":"REMOVE_TWO","is_daily":false,"chose_seed":false,"campfire_upgraded":5,"win_rate":0.0,"timestamp":1609180135,"path_taken":["M","M","?","?","?","E","R","M","T","E","R","E","R","$","R","BOSS","M","M","M","?","$","E","M","E","T","E","R","?","$","?","R","BOSS","M","M","?","$","M","R","E","?","T","M","M","?","?","M"],"items_purchased_type":["Relic","Relic","Potion","Potion","Potion"],"build_version":"2020-12-22","purchased_purges":4,"victory":false,"max_hp_per_floor":[72,72,72,72,72,72,72,72,72,72,72,72,72,72,72,72,72,72,72,72,72,72,72,72,72,82,82,82,87,87,87,87,87,87,87,87,87,87,87,87,87,87,87,87,87,92,92,92,92],"card_choices":[{"not_picked":["EmptyFist","WaveOfTheHand","CutThroughFate"],"picked":"SKIP","floor":1.0},{"not_picked":["FlyingSleeves","EmptyFist","Prostrate"],"picked":"SKIP","floor":2.0},{"not_picked":["FlyingSleeves","WheelKick"],"picked":"MentalFortress","floor":4.0},{"not_picked":["CarveReality","Vengeance"],"picked":"Adaptation","floor":6.0},{"not_picked":["Protect","FollowUp","Alpha"],"picked":"SKIP","floor":8.0},{"not_picked":["Protect","FollowUp","Alpha"],"picked":"SKIP","floor":8.0},{"not_picked":["EmptyMind","ClearTheMind","Evaluate"],"picked":"SKIP","floor":10.0},{"not_picked":["CarveReality","ForeignInfluence","Alpha"],"picked":"SKIP","floor":12.0},{"not_picked":["CutThroughFate","Protect+1","JustLucky+1"],"picked":"SKIP","floor":18.0},{"not_picked":["ClearTheMind","Pray","Protect"],"picked":"SKIP","floor":19.0},{"not_picked":["SashWhip","Tantrum","Prostrate"],"picked":"SKIP","floor":20.0},{"not_picked":["PathToVictory+1","Brilliance","Nirvana+1"],"picked":"SKIP","floor":23.0},{"not_picked":["Consecrate+1","CutThroughFate","EmptyFist"],"picked":"SKIP","floor":24.0},{"not_picked":["Consecrate","DeceiveReality","EmptyBody"],"picked":"SKIP","floor":25.0},{"not_picked":["Prostrate+1","BattleHymn","Fasting2"],"picked":"SKIP","floor":27.0},{"not_picked":["ThirdEye","EmptyFist+1","PathToVictory+1"],"picked":"SKIP","floor":35.0},{"not_picked":["Consecrate+1","BowlingBash+1","ThirdEye"],"picked":"SKIP","floor":36.0},{"not_picked":["SashWhip+1","CrushJoints+1","SignatureMove+1"],"picked":"SKIP","floor":39.0},{"not_picked":["WreathOfFlame","Devotion","Indignation"],"picked":"SKIP","floor":41.0},{"not_picked":["Halt","JustLucky+1","CutThroughFate+1"],"picked":"SKIP","floor":44.0},{"not_picked":["ThirdEye+1","Adaptation","TalkToTheHand+1"],"picked":"SKIP","floor":45.0}],"player_experience":498918,"relics_obtained":[{"floor":6.0,"key":"InkBottle"},{"floor":9.0,"key":"The Courier"},{"floor":10.0,"key":"MawBank"},{"floor":12.0,"key":"Bag of Preparation"},{"floor":23.0,"key":"Ice Cream"},{"floor":25.0,"key":"Blood Vial"},{"floor":26.0,"key":"Pear"},{"floor":27.0,"key":"Dream Catcher"},{"floor":37.0,"key":"Turnip"}],"event_choices":[{"damage_healed":0.0,"max_hp_gain":0.0,"max_hp_loss":0.0,"gold_gain":0.0,"event_name":"The Woman in Blue","player_choice":"Bought 3 Potions","floor":3.0,"gold_loss":0.0,"damage_taken":0.0},{"damage_healed":0.0,"max_hp_gain":0.0,"max_hp_loss":0.0,"gold_gain":0.0,"event_name":"betterThird:BetterSerpent","player_choice":"Ignored","floor":5.0,"gold_loss":0.0,"damage_taken":104.0},{"damage_healed":0.0,"max_hp_gain":0.0,"max_hp_loss":0.0,"gold_gain":0.0,"event_name":"Addict","player_choice":"Obtained Relic","floor":21.0,"gold_loss":85.0,"damage_taken":0.0,"relics_obtained":["Toy Ornithopter"]},{"damage_healed":0.0,"max_hp_gain":5.0,"max_hp_loss":0.0,"gold_gain":0.0,"event_name":"Forgotten Altar","player_choice":"Shed Blood","floor":29.0,"gold_loss":0.0,"damage_taken":21.0},{"damage_healed":0.0,"max_hp_gain":0.0,"max_hp_loss":0.0,"gold_gain":0.0,"event_name":"The Mausoleum","player_choice":"Ignored","floor":31.0,"gold_loss":0.0,"damage_taken":0.0},{"damage_healed":0.0,"max_hp_gain":0.0,"max_hp_loss":0.0,"gold_gain":0.0,"event_name":"MindBloom","player_choice":"Fight","floor":37.0,"gold_loss":0.0,"damage_taken":0.0},{"damage_healed":0.0,"max_hp_gain":0.0,"max_hp_loss":0.0,"gold_gain":0.0,"event_name":"Tomb of Lord Red Mask","player_choice":"Ignored","floor":42.0,"gold_loss":0.0,"damage_taken":0.0},{"cards_removed":["Vigilance"],"damage_healed":0,"gold_gain":0,"player_choice":"Removed Skill","damage_taken":0,"max_hp_gain":0,"max_hp_loss":0,"event_name":"Falling","floor":47,"gold_loss":0}],"is_beta":false,"boss_relics":[{"not_picked":["Velvet Choker","Cursed Key"],"picked":"Runic Pyramid"},{"not_picked":["Sozu","Fusion Hammer"],"picked":"Empty Cage"}],"items_purged_floors":[14,22,30,38],"is_endless":false,"potions_floor_spawned":[4,6,12,16,18,24,25,33,37,39,44],"killed_by":"4 Shapes","ascension_level":2}}