{"host":"y7sd46uq4xlni546","time":1609180070,"event":{"mods":["AchievementEnabler","BaseMod","Colored Map","Colored Powertips","Curses Come First","Filter the Spire","Minty Spire (QoL Compilation)","Quick Restart","Random Character Button","Rare Cards Sparkle","StSLib"],"gold_per_floor":[110,90,110,128,303,332,332,359,359,382,382,414,429,445,445,540,540,551,551,551,570,570,570,609,609,685,723,747,781,801,821,821,931,931,945,956,965,978,1002,1036,1036,1372,1372,1411,1435,1453,1465,1465,1465,1465],"floor_reached":51,"playtime":3543,"items_purged":[],"score":994,"play_id":"71fe535a-0e50-4b36-ba96-b26654e73d73","local_time":"20201228192750","is_ascension_mode":true,"campfire_choices":[{"data":"Seeing Red","floor":7.0,"key":"SMITH"},{"floor":11.0,"key":"REST"},{"floor":15.0,"key":"REST"},{"floor":23.0,"key":"REST"},{"floor":25.0,"key":"REST"},{"floor":32.0,"key":"REST"},{"floor":41,"key":"REST"},{"floor":49,"key":"REST"}],"circlet_count":0,"master_deck":["Strike_R","Strike_R","Strike_R","Strike_R","Defend_R","Defend_R","Defend_R","Defend_R","Bash","Seeing Red+1","Flex+1","Flame Barrier","Doubt","Clothesline","Thunderclap","Thunderclap","Spot Weakness","Cleave","Reaper","Clash","Reaper","Cleave+1","Sentinel+1","Heavy Blade","Spot Weakness+1","Metallicize+1","Heavy Blade","Double Tap+1","Wild Strike","Iron Wave+1","Double Tap","Shrug It Off+1","Demon Form","Armaments+1","Madness","Madness"],"relics":["Black Star","Meat on the Bone","Darkstone Periapt","Oddly Smooth Stone","Ancient Tea Set","Bottled Lightning","Akabeko","StrikeDummy","FossilizedHelix","Fusion Hammer","MutagenicStrength","CeramicFish","Centennial Puzzle","Singing Bowl","Bag of Marbles","Orichalcum","Self Forming Clay","CaptainsWheel","SlaversCollar","Anchor","Thread and Needle","Pear","Old Coin","Molten Egg 2","War Paint","Ginger","Pantograph"],"acts_visited":["Exordium","TheCity","TheBeyond"],"potions_floor_usage":[39,50,50,50],"damage_taken":[{"damage":2.0,"enemies":"Jaw Worm","floor":1.0,"turns":3.0},{"damage":1.0,"enemies":"Cultist","floor":3.0,"turns":4.0},{"damage":6.0,"enemies":"2 Louse","floor":4.0,"turns":3.0},{"damage":9.0,"enemies":"Lagavulin","floor":6.0,"turns":5.0},{"damage":36.0,"enemies":"3 Sentries","floor":8.0,"turns":10.0},{"damage":7.0,"enemies":"Gremlin Nob","floor":12.0,"turns":6.0},{"damage":0.0,"enemies":"Blue Slaver","floor":13.0,"turns":2.0},{"damage":0.0,"enemies":"Red Slaver","floor":14.0,"turns":2.0},{"damage":61.0,"enemies":"Hexaghost","floor":16.0,"turns":10.0},{"damage":10.0,"enemies":"2 Thieves","floor":18.0,"turns":4.0},{"damage":30.0,"enemies":"3 Byrds","floor":21.0,"turns":5.0},{"damage":33.0,"enemies":"Slavers","floor":24.0,"turns":4.0},{"damage":52.0,"enemies":"Gremlin Leader","floor":27.0,"turns":7.0},{"damage":33.0,"enemies":"Shelled Parasite and Fungi","floor":28.0,"turns":6.0},{"damage":21.0,"enemies":"Book of Stabbing","floor":29.0,"turns":4.0},{"damage":16.0,"enemies":"Snake Plant","floor":30.0,"turns":4.0},{"damage":0.0,"enemies":"Snecko","floor":31.0,"turns":3.0},{"damage":69.0,"enemies":"Automaton","floor":33.0,"turns":11.0},{"damage":0.0,"enemies":"3 Darklings","floor":35.0,"turns":3.0},{"damage":0.0,"enemies":"3 Shapes","floor":36.0,"turns":2.0},{"damage":0.0,"enemies":"Spire Growth","floor":38.0,"turns":4.0},{"damage":0,"enemies":"Transient","floor":39,"turns":5},{"damage":57,"enemies":"Nemesis","floor":40,"turns":7},{"damage":60,"enemies":"Reptomancer","floor":42,"turns":4},{"damage":53,"enemies":"Giant Head","floor":44,"turns":9},{"damage":0,"enemies":"Jaw Worm Horde","floor":45,"turns":6},{"damage":2,"enemies":"4 Shapes","floor":47,"turns":4},{"damage":62,"enemies":"Time Eater","floor":50,"turns":10}],"seed_played":"8707807462875666488","potions_obtained":[{"floor":1.0,"key":"HeartOfIron"},{"floor":2.0,"key":"FearPotion"},{"floor":4.0,"key":"SteroidPotion"},{"floor":6.0,"key":"SteroidPotion"},{"floor":12.0,"key":"LiquidMemories"},{"floor":14.0,"key":"ElixirPotion"},{"floor":16.0,"key":"Block Potion"},{"floor":24.0,"key":"LiquidBronze"},{"floor":28.0,"key":"Dexterity Potion"},{"floor":33.0,"key":"ColorlessPotion"},{"floor":35.0,"key":"Fire Potion"},{"floor":44,"key":"Strength Potion"},{"floor":45,"key":"PowerPotion"},{"floor":47,"key":"ColorlessPotion"}],"is_trial":false,"path_per_floor":["M","?","M","M","?","E","R","E","T","T","R","E","M","M","R","B",null,"M","?","?","M","?","R","E","R","T","E","M","E","M","M","R","B",null,"M","M","?","M","M","E","R","E","T","E","M","?","M","T","R","B",null],"character_chosen":"IRONCLAD","items_purchased":[],"campfire_rested":7,"item_purchase_floors":[],"current_hp_per_floor":[78,78,77,71,71,62,62,38,38,38,62,55,55,55,79,30,80,76,76,76,73,65,80,67,80,80,61,41,46,48,61,82,31,82,84,86,86,88,88,49,75,70,70,37,57,45,61,61,91,50],"gold":1465,"neow_bonus":"BOSS_RELIC","is_daily":false,"chose_seed":false,"campfire_upgraded":1,"win_rate":0.0,"timestamp":1609180070,"path_taken":["M","?","?","M","?","E","R","E","T","?","R","E","?","M","R","BOSS","M","?","?","M","?","R","E","R","T","E","M","E","M","M","R","BOSS","M","M","?","M","?","E","R","E","T","E","M","?","M","?","R","BOSS"],"items_purchased_type":[],"build_version":"2020-12-22","purchased_purges":0,"victory":true,"max_hp_per_floor":[80,80,80,80,80,80,80,80,80,80,80,80,80,80,80,80,80,80,80,80,80,80,80,80,80,80,80,80,80,82,82,82,82,82,84,86,86,88,88,88,88,98,98,98,98,98,100,100,100,100],"card_choices":[{"not_picked":["Entrench","Twin Strike"],"picked":"Seeing Red","floor":1.0},{"not_picked":["Fire Breathing","Rage"],"picked":"Flex","floor":3.0},{"not_picked":["Perfected Strike","Body Slam"],"picked":"Flame Barrier","floor":4.0},{"not_picked":["Flex","Perfected Strike"],"picked":"Clothesline","floor":6.0},{"not_picked":["Impervious","Infernal Blade"],"picked":"Thunderclap","floor":8.0},{"not_picked":["Impervious","Power Through"],"picked":"Thunderclap","floor":12.0},{"not_picked":["Dual Wield","Warcry"],"picked":"Spot Weakness","floor":13.0},{"not_picked":["Wild Strike","Perfected Strike"],"picked":"Cleave","floor":14.0},{"not_picked":["Feed","Offering"],"picked":"Reaper","floor":16.0},{"not_picked":["Sword Boomerang","Twin Strike"],"picked":"Clash","floor":18.0},{"not_picked":["Thunderclap","Fire Breathing"],"picked":"Cleave+1","floor":21.0},{"not_picked":["Intimidate","Second Wind"],"picked":"Sentinel+1","floor":24.0},{"not_picked":["Clash","Entrench"],"picked":"Heavy Blade","floor":27.0},{"not_picked":["Entrench","Combust"],"picked":"Spot Weakness+1","floor":28.0},{"not_picked":["Feed","Iron Wave"],"picked":"Metallicize+1","floor":29.0},{"not_picked":["Havoc","Body Slam+1","Clothesline"],"picked":"Singing Bowl","floor":30.0},{"not_picked":["Hemokinesis","Sentinel"],"picked":"Heavy Blade","floor":31.0},{"not_picked":["Immolate","Impervious"],"picked":"Double Tap","floor":33.0},{"not_picked":["Cleave+1","Thunderclap","Power Through+1"],"picked":"Singing Bowl","floor":35.0},{"not_picked":["Iron Wave+1","Heavy Blade","Evolve+1"],"picked":"Singing Bowl","floor":36.0},{"not_picked":["Perfected Strike","Metallicize","Feel No Pain+1"],"picked":"Singing Bowl","floor":38.0},{"not_picked":["Power Through","Perfected Strike"],"picked":"Iron Wave+1","floor":39},{"not_picked":["Armaments+1","Seeing Red+1"],"picked":"Double Tap","floor":40},{"not_picked":["Body Slam","Combust+1"],"picked":"Shrug It Off+1","floor":42},{"not_picked":["Pommel Strike+1","Sword Boomerang+1"],"picked":"Demon Form","floor":44},{"not_picked":["True Grit","Dropkick+1"],"picked":"Armaments+1","floor":45},{"not_picked":["Twin Strike+1","Metallicize+1","Anger+1"],"picked":"Singing Bowl","floor":47}],"player_experience":521175,"relics_obtained":[{"floor":6.0,"key":"Meat on the Bone"},{"floor":6.0,"key":"Darkstone Periapt"},{"floor":8.0,"key":"Oddly Smooth Stone"},{"floor":8.0,"key":"Ancient Tea Set"},{"floor":9.0,"key":"Bottled Lightning"},{"floor":10.0,"key":"Akabeko"},{"floor":12.0,"key":"StrikeDummy"},{"floor":12.0,"key":"FossilizedHelix"},{"floor":24.0,"key":"CeramicFish"},{"floor":24.0,"key":"Centennial Puzzle"},{"floor":26.0,"key":"Singing Bowl"},{"floor":27.0,"key":"Bag of Marbles"},{"floor":27.0,"key":"Orichalcum"},{"floor":29.0,"key":"Self Forming Clay"},{"floor":29.0,"key":"CaptainsWheel"},{"floor":40,"key":"Anchor"},{"floor":40,"key":"Thread and Needle"},{"floor":42,"key":"Pear"},{"floor":42,"key":"Old Coin"},{"floor":43,"key":"Molten Egg 2"},{"floor":44,"key":"War Paint"},{"floor":44,"key":"Ginger"},{"floor":48,"key":"Pantograph"}],"event_choices":[{"damage_healed":0.0,"max_hp_gain":0.0,"max_hp_loss":0.0,"gold_gain":0.0,"event_name":"The Woman in Blue","player_choice":"Bought 1 Potion","floor":2.0,"gold_loss":0.0,"damage_taken":0.0},{"damage_healed":0.0,"max_hp_gain":0.0,"max_hp_loss":0.0,"gold_gain":175.0,"event_name":"Liars Game","player_choice":"AGREE","floor":5.0,"gold_loss":0.0,"damage_taken":0.0,"cards_obtained":["Doubt"]},{"damage_healed":0.0,"max_hp_gain":0.0,"max_hp_loss":0.0,"gold_gain":0.0,"event_name":"The Library","player_choice":"Read","floor":19.0,"gold_loss":0.0,"damage_taken":0.0,"cards_obtained":["Reaper"]},{"damage_healed":0.0,"max_hp_gain":0.0,"max_hp_loss":0.0,"gold_gain":0.0,"event_name":"Drug Dealer","player_choice":"Inject Mutagens","floor":20.0,"gold_loss":0.0,"damage_taken":0.0,"relics_obtained":["MutagenicStrength"]},{"damage_healed":0.0,"max_hp_gain":0.0,"max_hp_loss":0.0,"gold_gain":0.0,"event_name":"Wheel of Change","player_choice":"Damaged","floor":22.0,"gold_loss":0.0,"damage_taken":8.0},{"damage_healed":0.0,"max_hp_gain":0.0,"max_hp_loss":0.0,"gold_gain":0.0,"cards_transformed":["Strike_R"],"event_name":"Transmorgrifier","player_choice":"Transformed","floor":37.0,"gold_loss":0.0,"damage_taken":0.0,"cards_obtained":["Wild Strike"]},{"damage_healed":0,"gold_gain":0,"player_choice":"Embrace Madness","damage_taken":12,"max_hp_gain":0,"max_hp_loss":0,"event_name":"Winding Halls","floor":46,"gold_loss":0,"cards_obtained":["Madness","Madness"]}],"is_beta":false,"boss_relics":[{"not_picked":["Runic Dome","SacredBark"],"picked":"Fusion Hammer"},{"not_picked":["Coffee Dripper","Mark of Pain"],"picked":"SlaversCollar"}],"items_purged_floors":[],"is_endless":false,"potions_floor_spawned":[1,4,6,12,14,16,24,28,30,31,33,35,44,45,47],"ascension_level":2}}