{"host":"k5dhp0bkccqfauyu","time":1609127521,"event":{"mods":["BaseMod","Better Note","Better Skull","Better Vampires","Colored Map","Colored Powertips","DeckTracker","Minty Spire (QoL Compilation)","Permanent Neow","StSLib","SuperFastMode"],"gold_per_floor":[116,132,145,20,40,68,68,99,99,99,122,122,155,170,170,296,296,312,28,49,67,32,32,67,67,67,92,125,125,125,200,200,320,320,343,191,215,52,52,95,95,134,134,159,177,177,177,177,177,177,177,177,2,37,37],"floor_reached":56,"playtime":2413,"items_purged":["Strike_B","Strike_B","Strike_B"],"score":1337,"play_id":"497519b8-e260-49d2-943c-6ca559a06d9f","local_time":"20201228145201","is_ascension_mode":true,"campfire_choices":[{"data":"Turbo","floor":10,"key":"SMITH"},{"data":"White Noise","floor":12,"key":"SMITH"},{"data":"Consume","floor":15,"key":"SMITH"},{"data":"Dualcast","floor":23,"key":"SMITH"},{"data":"Storm","floor":30,"key":"SMITH"},{"data":"Hologram","floor":32,"key":"SMITH"},{"floor":41,"key":"RECALL"},{"data":"Recycle","floor":46,"key":"SMITH"},{"data":"Multi-Cast","floor":49,"key":"SMITH"},{"data":"Madness","floor":52,"key":"SMITH"}],"circlet_count":0,"master_deck":["Strike_B","Defend_B","Defend_B","Defend_B","Defend_B","Zap","Dualcast+1","Multi-Cast+1","White Noise+1","Glacier","Coolheaded","Compile Driver","Undo","Turbo+1","Consume+1","Storm+1","Coolheaded","Meteor Strike+1","Hologram+1","Capacitor","BootSequence","Cold Snap+1","Glacier","Sweeping Beam+1","Self Repair","Biased Cognition","Recycle+1","Undo+1","Electrodynamics","Conserve Battery+1","Hologram","Capacitor","Madness+1","Hologram+1"],"relics":["Cracked Core","Juzu Bracelet","Golden Idol","Omamori","Molten Egg 2","Prayer Wheel","Philosopher\u0027s Stone","Runic Capacitor","Bag of Marbles","Unceasing Top","Question Card","Happy Flower","WarpedTongs","Busted Crown","Membership Card","Pantograph","Toxic Egg 2","Singing Bowl","Art of War","Orichalcum"],"acts_visited":["Exordium","TheCity","TheBeyond","TheEnding"],"potions_floor_usage":[6,8,13,14,20,27,28,28,44,55,55,55],"damage_taken":[{"damage":0,"enemies":"Cultist","floor":1,"turns":3},{"damage":0,"enemies":"2 Louse","floor":2,"turns":3},{"damage":10,"enemies":"Small Slimes","floor":3,"turns":5},{"damage":0,"enemies":"Looter","floor":5,"turns":4},{"damage":10,"enemies":"Gremlin Nob","floor":6,"turns":4},{"damage":4,"enemies":"3 Sentries","floor":8,"turns":9},{"damage":4,"enemies":"3 Louse","floor":11,"turns":4},{"damage":12,"enemies":"Gremlin Nob","floor":13,"turns":3},{"damage":8,"enemies":"Exordium Thugs","floor":14,"turns":3},{"damage":6,"enemies":"Hexaghost","floor":16,"turns":10},{"damage":3,"enemies":"Chosen","floor":18,"turns":5},{"damage":12,"enemies":"3 Byrds","floor":20,"turns":5},{"damage":23,"enemies":"Cultist and Chosen","floor":21,"turns":7},{"damage":1,"enemies":"Book of Stabbing","floor":24,"turns":6},{"damage":5,"enemies":"Snake Plant","floor":27,"turns":3},{"damage":0,"enemies":"Slavers","floor":28,"turns":6},{"damage":8,"enemies":"Automaton","floor":33,"turns":9},{"damage":0,"enemies":"3 Shapes","floor":35,"turns":4},{"damage":0,"enemies":"Orb Walker","floor":37,"turns":3},{"damage":0,"enemies":"Giant Head","floor":40,"turns":8},{"damage":12,"enemies":"Reptomancer","floor":42,"turns":4},{"damage":8,"enemies":"4 Shapes","floor":44,"turns":5},{"damage":0,"enemies":"Transient","floor":45,"turns":5},{"damage":9,"enemies":"Donu and Deca","floor":50,"turns":7},{"damage":13,"enemies":"Shield and Spear","floor":54,"turns":7},{"damage":54,"enemies":"The Heart","floor":55,"turns":16}],"seed_played":"-4564521239807938110","potions_obtained":[{"floor":2,"key":"Block Potion"},{"floor":3,"key":"FocusPotion"},{"floor":6,"key":"GamblersBrew"},{"floor":13,"key":"Block Potion"},{"floor":16,"key":"Fire Potion"},{"floor":21,"key":"DistilledChaos"},{"floor":24,"key":"LiquidBronze"},{"floor":27,"key":"ColorlessPotion"},{"floor":33,"key":"PotionOfCapacity"},{"floor":35,"key":"SkillPotion"},{"floor":37,"key":"Explosive Potion"},{"floor":40,"key":"Dexterity Potion"}],"is_trial":false,"path_per_floor":["M","M","M","$","M","E","?","E","T","R","M","R","E","M","R","B",null,"M","$","M","M","$","R","E","?","T","M","E","?","R","?","R","B",null,"M","$","M","$","?","E","R","E","T","M","M","R","?","T","R","B",null,"R","$","E","B",null],"character_chosen":"DEFECT","items_purchased":["Coolheaded","Runic Capacitor","Capacitor","BootSequence","Self Repair","Hologram","Membership Card","Capacitor","Art of War","DistilledChaos"],"campfire_rested":0,"item_purchase_floors":[4,19,19,19,22,36,38,38,53,53],"current_hp_per_floor":[75,75,65,65,65,55,55,51,51,51,47,47,35,27,27,21,69,66,66,54,31,31,31,37,37,37,39,46,46,46,40,40,52,69,69,69,69,69,59,66,66,61,61,60,69,69,69,69,69,67,69,69,69,68,24],"gold":37,"neow_bonus":"ONE_RANDOM_RARE_CARD","is_daily":false,"chose_seed":false,"campfire_upgraded":9,"win_rate":0.0,"timestamp":1609127521,"path_taken":["M","M","M","$","M","E","?","E","T","R","M","R","E","M","R","BOSS","M","$","M","M","$","R","E","?","T","M","E","?","R","?","R","BOSS","M","$","M","$","?","E","R","E","T","M","M","R","?","?","R","BOSS","R","$","E","BOSS"],"items_purchased_type":["Card","Relic","Card","Card","Card","Card","Relic","Card","Relic","Potion"],"build_version":"2020-12-22","purchased_purges":3,"victory":true,"max_hp_per_floor":[75,75,75,75,75,75,69,69,69,69,69,69,69,69,69,69,69,69,69,69,69,69,69,69,69,69,69,69,69,69,69,69,69,69,69,69,69,69,69,69,69,69,69,69,69,69,69,69,69,69,69,69,69,71,71],"card_choices":[{"not_picked":["Go for the Eyes","Force Field"],"picked":"White Noise","floor":1},{"not_picked":["Conserve Battery","Compile Driver"],"picked":"Glacier","floor":2},{"not_picked":["Rebound","Go for the Eyes"],"picked":"Ball Lightning","floor":3},{"not_picked":["Beam Cell","Lockon"],"picked":"Compile Driver","floor":5},{"not_picked":["Conserve Battery","Steam Power"],"picked":"Undo","floor":6},{"not_picked":["Scrape","Aggregate"],"picked":"Turbo","floor":8},{"not_picked":["Gash+1","Beam Cell+1","Aggregate"],"picked":"SKIP","floor":11},{"not_picked":["Rebound+1","Turbo"],"picked":"Consume","floor":13},{"not_picked":["Stack","Darkness"],"picked":"Storm","floor":14},{"not_picked":["Redo","Machine Learning"],"picked":"Coolheaded","floor":14},{"not_picked":["Buffer","Core Surge+1"],"picked":"Meteor Strike+1","floor":16},{"not_picked":["Steam","Conserve Battery"],"picked":"Hologram","floor":18},{"not_picked":["Consume+1","Go for the Eyes+1","Steam"],"picked":"SKIP","floor":18},{"not_picked":["Beam Cell+1","Go for the Eyes+1"],"picked":"Cold Snap+1","floor":20},{"not_picked":["BootSequence","Chaos","Scrape+1"],"picked":"SKIP","floor":20},{"not_picked":["FTL+1","Barrage+1"],"picked":"Glacier","floor":21},{"not_picked":["Doom and Gloom+1","Force Field"],"picked":"Sweeping Beam+1","floor":21},{"not_picked":["Rip and Tear+1","Streamline+1"],"picked":"Biased Cognition","floor":24},{"not_picked":["Compile Driver+1","Gash+1","Hello World"],"picked":"Recycle","floor":27},{"not_picked":["FTL+1","Recycle","Barrage+1","Melter+1"],"picked":"SKIP","floor":27},{"not_picked":["Coolheaded","Capacitor","Hyperbeam+1"],"picked":"Undo+1","floor":28},{"not_picked":["Multi-Cast","Biased Cognition","Core Surge+1"],"picked":"Electrodynamics","floor":33},{"not_picked":["BootSequence+1"],"picked":"Conserve Battery+1","floor":35},{"not_picked":["Coolheaded","Gash+1"],"picked":"SKIP","floor":35},{"not_picked":["Darkness","Tempest+1"],"picked":"SKIP","floor":37},{"not_picked":["Sweeping Beam+1","Streamline+1"],"picked":"SKIP","floor":37},{"not_picked":["Good Instincts"],"picked":"Madness","floor":39},{"not_picked":["Sunder+1","Go for the Eyes+1"],"picked":"SKIP","floor":40},{"not_picked":["Streamline+1","Stack+1"],"picked":"SKIP","floor":42},{"not_picked":["Cold Snap+1","Rip and Tear+1"],"picked":"SKIP","floor":44},{"not_picked":["Stack+1","Scrape+1"],"picked":"SKIP","floor":44},{"not_picked":["Static Discharge"],"picked":"Hologram+1","floor":45},{"not_picked":["Rebound+1","Barrage+1"],"picked":"SKIP","floor":45},{"not_picked":["Rip and Tear+1","Compile Driver+1"],"picked":"Singing Bowl","floor":54}],"player_experience":1844311,"relics_obtained":[{"floor":6,"key":"Juzu Bracelet"},{"floor":8,"key":"Omamori"},{"floor":9,"key":"Molten Egg 2"},{"floor":13,"key":"Prayer Wheel"},{"floor":24,"key":"Bag of Marbles"},{"floor":25,"key":"Unceasing Top"},{"floor":26,"key":"Question Card"},{"floor":28,"key":"Happy Flower"},{"floor":40,"key":"Pantograph"},{"floor":42,"key":"Toxic Egg 2"},{"floor":48,"key":"Singing Bowl"},{"floor":54,"key":"Orichalcum"}],"event_choices":[{"damage_healed":0,"gold_gain":0,"player_choice":"Lose Max HP","damage_taken":0,"relics_obtained":["Golden Idol"],"max_hp_gain":0,"max_hp_loss":6,"event_name":"Golden Idol","floor":7,"gold_loss":0},{"damage_healed":0,"gold_gain":0,"player_choice":"Relic","damage_taken":0,"max_hp_gain":0,"max_hp_loss":0,"event_name":"Wheel of Change","floor":25,"gold_loss":0},{"damage_healed":0,"gold_gain":0,"player_choice":"Rummage","damage_taken":0,"relics_obtained":["WarpedTongs"],"max_hp_gain":0,"max_hp_loss":0,"event_name":"Accursed Blacksmith","floor":29,"gold_loss":0,"cards_obtained":["Pain"]},{"damage_healed":0,"gold_gain":75,"player_choice":"Touch","damage_taken":6,"max_hp_gain":0,"max_hp_loss":0,"event_name":"FaceTrader","floor":31,"gold_loss":0},{"damage_healed":0,"gold_gain":0,"player_choice":"Memory 3","damage_taken":10,"max_hp_gain":0,"max_hp_loss":0,"event_name":"SensoryStone","floor":39,"gold_loss":0},{"cards_removed":["Ball Lightning"],"damage_healed":0,"gold_gain":0,"player_choice":"Removed Attack","damage_taken":0,"max_hp_gain":0,"max_hp_loss":0,"event_name":"Falling","floor":47,"gold_loss":0}],"is_beta":false,"boss_relics":[{"not_picked":["Velvet Choker","SlaversCollar"],"picked":"Philosopher\u0027s Stone"},{"not_picked":["Fusion Hammer","Runic Pyramid"],"picked":"Busted Crown"}],"items_purged_floors":[4,36,53],"is_endless":false,"potions_floor_spawned":[2,3,6,13,16,21,24,27,33,35,37,40],"ascension_level":1}}