{"host":"792mtbovsoa03nb3","time":1609189829,"event":{"mods":["BaseMod","Colored Map","Dota2Spire","Downfall","Hubris","Infinite Spire","Minty Spire (QoL Compilation)","Replay The Spire","Spicy Shops","StSLib","The Blue Laboratory","The Jungle"],"gold_per_floor":[116,142,154,174,99,134,134,146,173,205,205,205,105,120,120,222,222,241,241,241,260,273,273,273,273],"floor_reached":24,"playtime":1037,"items_purged":["Strike_R","Parasite"],"score":278,"play_id":"19090f73-d7f0-4c07-9054-4f305dc4ca73","local_time":"20201228131029","is_ascension_mode":true,"campfire_choices":[{"data":"Fire Breathing","floor":7,"key":"SMITH"},{"data":"Inflame","floor":12,"key":"SMITH"},{"data":"Second Wind","floor":15,"key":"SMITH"},{"data":"Feel No Pain","floor":23,"key":"SMITH"}],"circlet_count":0,"master_deck":["Strike_R","Strike_R","Defend_R","Defend_R","Defend_R","Bash","Fire Breathing+1","Second Wind+1","Inflame+1","Reaper","Thunderclap+1","Searing Blow+1","Limit Break+1","Dark Embrace","Feel No Pain+1"],"relics":["Burning Blood","NeowsBlessing","Dota2Spire:UrnOfShadows","Dota2Spire:AghanimScepter","Dota2Spire:ShadowBlade","hubris:OldNail","Astrolabe"],"acts_visited":["Exordium","TheCity"],"potions_floor_usage":[16,16,16,22,24,24],"damage_taken":[{"damage":0,"enemies":"Cultist","floor":1,"turns":1},{"damage":0,"enemies":"Jaw Worm","floor":3,"turns":1},{"damage":0,"enemies":"2 Louse","floor":4,"turns":1},{"damage":23,"enemies":"3 Sentries","floor":6,"turns":5},{"damage":17,"enemies":"Looter","floor":8,"turns":3},{"damage":32,"enemies":"Gremlin Nob","floor":10,"turns":4},{"damage":8,"enemies":"3 Louse","floor":14,"turns":5},{"damage":80,"enemies":"The Guardian","floor":16,"turns":14},{"damage":0,"enemies":"Spheric Guardian","floor":18,"turns":3},{"damage":37,"enemies":"Shell Parasite","floor":21,"turns":5},{"damage":61,"enemies":"Snake Plant","floor":22,"turns":5},{"damage":33,"enemies":"Nightmare","floor":24,"turns":3}],"seed_played":"-3665416725539599185","potions_obtained":[{"floor":1,"key":"blueLaboratory:PhilterOfMotion"},{"floor":6,"key":"Dexterity Potion"},{"floor":10,"key":"blueLaboratory:ImpenetrablePotion"},{"floor":14,"key":"BloodPotion"},{"floor":16,"key":"Dota2Spire:HealingSalve"},{"floor":21,"key":"blueLaboratory:BubblePotion"},{"floor":22,"key":"Swift Potion"}],"is_trial":false,"path_per_floor":["M","T","M","M","$","E","R","M","T","E","?","R","$","M","R","B",null,"M","?","?","M","M","R","NM"],"character_chosen":"IRONCLAD","items_purchased":[],"campfire_rested":0,"item_purchase_floors":[],"current_hp_per_floor":[78,78,80,80,80,66,66,61,61,41,61,61,61,65,65,12,61,67,67,67,52,30,30,0,0],"gold":273,"neow_bonus":"THREE_ENEMY_KILL","is_daily":false,"chose_seed":false,"campfire_upgraded":4,"win_rate":0.0,"timestamp":1609189829,"path_taken":["M","?","?","M","$","E","R","M","T","E","?","R","$","M","R","BOSS","M","?","?","M","M","R","NM"],"items_purchased_type":[],"build_version":"2020-12-22","purchased_purges":2,"victory":false,"max_hp_per_floor":[80,80,80,80,80,80,80,80,80,80,80,80,77,77,77,77,77,77,77,77,77,77,77,77,77],"card_choices":[{"not_picked":["Cleave","Headbutt"],"picked":"Fire Breathing","floor":1},{"not_picked":["True Grit","Warcry","hubris:ReadiedAction"],"picked":"SKIP","floor":3},{"not_picked":["Uppercut","Defy Death"],"picked":"Second Wind","floor":4},{"not_picked":["Cleave","Armaments"],"picked":"Inflame","floor":6},{"not_picked":["Perfected Strike","Bloodletting","Disarm"],"picked":"SKIP","floor":8},{"not_picked":["Spot Weakness","Rupture","Sword Boomerang"],"picked":"SKIP","floor":10},{"not_picked":["Run Through","Searing Blow","Havoc"],"picked":"SKIP","floor":14},{"not_picked":["Eclipse","Exhume"],"picked":"Reaper","floor":16},{"not_picked":["ReplayTheSpireMod:Strike From Hell","ReplayTheSpireMod:Corrosion Curse","Body Slam"],"picked":"SKIP","floor":18},{"not_picked":["Clothesline","Abandon+1"],"picked":"Dark Embrace","floor":21},{"not_picked":["ReplayTheSpireMod:Strike From Hell","Cleave"],"picked":"Feel No Pain","floor":22}],"player_experience":807263,"relics_obtained":[{"floor":2,"key":"Dota2Spire:UrnOfShadows"},{"floor":6,"key":"Dota2Spire:AghanimScepter"},{"floor":9,"key":"Dota2Spire:ShadowBlade"},{"floor":10,"key":"hubris:OldNail"}],"event_choices":[{"damage_healed":20,"gold_gain":0,"player_choice":"Healed and dodged fight","damage_taken":0,"max_hp_gain":0,"max_hp_loss":0,"event_name":"Mushrooms","floor":11,"gold_loss":0,"cards_obtained":["Parasite"]}],"is_beta":false,"boss_relics":[{"not_picked":["Replay:Wanted Poster","SacredBark"],"picked":"Astrolabe"}],"items_purged_floors":[5,13],"is_endless":false,"potions_floor_spawned":[1,6,10,14,16,21,22],"killed_by":"Nightmare","ascension_level":7}}