{"host":"hj54bcoh2isxm8b7","time":1609123946,"event":{"mods":["AchievementEnabler","BaseMod","BetterRewards","Card Forge","Custom Start","GifTheSpireLib","Mimic Mod","Minty Spire (QoL Compilation)","Spicy Shops","StSLib","The Alterego","Waifu the Spire","Yuri Mod","slay the spire mod where everything is the same but ironclad has a cowboy hat"],"gold_per_floor":[119,119,119,139,139,175,190,215,239,189,212,232,266,318,318,444,444,463,484,503,526,526,560,583,583,583,602,641,641,657,696,696,696,696],"floor_reached":33,"playtime":5260,"items_purged":[],"score":473,"play_id":"1ac6571a-40f2-4e99-958d-a621496a25e9","local_time":"20201227215226","is_ascension_mode":true,"campfire_choices":[{"floor":15,"key":"REST"},{"floor":25,"key":"REST"},{"floor":29,"key":"RECALL"},{"floor":32,"key":"REST"}],"circlet_count":0,"master_deck":["Strike_P+1","Strike_P+1","Strike_P","Defend_P+1","Defend_P","Defend_P+1","Defend_P+1","Eruption","Vigilance+1","SandsOfTime","CrushJoints+1","Worship+1","BowlingBash","BattleHymn+1","Protect","LessonLearned+1","Vault","Tantrum","CutThroughFate+1","Wallop+1","Sanctity","Conclude+1"],"relics":["PureWater","Hammer of Thor","Seething Fire","Anvil of the Gods","NeowsBlessing","Bag of Preparation","Golden Idol","Boot","Regal Pillow","War Paint","Anchor","MealTicket","Sozu","InkBottle","TeardropLocket","Vajra","Singing Bowl"],"acts_visited":["Exordium","TheCity"],"potions_floor_usage":[16,23,33],"damage_taken":[{"damage":0,"enemies":"Jaw Worm","floor":1,"turns":1},{"damage":0,"enemies":"Small Slimes","floor":4,"turns":1},{"damage":0,"enemies":"Lagavulin","floor":6,"turns":1},{"damage":0,"enemies":"2 Louse","floor":7,"turns":2},{"damage":17,"enemies":"Exordium Wildlife","floor":8,"turns":5},{"damage":0,"enemies":"Exordium Thugs","floor":11,"turns":2},{"damage":21,"enemies":"Lots of Slimes","floor":12,"turns":5},{"damage":5,"enemies":"3 Sentries","floor":13,"turns":5},{"damage":0,"enemies":"Slime Boss","floor":16,"turns":2},{"damage":2,"enemies":"Chosen","floor":18,"turns":5},{"damage":6,"enemies":"Spheric Guardian","floor":19,"turns":4},{"damage":0,"enemies":"Cultist and Chosen","floor":20,"turns":5},{"damage":6,"enemies":"Centurion and Healer","floor":21,"turns":6},{"damage":12,"enemies":"Slavers","floor":23,"turns":4},{"damage":9,"enemies":"Snecko","floor":27,"turns":6},{"damage":13,"enemies":"Gremlin Leader","floor":28,"turns":5},{"damage":0,"enemies":"Chosen and Byrds","floor":30,"turns":7},{"damage":14,"enemies":"Slavers","floor":31,"turns":4},{"damage":76,"enemies":"Collector","floor":33,"turns":8}],"seed_played":"9022486939622724134","potions_obtained":[{"floor":1,"key":"Weak Potion"},{"floor":4,"key":"SpeedPotion"},{"floor":8,"key":"SteroidPotion"},{"floor":11,"key":"SkillPotion"},{"floor":12,"key":"Block Potion"}],"is_trial":false,"path_per_floor":["M","?","?","M","?","E","M","M","T","?","M","M","E","T","R","B",null,"M","M","M","M","?","E","T","R","T","M","E","R","M","E","R","B"],"character_chosen":"WATCHER","items_purchased":[],"campfire_rested":3,"item_purchase_floors":[],"current_hp_per_floor":[72,65,65,65,65,65,65,48,48,48,48,27,22,22,57,57,67,65,59,59,53,41,29,29,65,65,56,43,43,43,31,68,0,0],"gold":696,"neow_bonus":"THREE_ENEMY_KILL","is_daily":false,"chose_seed":false,"campfire_upgraded":0,"win_rate":0.0,"timestamp":1609123946,"path_taken":["M","?","?","M","?","E","M","M","T","?","M","?","E","?","R","BOSS","M","M","M","M","?","E","?","R","T","?","E","R","M","E","R","BOSS"],"items_purchased_type":[],"build_version":"2020-12-22","purchased_purges":0,"victory":false,"max_hp_per_floor":[72,72,67,67,67,67,67,67,67,67,67,67,67,67,67,67,67,67,67,67,67,72,72,72,72,72,72,72,72,72,74,74,74,74],"card_choices":[{"not_picked":["CarveReality","ThirdEye"],"picked":"SandsOfTime","floor":1},{"not_picked":["ThirdEye","SandsOfTime"],"picked":"CrushJoints","floor":4},{"not_picked":["Vengeance","Meditate"],"picked":"Worship","floor":6},{"not_picked":["Halt","Crescendo"],"picked":"BowlingBash","floor":7},{"not_picked":["CrushJoints","FollowUp"],"picked":"BattleHymn","floor":8},{"not_picked":["FlyingSleeves","EmptyFist"],"picked":"Protect","floor":11},{"not_picked":["EmptyFist","Halt","BattleHymn"],"picked":"SKIP","floor":12},{"not_picked":["Worship","Consecrate"],"picked":"LessonLearned","floor":13},{"not_picked":["Blasphemy","Devotion"],"picked":"Vault","floor":16},{"not_picked":["ThirdEye","Crescendo"],"picked":"Tantrum","floor":18},{"not_picked":["Nirvana","PathToVictory","EmptyBody"],"picked":"SKIP","floor":19},{"not_picked":["ThirdEye","Indignation","Weave+1"],"picked":"SKIP","floor":20},{"not_picked":["Nirvana","FlurryOfBlows"],"picked":"CutThroughFate","floor":21},{"not_picked":["InnerPeace","FollowUp"],"picked":"Wallop+1","floor":23},{"not_picked":["Fasting2","Ragnarok"],"picked":"Sanctity","floor":27},{"not_picked":["JustLucky","EmptyBody"],"picked":"Conclude+1","floor":28},{"not_picked":["PathToVictory+1","Vengeance","Collect"],"picked":"SKIP","floor":30},{"not_picked":["ThirdEye","FollowUp","JustLucky+1"],"picked":"Singing Bowl","floor":31}],"player_experience":286796,"relics_obtained":[{"floor":6,"key":"Regal Pillow"},{"floor":9,"key":"War Paint"},{"floor":13,"key":"Anchor"},{"floor":14,"key":"MealTicket"},{"floor":23,"key":"InkBottle"},{"floor":26,"key":"TeardropLocket"},{"floor":28,"key":"Vajra"},{"floor":31,"key":"Singing Bowl"}],"event_choices":[{"damage_healed":0,"gold_gain":0,"player_choice":"Success","damage_taken":7,"relics_obtained":["Bag of Preparation"],"max_hp_gain":0,"max_hp_loss":0,"event_name":"Scrap Ooze","floor":2,"gold_loss":0},{"damage_healed":0,"gold_gain":0,"player_choice":"Lose Max HP","damage_taken":0,"relics_obtained":["Golden Idol"],"max_hp_gain":0,"max_hp_loss":5,"event_name":"Golden Idol","floor":3,"gold_loss":0},{"damage_healed":0,"gold_gain":0,"player_choice":"Box","damage_taken":0,"relics_obtained":["Boot"],"max_hp_gain":0,"max_hp_loss":0,"event_name":"Big Fish","floor":5,"gold_loss":0,"cards_obtained":["Regret"]},{"cards_removed":["Strike_P"],"damage_healed":0,"gold_gain":0,"player_choice":"Card Removal","damage_taken":0,"max_hp_gain":0,"max_hp_loss":0,"event_name":"The Cleric","floor":10,"gold_loss":50},{"damage_healed":0,"gold_gain":0,"player_choice":"Shed Blood","damage_taken":17,"max_hp_gain":5,"max_hp_loss":0,"event_name":"Forgotten Altar","floor":22,"gold_loss":0}],"is_beta":false,"boss_relics":[{"not_picked":["Tiny House","Coffee Dripper"],"picked":"Sozu"}],"items_purged_floors":[],"is_endless":false,"potions_floor_spawned":[1,4,8,11,12,19,23,28,31],"killed_by":"Collector","ascension_level":4}}