{"host":"4im2yt45n4gy6dub","time":1609135362,"event":{"mods":["AchievementEnabler","AlwaysNeverKeys","Aspiration","BaseMod","BetterRewards","CCEM","Challenge The Spire","Colored Map","Colored Powertips","Conspire","Downfall","Energized Spire","Exacting","Faster Ascension Climbing","Friendly Minions","GifTheSpireLib","Hermit","HololiveMod","Hubris","Infinite Spire","Jedi Mod","Jorbs\u0027s Wanderer Trilogy","Koishi","Luminous","Marisa????????","Minty Spire (QoL Compilation)","Permanent Neow","Prisma Mod","Quarter Circle Forward PUNCH!","Quick Restart","Railgun Mod","Random Character Button","Replay The Spire","Retaliation","Shop Mod","Spicy Shops","StSLib","Steal the Spire","Stuff the Spire","SuperFastMode","The Animator","The Blue Laboratory","The Construct","The Cursed","The Runesmith","The Servant 0.9.4","The Spell Scribe","The Wild Card","TheBandit","TheVelvet","Trackpad","Treasure Hunter","vexMod"],"gold_per_floor":[2656,2674,2684,1783,1800,1800,1853,1853,1901,1924,168,191,191,191,191],"floor_reached":13,"playtime":916,"items_purged":["hexamod:Defend","hexamod:Strike"],"score":133,"play_id":"3a8f029d-e44e-4629-9818-21a5099e41a3","local_time":"20201228080242","is_ascension_mode":false,"campfire_choices":[{"data":"hexamod:Float","floor":1,"key":"SMITH"}],"circlet_count":0,"master_deck":["conspire:GhostlyStrike","conspire:GhostlyStrike","conspire:GhostlyDefend","conspire:GhostlyDefend","conspire:GhostlyDefend","hexamod:Sear","hexamod:Float+1","hexamod:DynamicBlow","hexamod:GhostShield","hexamod:Hexaguard","hexamod:BacktrackSmack","hexamod:SoulSteal","hexamod:RecurringNightmare","Regret","hexamod:RadiantFlame","expansioncontent:DonusPower+1","hexamod:SecondSeal","TH:BikiniMail","Looming Evil","TH:DeckOfManyThings","hexamod:ChargedBarrage+1","hexamod:Haunt+1","hexamod:Firestarter","hexamod:RadiantFlame","expansioncontent:Collect","hexamod:GhostShield+1","TH:BikiniMail"],"relics":["hexamod:SpiritBrand","trackpad:VoidSphere","Toxic Egg 2","Bag of Marbles","Art of War","ReplayTheSpireMod:Ring of Exchange","Ring of Panic","qcfpunch:Broken_Tusk","CCEMRelics:DissonantTune","qcfpunch:Dark_Gi","Orichalcum","Oddly Smooth Stone"],"acts_visited":["Exordium"],"potions_floor_usage":[],"damage_taken":[{"damage":5,"enemies":"Small Slimes","floor":2,"turns":4},{"damage":0,"enemies":"2 Louse","floor":3,"turns":3},{"damage":0,"enemies":"downfall:FleeingMerchant","floor":4,"turns":4},{"damage":1,"enemies":"Cultist","floor":5,"turns":3},{"damage":23,"enemies":"Gremlin Nob","floor":9,"turns":5},{"damage":9,"enemies":"Exordium Wildlife","floor":10,"turns":5},{"damage":4,"enemies":"downfall:FleeingMerchant","floor":11,"turns":4},{"damage":96,"enemies":"Replay:BlueRogue","floor":13,"turns":3}],"seed_played":"1754485708658122827","potions_obtained":[{"floor":2,"key":"blueLaboratory:StoneskinPotion"},{"floor":9,"key":"blueLaboratory:NullPotion"},{"floor":10,"key":"infinitespire:BlackPotion"}],"is_trial":false,"path_per_floor":["R","M","M","$","M","?","T","?","E","M","$","T","E"],"character_chosen":"THE_SPIRIT","items_purchased":["hexamod:SoulSteal","trackpad:VoidSphere","hexamod:RecurringNightmare","Toxic Egg 2","Bag of Marbles","hexamod:RadiantFlame","expansioncontent:DonusPower+1","CCEMRelics:DissonantTune","qcfpunch:Dark_Gi","Orichalcum","hexamod:RadiantFlame","expansioncontent:Collect","hexamod:GhostShield+1"],"campfire_rested":0,"item_purchase_floors":[4,4,4,4,4,4,4,11,11,11,11,11,11],"current_hp_per_floor":[70,65,65,65,64,64,64,64,41,32,28,28,0,0,0],"gold":191,"neow_bonus":"TRANSFORM_CARD","is_daily":false,"chose_seed":false,"campfire_upgraded":1,"win_rate":0.0,"timestamp":1609135362,"path_taken":["R","M","M","$","M","?","T","?","E","M","$","?","E"],"items_purchased_type":["Card","Relic","Card","Relic","Relic","Card","Card","Relic","Relic","Relic","Card","Card","Card"],"build_version":"2020-12-22","purchased_purges":2,"victory":false,"max_hp_per_floor":[70,70,70,70,70,70,70,70,70,70,46,46,46,46,46],"card_choices":[{"not_picked":["hexamod:ShieldOfDarkness","hexamod:RecurringNightmare"],"picked":"hexamod:GhostShield","floor":2},{"not_picked":["hexamod:BurningTouch","hexamod:GhostOfSpireFuture"],"picked":"hexamod:Hexaguard","floor":3},{"not_picked":["hexamod:HeatMetal","hexamod:EtherealExpedition"],"picked":"hexamod:BacktrackSmack","floor":4},{"not_picked":["hexamod:GhostOfSpireFuture","hexamod:ShieldOfDarkness+1"],"picked":"hexamod:SecondSeal","floor":5},{"not_picked":["TH:Mimic"],"picked":"TH:BikiniMail","floor":7},{"not_picked":["TH:EnergyPotion"],"picked":"TH:DeckOfManyThings","floor":9},{"not_picked":["hexamod:Again+1","hexamod:GhostflameBarrier+1"],"picked":"hexamod:ChargedBarrage+1","floor":9},{"not_picked":["hexamod:ParanormalForm","hexamod:NightmareGuise+1"],"picked":"hexamod:Haunt+1","floor":10},{"not_picked":["hexamod:RainOfEmbers","hexamod:ShieldOfDarkness+1"],"picked":"hexamod:Firestarter","floor":11},{"not_picked":["TH:Mimic"],"picked":"TH:BikiniMail","floor":12}],"player_experience":1519497,"relics_obtained":[{"floor":7,"key":"Art of War"},{"floor":8,"key":"ReplayTheSpireMod:Ring of Exchange"},{"floor":8,"key":"Ring of Panic"},{"floor":9,"key":"qcfpunch:Broken_Tusk"},{"floor":12,"key":"Oddly Smooth Stone"}],"event_choices":[{"damage_healed":0,"gold_gain":0,"player_choice":"Agree","damage_taken":0,"max_hp_gain":0,"max_hp_loss":0,"event_name":"conspire:LoneGhost","floor":6,"gold_loss":0}],"is_beta":false,"boss_relics":[],"items_purged_floors":[4,4],"is_endless":false,"potions_floor_spawned":[2,9,10],"killed_by":"Replay:BlueRogue","ascension_level":0}}