{"host":"k5dhp0bkccqfauyu","time":1609164040,"event":{"mods":["BaseMod","Better Note","Better Skull","Better Vampires","Colored Map","Colored Powertips","DeckTracker","Minty Spire (QoL Compilation)","Permanent Neow","StSLib","SuperFastMode"],"gold_per_floor":[117,137,137,162,182,215,215,229,229,270,290,290,325,341,341,466,466,491,509,528,528,553,593,593,629,629,665,665,665,680,62,62,190,190,214,235,1234,1234,1258,1258,999,1014,1061,375,375,411,425,440,440,440,440,440,45,79,79],"floor_reached":56,"playtime":2368,"items_purged":["Strike_G","Normality","Normality"],"score":1490,"play_id":"32030e8f-b3d0-4c3a-b3db-928eff003678","local_time":"20201229010040","is_ascension_mode":true,"campfire_choices":[{"data":"Dagger Spray","floor":7,"key":"SMITH"},{"data":"Well Laid Plans","floor":15,"key":"SMITH"},{"data":"Envenom","floor":24,"key":"SMITH"},{"data":"Tactician","floor":29,"key":"SMITH"},{"data":"Discovery","floor":32,"key":"SMITH"},{"data":"Wraith Form v2","floor":40,"key":"SMITH"},{"floor":49,"key":"RECALL"},{"data":"Bullet Time","floor":52,"key":"SMITH"}],"circlet_count":0,"master_deck":["Survivor","Neutralize","Poisoned Stab","Masterful Stab","Dagger Spray+1","Calculated Gamble","Prepared","Backflip","PiercingWail","Acrobatics","Night Terror+1","Tactician+1","Well Laid Plans+1","Envenom+1","Flechettes+1","Footwork+1","Neutralize","Crippling Poison+1","Terror","Noxious Fumes+1","Discovery+1","Well Laid Plans","Tools of the Trade","Bouncing Flask","Corpse Explosion","Wraith Form v2+1","Calculated Gamble","Calculated Gamble","Wraith Form v2+1","Burst","Acrobatics+1","Master of Strategy","Bullet Time+1","Backflip+1"],"relics":["Ring of the Snake","Bag of Marbles","Golden Idol","The Specimen","HornCleat","Pocketwatch","Gremlin Horn","HoveringKite","Dream Catcher","Centennial Puzzle","Question Card","Toy Ornithopter","PreservedInsect","Happy Flower","Lee\u0027s Waffle","Pandora\u0027s Box","Medical Kit","InkBottle","Singing Bowl","Mummified Hand","Bottled Flame"],"acts_visited":["Exordium","TheCity","TheBeyond","TheEnding"],"potions_floor_usage":[6,16,16,23,25,39,50,50,54,55,55],"damage_taken":[{"damage":1,"enemies":"Cultist","floor":1,"turns":4},{"damage":0,"enemies":"Small Slimes","floor":2,"turns":3},{"damage":0,"enemies":"Jaw Worm","floor":4,"turns":1},{"damage":0,"enemies":"Lots of Slimes","floor":5,"turns":1},{"damage":10,"enemies":"Lagavulin","floor":6,"turns":6},{"damage":0,"enemies":"Large Slime","floor":8,"turns":5},{"damage":0,"enemies":"3 Sentries","floor":10,"turns":6},{"damage":0,"enemies":"3 Louse","floor":11,"turns":2},{"damage":8,"enemies":"Lagavulin","floor":13,"turns":7},{"damage":0,"enemies":"Looter","floor":14,"turns":2},{"damage":0,"enemies":"Slime Boss","floor":16,"turns":8},{"damage":0,"enemies":"Chosen","floor":18,"turns":4},{"damage":0,"enemies":"Shell Parasite","floor":19,"turns":6},{"damage":0,"enemies":"3 Cultists","floor":20,"turns":4},{"damage":0,"enemies":"Snake Plant","floor":22,"turns":6},{"damage":11,"enemies":"Book of Stabbing","floor":23,"turns":7},{"damage":0,"enemies":"Slavers","floor":25,"turns":3},{"damage":15,"enemies":"Book of Stabbing","floor":27,"turns":4},{"damage":0,"enemies":"Cultist and Chosen","floor":30,"turns":4},{"damage":48,"enemies":"Champ","floor":33,"turns":8},{"damage":1,"enemies":"Orb Walker","floor":35,"turns":4},{"damage":1,"enemies":"3 Darklings","floor":36,"turns":3},{"damage":8,"enemies":"Jaw Worm Horde","floor":39,"turns":4},{"damage":7,"enemies":"4 Shapes","floor":42,"turns":2},{"damage":0,"enemies":"Reptomancer","floor":46,"turns":3},{"damage":5,"enemies":"Spire Growth","floor":47,"turns":6},{"damage":0,"enemies":"Sphere and 2 Shapes","floor":48,"turns":4},{"damage":42,"enemies":"Time Eater","floor":50,"turns":10},{"damage":14,"enemies":"Shield and Spear","floor":54,"turns":3},{"damage":84,"enemies":"The Heart","floor":55,"turns":10}],"seed_played":"-1225325314971499831","potions_obtained":[{"floor":2,"key":"SpeedPotion"},{"floor":8,"key":"Block Potion"},{"floor":11,"key":"Swift Potion"},{"floor":14,"key":"Fire Potion"},{"floor":16,"key":"EssenceOfSteel"},{"floor":20,"key":"Weak Potion"},{"floor":23,"key":"SteroidPotion"},{"floor":30,"key":"Regen Potion"},{"floor":39,"key":"Block Potion"},{"floor":46,"key":"Ancient Potion"}],"is_trial":false,"path_per_floor":["M","M","?","M","M","E","R","M","T","E","M","?","E","M","R","B",null,"M","M","M","?","M","E","R","E","T","E","?","R","M","$","R","B",null,"M","M","?","?","M","R","$","M","T","$","?","E","M","M","R","B",null,"R","$","E","B",null],"character_chosen":"THE_SILENT","items_purchased":["PreservedInsect","Happy Flower","Lee\u0027s Waffle","Discovery","Burst","Medical Kit","InkBottle","Master of Strategy","Mummified Hand","SpeedPotion","Fruit Juice"],"campfire_rested":0,"item_purchase_floors":[31,31,31,31,41,44,44,44,53,53,53],"current_hp_per_floor":[69,69,52,52,52,42,42,42,42,42,42,42,34,34,34,34,70,70,70,70,70,70,59,59,59,59,44,44,44,44,77,77,29,77,76,75,75,75,69,69,69,62,62,62,62,64,59,61,61,29,81,81,81,77,2],"gold":79,"neow_bonus":"RANDOM_COMMON_RELIC","is_daily":false,"chose_seed":false,"campfire_upgraded":7,"win_rate":0.0,"timestamp":1609164040,"path_taken":["M","?","?","M","M","E","R","M","T","E","M","?","E","?","R","BOSS","M","M","M","?","M","E","R","E","T","E","?","R","M","$","R","BOSS","M","M","?","?","M","R","$","M","T","$","?","E","M","?","R","BOSS","R","$","E","BOSS"],"items_purchased_type":["Relic","Relic","Relic","Card","Card","Relic","Relic","Card","Relic","Potion","Potion"],"build_version":"2020-12-22","purchased_purges":3,"victory":true,"max_hp_per_floor":[70,70,70,70,70,70,70,70,70,70,70,70,70,70,70,70,70,70,70,70,70,70,70,70,70,70,70,70,70,70,77,77,77,77,77,77,77,77,77,77,77,77,77,77,77,79,79,81,81,81,81,81,81,86,86],"card_choices":[{"not_picked":["Dodge and Roll","Heel Hook"],"picked":"Poisoned Stab","floor":1},{"not_picked":["Concentrate","Dodge and Roll"],"picked":"Masterful Stab","floor":2},{"not_picked":["Infinite Blades","Blur"],"picked":"Dagger Spray","floor":4},{"not_picked":["Dodge and Roll","Backflip"],"picked":"Calculated Gamble","floor":5},{"not_picked":["Poisoned Stab","Flying Knee"],"picked":"Prepared","floor":6},{"not_picked":["Calculated Gamble","Prepared"],"picked":"Backflip","floor":8},{"not_picked":["Poisoned Stab","All Out Attack"],"picked":"PiercingWail","floor":10},{"not_picked":["Heel Hook","Finisher"],"picked":"Acrobatics","floor":11},{"not_picked":["Phantasmal Killer","Outmaneuver"],"picked":"Tactician","floor":13},{"not_picked":["Dagger Throw","Bouncing Flask"],"picked":"Well Laid Plans","floor":14},{"not_picked":["A Thousand Cuts","Die Die Die"],"picked":"Envenom","floor":16},{"not_picked":["Slice","Flying Knee","Quick Slash"],"picked":"SKIP","floor":18},{"not_picked":["Bane","Dagger Spray"],"picked":"Flechettes+1","floor":19},{"not_picked":["Grand Finale","PiercingWail"],"picked":"Footwork+1","floor":20},{"not_picked":["Cloak And Dagger","Bane+1"],"picked":"Crippling Poison+1","floor":22},{"not_picked":["Outmaneuver","Caltrops","Choke"],"picked":"SKIP","floor":23},{"not_picked":["Sucker Punch","Blur"],"picked":"Terror","floor":25},{"not_picked":["Sucker Punch","Slice","Flying Knee","Outmaneuver"],"picked":"SKIP","floor":27},{"not_picked":["Dagger Throw","Dodge and Roll","Quick Slash"],"picked":"Noxious Fumes+1","floor":30},{"not_picked":["Dodge and Roll","Leg Sweep","PiercingWail"],"picked":"Acrobatics","floor":35},{"not_picked":["Bane","Blade Dance","Dagger Throw","Cloak And Dagger"],"picked":"SKIP","floor":36},{"not_picked":["Setup+1","Cloak And Dagger+1","Deflect","Acrobatics"],"picked":"SKIP","floor":39},{"not_picked":["Venomology","PiercingWail+1","Eviscerate+1"],"picked":"Acrobatics+1","floor":42},{"not_picked":["Distraction+1","Backflip","Dagger Throw+1","Sucker Punch+1"],"picked":"Singing Bowl","floor":46},{"not_picked":["Choke","Slice","Deflect"],"picked":"Bullet Time","floor":47},{"not_picked":["Blade Dance","Eviscerate+1","Sucker Punch+1","Outmaneuver+1"],"picked":"Singing Bowl","floor":48},{"not_picked":["Flying Knee","Skewer","Bane+1"],"picked":"Backflip+1","floor":54}],"player_experience":1850765,"relics_obtained":[{"floor":6,"key":"The Specimen"},{"floor":9,"key":"HornCleat"},{"floor":10,"key":"Pocketwatch"},{"floor":13,"key":"Gremlin Horn"},{"floor":23,"key":"Dream Catcher"},{"floor":25,"key":"Centennial Puzzle"},{"floor":26,"key":"Question Card"},{"floor":27,"key":"Toy Ornithopter"},{"floor":46,"key":"Singing Bowl"},{"floor":54,"key":"Bottled Flame"}],"event_choices":[{"damage_healed":0,"gold_gain":0,"player_choice":"Take Damage","damage_taken":17,"relics_obtained":["Golden Idol"],"max_hp_gain":0,"max_hp_loss":0,"event_name":"Golden Idol","floor":3,"gold_loss":0},{"damage_healed":0,"gold_gain":0,"cards_transformed":["Strike_G"],"player_choice":"Transformed","damage_taken":0,"max_hp_gain":0,"max_hp_loss":0,"event_name":"Transmorgrifier","floor":12,"gold_loss":0,"cards_obtained":["Night Terror"]},{"damage_healed":0,"gold_gain":0,"player_choice":"1 cards matched","damage_taken":0,"max_hp_gain":0,"max_hp_loss":0,"event_name":"Match and Keep!","floor":21,"gold_loss":0,"cards_obtained":["Neutralize"]},{"damage_healed":0,"gold_gain":0,"player_choice":"Upgraded","damage_taken":0,"max_hp_gain":0,"max_hp_loss":0,"event_name":"Upgrade Shrine","floor":28,"gold_loss":0,"cards_upgraded":["Night Terror"]},{"damage_healed":0,"gold_gain":999,"player_choice":"Gold","damage_taken":0,"max_hp_gain":0,"max_hp_loss":0,"event_name":"MindBloom","floor":37,"gold_loss":0,"cards_obtained":["Normality","Normality"]},{"cards_removed":["Acrobatics"],"damage_healed":0,"gold_gain":0,"player_choice":"Removed Skill","damage_taken":0,"max_hp_gain":0,"max_hp_loss":0,"event_name":"Falling","floor":38,"gold_loss":0},{"damage_healed":0,"gold_gain":0,"player_choice":"Upgraded","damage_taken":0,"max_hp_gain":0,"max_hp_loss":0,"event_name":"Upgrade Shrine","floor":45,"gold_loss":0,"cards_upgraded":["Wraith Form v2"]}],"is_beta":false,"boss_relics":[{"not_picked":["Ectoplasm","Velvet Choker"],"picked":"HoveringKite"},{"not_picked":["SacredBark","Tiny House"],"picked":"Pandora\u0027s Box"}],"items_purged_floors":[31,41,44],"is_endless":false,"potions_floor_spawned":[2,8,11,14,16,20,23,30,33,39,46,47],"ascension_level":1}}