{"host":"i09pxcjttd31eh4q","time":1609166157,"event":{"mods":["AchievementEnabler","BaseMod","Colored Map","Keyboard Shortcuts","Minty Spire (QoL Compilation)","StSLib","SuperFastMode"],"gold_per_floor":[111,186,186,201,213,247,247,266,291,321,333,495,187,187,187],"floor_reached":14,"playtime":197,"items_purged":["Doubt"],"score":180,"play_id":"f81d5d9b-e783-4c2b-965e-7448a3209918","local_time":"20201228233557","is_ascension_mode":true,"campfire_choices":[{"data":"Storm","floor":7,"key":"SMITH"},{"data":"Heatsinks","floor":11,"key":"SMITH"}],"circlet_count":0,"master_deck":["AscendersBane","Strike_B","Strike_B","Strike_B","Strike_B","Defend_B","Defend_B","Defend_B","Defend_B","Zap","Dualcast","Glacier","Storm+1","Hello World","Heatsinks+1","Chill","Go for the Eyes","Defragment"],"relics":["Cracked Core","NeowsBlessing","FaceOfCleric","Bronze Scales","MawBank","Runic Capacitor"],"acts_visited":["Exordium"],"potions_floor_usage":[10,14],"damage_taken":[{"damage":0.0,"enemies":"Jaw Worm","floor":1.0,"turns":1.0},{"damage":0,"enemies":"Cultist","floor":4,"turns":1},{"damage":0,"enemies":"2 Louse","floor":5,"turns":1},{"damage":24,"enemies":"3 Sentries","floor":6,"turns":7},{"damage":12,"enemies":"Looter","floor":8,"turns":3},{"damage":7,"enemies":"Exordium Thugs","floor":10,"turns":4},{"damage":34,"enemies":"Gremlin Nob","floor":14,"turns":3}],"seed_played":"4542349880556165333","potions_obtained":[{"floor":1.0,"key":"SmokeBomb"},{"floor":4,"key":"Block Potion"},{"floor":8,"key":"CultistPotion"}],"is_trial":false,"path_per_floor":["M","?","?","M","M","E","R","M","T","M","R","?","$","E"],"character_chosen":"DEFECT","items_purchased":["Runic Capacitor","Defragment"],"campfire_rested":0,"item_purchase_floors":[13,13],"current_hp_per_floor":[64,53,53,54,55,32,32,21,21,15,15,15,15,0,0],"gold":187,"neow_bonus":"THREE_ENEMY_KILL","is_daily":false,"chose_seed":false,"campfire_upgraded":2,"win_rate":0.0,"timestamp":1609166157,"path_taken":["M","?","?","M","?","E","R","M","T","M","R","?","$","E"],"items_purchased_type":["Relic","Card"],"build_version":"2020-12-22","purchased_purges":1,"victory":false,"max_hp_per_floor":[71,71,71,72,73,74,74,75,75,76,76,76,76,76,76],"card_choices":[{"not_picked":["Force Field","Sweeping Beam"],"picked":"Glacier","floor":1.0},{"not_picked":["Rebound","Loop"],"picked":"Storm","floor":4},{"not_picked":["Redo","Stack"],"picked":"Hello World","floor":5},{"not_picked":["Hologram","Leap"],"picked":"Heatsinks","floor":6},{"not_picked":["Compile Driver","Scrape"],"picked":"Chill","floor":8},{"not_picked":["Redo","Gash"],"picked":"Go for the Eyes","floor":10}],"player_experience":782788,"relics_obtained":[{"floor":6,"key":"Bronze Scales"},{"floor":9,"key":"MawBank"}],"event_choices":[{"damage_healed":0.0,"max_hp_gain":0.0,"max_hp_loss":0.0,"gold_gain":75.0,"event_name":"World of Goop","player_choice":"Gather Gold","floor":2.0,"gold_loss":0.0,"damage_taken":11.0},{"damage_healed":0,"gold_gain":0,"player_choice":"Trade","damage_taken":0,"relics_obtained":["FaceOfCleric"],"max_hp_gain":0,"max_hp_loss":0,"event_name":"FaceTrader","floor":3,"gold_loss":0},{"damage_healed":0,"gold_gain":150,"player_choice":"AGREE","damage_taken":0,"max_hp_gain":0,"max_hp_loss":0,"event_name":"Liars Game","floor":12,"gold_loss":0,"cards_obtained":["Doubt"]}],"is_beta":false,"boss_relics":[],"items_purged_floors":[13],"is_endless":false,"potions_floor_spawned":[1,4,8],"killed_by":"Gremlin Nob","ascension_level":20}}