{"host":"28bpuzdckreop5i0","time":1609165739,"event":{"mods":["Act Like it!","Aspiration","BaseMod","Beaked The Cultist","Best Route Mod","BetterRewards","Challenge The Spire","Conspire","Defuse TimeMaze Blight","Downfall","Energized Spire","GifTheSpireLib","Googly Eyes","Hubris","Infinite Spire","Lobotomy","Mimic Mod","Minty Spire (QoL Compilation)","Relic Stats","Shop Mod","Spicy Shops","StSLib","Stuff the Spire","The Awakened One except there are too many feathers","The Construct","The Cursed","The Disciple","The Hierophant","The IronCluck","The Jungle","Thieving Mod","Transform Curses","Wandering Minibosses","slay the spire mod where everything is the same but ironclad has a cowboy hat"],"gold_per_floor":[111,145,164,16,16,42,62,62,62,77,77,92,92,109,109,212,212,226,240,120,130,146,175,175,0,0,0,0,10,210,68,68,68,68],"floor_reached":33,"playtime":1202,"items_purged":["construct:Strike_Gold"],"score":267,"play_id":"d44b40f6-e3a4-47e2-ad0b-1228a869e834","local_time":"20201228082859","is_ascension_mode":false,"campfire_choices":[{"floor":8,"key":"REST"},{"data":"construct:BatteryCore","floor":11,"key":"SMITH"},{"floor":13,"key":"REST"},{"data":"construct:Failsafe","floor":15,"key":"SMITH"},{"floor":24,"key":"REST"},{"data":"construct:Autoturret","floor":28,"key":"SMITH"},{"floor":32,"key":"REST"}],"circlet_count":0,"master_deck":["construct:Strike_Gold","construct:Strike_Gold","construct:Strike_Gold","construct:Strike_Gold","construct:Defend_Gold","construct:Defend_Gold","construct:Defend_Gold","construct:Defend_Gold","construct:Defend_Gold","construct:AttackMode","construct:ShiftStrike","construct:Autoturret+1","construct:ScopeCore","construct:BatteryCore+1","construct:Failsafe+1","construct:Analyze+1","StuffTheSpire:Vigor","construct:Autoturret+1"],"relics":["hierophant:PropheticMaskRelic","hubris:DeckOfHolding","MerchantsRug","Sundial","StuffTheSpire:Rhapsscallions","Velvet Choker","conspire:TopHat","aspiration:StickyExplosives_weak","infinitespire:EmpoweringShard","StuffTheSpire:DarkSteelAnvil"],"acts_visited":["Exordium","TheCity"],"potions_floor_usage":[6,6,12,16,18,23,33,33],"damage_taken":[{"damage":1,"enemies":"Cultist","floor":1,"turns":3},{"damage":27,"enemies":"conspire:MimicChest","floor":2,"turns":5},{"damage":2,"enemies":"2 Louse","floor":3,"turns":3},{"damage":16,"enemies":"Gremlin Nob","floor":6,"turns":3},{"damage":12,"enemies":"Small Slimes","floor":7,"turns":3},{"damage":0,"enemies":"Looter","floor":10,"turns":2},{"damage":2,"enemies":"Blue Slaver","floor":12,"turns":2},{"damage":11,"enemies":"Large Slime","floor":14,"turns":3},{"damage":29,"enemies":"Slime Boss","floor":16,"turns":6},{"damage":24,"enemies":"3 Byrds","floor":18,"turns":4},{"damage":17,"enemies":"Shell Parasite","floor":19,"turns":3},{"damage":5,"enemies":"Cultist and Chosen","floor":21,"turns":5},{"damage":0,"enemies":"Chosen and Byrds","floor":22,"turns":4},{"damage":22,"enemies":"conspire:SneckoGhost","floor":23,"turns":5},{"damage":22,"enemies":"Snake Plant","floor":29,"turns":4},{"damage":56,"enemies":"Champ","floor":33,"turns":5}],"seed_played":"-3355737471793261832","potions_obtained":[{"floor":2,"key":"AttackPotion"},{"floor":3,"key":"LiquidBronze"},{"floor":5,"key":"Fire Potion"},{"floor":5,"key":"Swift Potion"},{"floor":12,"key":"Ancient Potion"},{"floor":16,"key":"Explosive Potion"},{"floor":19,"key":"DistilledChaos"},{"floor":22,"key":"Fire Potion"},{"floor":29,"key":"Fire Potion"}],"is_trial":false,"path_per_floor":["M","?","M","$","?","E","M","R","T","M","R","M","R","M","R","B",null,"M","M","?","M","M","E","R","?","T","T","R","M","?","$","R","B"],"character_chosen":"THE_CONSTRUCT_MOD","items_purchased":["MerchantsRug","construct:BatteryCore","StuffTheSpire:DarkSteelAnvil"],"campfire_rested":4,"item_purchase_floors":[4,4,31],"current_hp_per_floor":[84,57,55,55,55,39,27,52,56,56,56,54,80,69,69,40,89,65,48,48,43,43,21,47,47,47,47,47,25,25,25,51,0,0],"gold":68,"neow_bonus":"NOSTALGIA","is_daily":false,"chose_seed":false,"campfire_upgraded":3,"win_rate":0.0,"timestamp":1609165739,"path_taken":["M","?","M","$","?","E","?","R","T","M","R","M","R","M","R","BOSS","M","M","?","M","M","E","R","?","T","?","R","M","?","$","R","BOSS"],"items_purchased_type":["Relic","Card","Relic"],"build_version":"2020-12-22","purchased_purges":1,"victory":false,"max_hp_per_floor":[85,85,85,85,85,85,85,85,89,89,89,89,89,89,89,89,89,89,89,89,89,89,89,89,89,89,89,89,89,89,89,89,89,89],"relic_stats":{"counters":[16,60],"Sundial":[18],"obtain_stats":[{"MerchantsRug":4,"aspiration:Nostalgia":0,"Sundial":6,"StuffTheSpire:Rhapsscallions":9,"construct:Cogwheel":0,"hierophant:PropheticMaskRelic":0,"Velvet Choker":17,"hubris:DeckOfHolding":2,"StuffTheSpire:DarkSteelAnvil":31,"infinitespire:EmpoweringShard":27,"conspire:TopHat":23,"aspiration:StickyExplosives_weak":26},{"MerchantsRug":3,"aspiration:Nostalgia":0,"Sundial":4,"StuffTheSpire:Rhapsscallions":5,"construct:Cogwheel":0,"hierophant:PropheticMaskRelic":0,"Velvet Choker":9,"hubris:DeckOfHolding":2,"StuffTheSpire:DarkSteelAnvil":15,"infinitespire:EmpoweringShard":14,"conspire:TopHat":14,"aspiration:StickyExplosives_weak":14},{"MerchantsRug":11,"aspiration:Nostalgia":0,"Sundial":14,"StuffTheSpire:Rhapsscallions":17,"construct:Cogwheel":0,"hierophant:PropheticMaskRelic":0,"Velvet Choker":30,"hubris:DeckOfHolding":8,"StuffTheSpire:DarkSteelAnvil":55,"infinitespire:EmpoweringShard":51,"conspire:TopHat":51,"aspiration:StickyExplosives_weak":51}]},"card_choices":[{"not_picked":["construct:SweepLaser","construct:Backfire"],"picked":"construct:ShiftStrike","floor":1},{"not_picked":["construct:SuppressiveFire","construct:ShiftStrike"],"picked":"construct:Autoturret","floor":2},{"not_picked":["construct:FlakBarrage","construct:MetalShell"],"picked":"construct:ScopeCore","floor":3},{"not_picked":["construct:SweepLaser","construct:ModeShift","construct:SuppressiveFire"],"picked":"SKIP","floor":6},{"not_picked":["construct:Missile","construct:Construct_Overclock","construct:ScrapCannon"],"picked":"SKIP","floor":7},{"not_picked":["construct:SweepLaser","construct:OneWayMirror","construct:ModeShift"],"picked":"SKIP","floor":10},{"not_picked":["construct:LaserCore","construct:FocusedBeam"],"picked":"construct:Failsafe","floor":12},{"not_picked":["construct:Anticipate","construct:Impenetrable","construct:ShiftStrike"],"picked":"SKIP","floor":14},{"not_picked":["construct:Disrupt","construct:CripplingShot","construct:OmegaCannon"],"picked":"SKIP","floor":18},{"not_picked":["construct:Tumble","construct:Anticipate"],"picked":"construct:Analyze+1","floor":19},{"not_picked":["construct:Chainstrike+1","construct:FlakBarrage","construct:ElectricArmor"],"picked":"SKIP","floor":21},{"not_picked":["construct:ElectricArmor+1","construct:ModeShift","construct:ScrapCannon+1"],"picked":"SKIP","floor":22},{"not_picked":["construct:SweepLaser","construct:ModeShift","construct:ShieldBurst"],"picked":"SKIP","floor":23},{"not_picked":["construct:Boost","construct:Tumble"],"picked":"construct:Autoturret+1","floor":29}],"player_experience":903521,"relics_obtained":[{"floor":2,"key":"hubris:DeckOfHolding"},{"floor":6,"key":"Sundial"},{"floor":9,"key":"StuffTheSpire:Rhapsscallions"},{"floor":23,"key":"conspire:TopHat"},{"floor":26,"key":"aspiration:StickyExplosives_weak"},{"floor":27,"key":"infinitespire:EmpoweringShard"}],"event_choices":[{"damage_healed":0,"gold_gain":0,"player_choice":"Got Potions","damage_taken":0,"max_hp_gain":0,"max_hp_loss":0,"event_name":"Lab","floor":5,"gold_loss":0},{"damage_healed":0,"gold_gain":0,"player_choice":"Paid Fearfully","damage_taken":0,"max_hp_gain":0,"max_hp_loss":0,"event_name":"Masked Bandits","floor":25,"gold_loss":175},{"damage_healed":0,"gold_gain":200,"player_choice":"Gold","damage_taken":0,"max_hp_gain":0,"max_hp_loss":0,"event_name":"Wheel of Change","floor":30,"gold_loss":0}],"is_beta":false,"boss_relics":[{"not_picked":["Empty Cage","Cursed Key"],"picked":"Velvet Choker"}],"items_purged_floors":[31],"is_endless":false,"potions_floor_spawned":[2,3,12,16,19,22,29],"killed_by":"Champ","ascension_level":0}}