{"host":"1eo5f82aifdzd7pr","time":1609189694,"event":{"mods":["AchievementEnabler","BaseMod","Colored Map","Colored Powertips","DeckTracker","Minty Spire (QoL Compilation)","SuperFastMode","The Servant 0.9.4"],"gold_per_floor":[114,134,146,146,71,71,71,71,71,85,85,111,122,135,135,135,135],"floor_reached":16,"playtime":822,"items_purged":["Defend_S"],"score":143,"play_id":"2ac26532-de4d-448a-bc04-4ca73e78acb4","local_time":"20201228230814","is_ascension_mode":true,"campfire_choices":[{"data":"Defy","floor":6.0,"key":"SMITH"},{"data":"Orbit","floor":8.0,"key":"SMITH"},{"floor":15,"key":"REST"}],"circlet_count":0,"master_deck":["Strike_S","Strike_S","Strike_S","Strike_S","Defend_S","Defend_S+1","Defend_S","KidneyShot+1","Exchange+1","Orbit+1","ShatteredReality+1","Defy+1","Advance"],"relics":["Uniform","Kunai","PaperSwan"],"acts_visited":["Exordium"],"potions_floor_usage":[],"damage_taken":[{"damage":9.0,"enemies":"Small Slimes","floor":1.0,"turns":4.0},{"damage":0.0,"enemies":"Cultist","floor":2.0,"turns":4.0},{"damage":0.0,"enemies":"2 Louse","floor":3.0,"turns":2.0},{"damage":6.0,"enemies":"Large Slime","floor":10.0,"turns":6.0},{"damage":6.0,"enemies":"Lagavulin","floor":12.0,"turns":8.0},{"damage":6,"enemies":"Exordium Thugs","floor":13,"turns":3},{"damage":0,"enemies":"Gremlin Gang","floor":14,"turns":1},{"damage":45,"enemies":"Hexaghost","floor":16,"turns":11}],"seed_played":"6171136810212816390","potions_obtained":[{"floor":3.0,"key":"BlessingOfTheForge"},{"floor":4.0,"key":"DuplicationPotion"},{"floor":4.0,"key":"Weak Potion"},{"floor":12.0,"key":"FearPotion"}],"is_trial":false,"path_per_floor":["M","M","M","?","$","R","?","R","T","M","?","E","M","M","R","B"],"character_chosen":"THE_SERVANT","items_purchased":[],"campfire_rested":1,"item_purchase_floors":[],"current_hp_per_floor":[50,50,50,50,50,50,37,37,37,31,31,25,19,19,38,0,0],"gold":135,"neow_bonus":"UPGRADE_CARD","is_daily":false,"chose_seed":false,"campfire_upgraded":2,"win_rate":0.0,"timestamp":1609189694,"path_taken":["M","M","M","?","?","R","?","R","T","M","?","E","?","M","R","BOSS"],"items_purchased_type":[],"build_version":"2020-12-22","purchased_purges":1,"victory":false,"max_hp_per_floor":[65,65,65,65,65,65,65,65,65,65,65,65,65,65,65,65,65],"card_choices":[{"not_picked":["TimeWarp","Replace"],"picked":"Orbit","floor":1.0},{"not_picked":["Hightail","BottledTime"],"picked":"ShatteredReality","floor":2.0},{"not_picked":["ShatteredReality","FastForward"],"picked":"Defy","floor":3.0},{"not_picked":["ShatteredReality","Alleviate","Unruled"],"picked":"SKIP","floor":10.0},{"not_picked":["Rearm","Duplication"],"picked":"Advance","floor":12.0},{"not_picked":["Comet","ShatteredReality","DoubleEdge"],"picked":"SKIP","floor":13},{"not_picked":["Replace","ReturningBlade","StarChef"],"picked":"SKIP","floor":14}],"player_experience":737809,"relics_obtained":[{"floor":9.0,"key":"Kunai"},{"floor":12.0,"key":"PaperSwan"}],"event_choices":[{"damage_healed":0.0,"max_hp_gain":0.0,"max_hp_loss":0.0,"gold_gain":0.0,"event_name":"Lab","player_choice":"Got Potions","floor":4.0,"gold_loss":0.0,"damage_taken":0.0},{"damage_healed":0.0,"max_hp_gain":0.0,"max_hp_loss":0.0,"gold_gain":0.0,"event_name":"Shining Light","player_choice":"Entered Light","floor":7.0,"gold_loss":0.0,"damage_taken":13.0,"cards_upgraded":["ShatteredReality","Exchange"]},{"damage_healed":0.0,"max_hp_gain":0.0,"max_hp_loss":0.0,"gold_gain":0.0,"event_name":"Upgrade Shrine","player_choice":"Upgraded","floor":11.0,"gold_loss":0.0,"damage_taken":0.0,"cards_upgraded":["Defend_S"]}],"is_beta":false,"boss_relics":[],"items_purged_floors":[5],"is_endless":false,"potions_floor_spawned":[3,12,14],"killed_by":"Hexaghost","ascension_level":8}}