{"host":"kh6fvhxn285ncg0o","time":1609166941,"event":{"mods":["Act Like it!","BaseMod","Colored Map","Friendly Minions","Keyboard Shortcuts","Minty Spire (QoL Compilation)","Quick Restart","Relic Stats","StSLib","SuperFastMode"],"gold_per_floor":[117,127,127,147,147,147,180,199,199,199,199],"floor_reached":10,"playtime":265,"items_purged":[],"score":136,"play_id":"b8d29582-dd12-4d33-9582-acb296078254","local_time":"20201228234901","is_ascension_mode":true,"campfire_choices":[{"data":"Apotheosis","floor":6.0,"key":"SMITH"}],"circlet_count":0,"master_deck":["AscendersBane","Strike_R","Strike_R","Strike_R","Strike_R","Defend_R","Defend_R","Defend_R","Defend_R","Bash","Apotheosis+1","Second Wind","Power Through","Juggernaut"],"relics":["Burning Blood","Vajra","Question Card"],"acts_visited":["Exordium"],"potions_floor_usage":[10],"damage_taken":[{"damage":3.0,"enemies":"Cultist","floor":1.0,"turns":4.0},{"damage":7.0,"enemies":"Jaw Worm","floor":2.0,"turns":4.0},{"damage":2.0,"enemies":"Small Slimes","floor":4.0,"turns":5.0},{"damage":44.0,"enemies":"3 Sentries","floor":7.0,"turns":17.0},{"damage":3.0,"enemies":"Exordium Wildlife","floor":8.0,"turns":6.0},{"damage":38,"enemies":"Gremlin Nob","floor":10,"turns":4}],"seed_played":"6967329707689865697","potions_obtained":[{"floor":8.0,"key":"Swift Potion"}],"is_trial":false,"path_per_floor":["M","M","?","M","?","R","E","M","T","E"],"character_chosen":"IRONCLAD","items_purchased":[],"campfire_rested":0,"item_purchase_floors":[],"current_hp_per_floor":[53,52,45,49,54,54,16,19,19,0,0],"gold":199,"neow_bonus":"RANDOM_COLORLESS_2","is_daily":false,"chose_seed":false,"campfire_upgraded":1,"win_rate":0.0,"timestamp":1609166941,"path_taken":["M","?","?","M","?","R","E","M","T","E"],"items_purchased_type":[],"build_version":"2020-12-22","purchased_purges":0,"victory":false,"max_hp_per_floor":[75,75,75,75,80,80,80,80,80,80,80],"relic_stats":{"counters":[6,40],"Question Card":0,"obtain_stats":[{"Vajra":7,"Question Card":9,"Burning Blood":0},{"Vajra":4,"Question Card":5,"Burning Blood":0},{"Vajra":30,"Question Card":36,"Burning Blood":0}],"Burning Blood":30},"card_choices":[{"not_picked":["Violence","Magnetism"],"picked":"Apotheosis","floor":0.0},{"not_picked":["Wild Strike","Dropkick"],"picked":"Second Wind","floor":1.0},{"not_picked":["Combust","Shrug It Off"],"picked":"Power Through","floor":2.0},{"not_picked":["Perfected Strike","Whirlwind","Clash"],"picked":"SKIP","floor":7.0},{"not_picked":["Rage","Rupture"],"picked":"Juggernaut","floor":8.0}],"player_experience":3291220,"relics_obtained":[{"floor":7.0,"key":"Vajra"},{"floor":9.0,"key":"Question Card"}],"event_choices":[{"cards_removed":["Strike_R"],"damage_healed":0.0,"max_hp_gain":0.0,"max_hp_loss":0.0,"gold_gain":0.0,"event_name":"Golden Wing","player_choice":"Card Removal","floor":3.0,"gold_loss":0.0,"damage_taken":7.0},{"damage_healed":0.0,"max_hp_gain":5.0,"max_hp_loss":0.0,"gold_gain":0.0,"event_name":"Big Fish","player_choice":"Donut","floor":5.0,"gold_loss":0.0,"damage_taken":0.0}],"is_beta":false,"boss_relics":[],"items_purged_floors":[],"is_endless":false,"potions_floor_spawned":[8],"killed_by":"Gremlin Nob","ascension_level":20}}