{"host":"j1eo1fqrqta44853","time":1609184622,"event":{"mods":["Act Like it!","BaseMod","CatGirl Mod","Custom Start","Downfall","Elementarium","Gensokyo","GungeonMod","HololiveMod","Hubris","Infinite Spire","Lobotomy","LobotomyExtend","Marisa????????","Minty Spire (QoL Compilation)","Pale of the Ancients","Rare Cards Sparkle","Replay The Spire","SIMod","Shedinja","StSLib","The Jungle","The Marked","The Mystic","The Runesmith","The Senshi","The Vixen","TheBandit","Waifu the Spire"],"gold_per_floor":[112,125,125,145,161,161,161],"floor_reached":6,"playtime":1617,"items_purged":[],"score":38,"play_id":"a28430c6-c6ca-4b75-a8fd-2ee85631fa77","local_time":"20201228134342","is_ascension_mode":false,"campfire_choices":[],"circlet_count":0,"master_deck":["Strike_AJ","Strike_TS","Strike_RR","Strike_RD","Defend_TS","Defend_PP","Defend_FS","Defend_AJ","HarmonyShield","Yin","Magictrain","AppleFever","RashStunts","AllByMyself","Dear_Princess","GemstoneDetection","RashStunts"],"relics":["The_element_of_harmony","CogitoBucket","LetterFromLob","Gensokyo:Mercy"],"acts_visited":["Gensokyo:Gensokyo"],"potions_floor_usage":[6],"damage_taken":[{"damage":0,"enemies":"Gensokyo:2_Kodama","floor":1,"turns":6},{"damage":6,"enemies":"Gensokyo:Python","floor":2,"turns":6},{"damage":0,"enemies":"Gensokyo:3_Fairies","floor":4,"turns":8},{"damage":5,"enemies":"Gensokyo:CorruptedTreant","floor":5,"turns":9},{"damage":79,"enemies":"Gensokyo:Mamizou","floor":6,"turns":20}],"seed_played":"1319377576676182254","potions_obtained":[{"floor":4,"key":"BlessingOfTheForge"}],"is_trial":false,"path_per_floor":["M","M","?","M","M","E"],"character_chosen":"TWI_CLASS","items_purchased":[],"campfire_rested":0,"item_purchase_floors":[],"current_hp_per_floor":[82,76,76,76,71,0,0],"gold":161,"neow_bonus":"","is_daily":false,"chose_seed":false,"campfire_upgraded":0,"win_rate":0.0,"timestamp":1609184622,"path_taken":["M","M","?","M","M","E"],"items_purchased_type":[],"build_version":"2020-12-22","purchased_purges":0,"victory":false,"max_hp_per_floor":[82,82,82,82,82,82,82],"card_choices":[{"not_picked":["VoidDream","Bloodbath"],"picked":"Yin","floor":1},{"not_picked":["ISayNo"],"picked":"Magictrain","floor":1},{"not_picked":["ReinventMyself"],"picked":"AppleFever","floor":1},{"not_picked":["BeautySensation"],"picked":"RashStunts","floor":2},{"not_picked":["PartyAlone","PartyTime"],"picked":"SKIP","floor":2},{"not_picked":["CleanLibrary"],"picked":"AllByMyself","floor":4},{"not_picked":["ServeMeal"],"picked":"Dear_Princess","floor":4},{"not_picked":["Winterwrapup"],"picked":"GemstoneDetection","floor":5},{"not_picked":["BeautySensation"],"picked":"RashStunts","floor":5}],"player_experience":1012799,"relics_obtained":[{"floor":1,"key":"LetterFromLob"}],"event_choices":[],"is_beta":false,"boss_relics":[],"items_purged_floors":[],"is_endless":false,"potions_floor_spawned":[4],"killed_by":"Gensokyo:Mamizou","ascension_level":0}}