{"host":"grli52lbdph2722t","time":1609170650,"event":{"mods":["AchievementEnabler","BaseMod","Downfall","Minty Spire (QoL Compilation)","Quick Restart","StSLib"],"gold_per_floor":[99,109,122,141,51,84,152,152,179,104,121,121,6,39,56,56,56,56],"floor_reached":16,"playtime":707,"items_purged":["Slimebound:Icky","Pain"],"score":180,"play_id":"0d539d8f-31ce-4a0f-be5b-ee6766668f53","local_time":"20201228165050","is_ascension_mode":true,"campfire_choices":[{"data":"champ:RecklessLeap","floor":1.0,"key":"SMITH"},{"floor":10.0,"key":"REST"},{"data":"champ:PerfectForm","floor":12.0,"key":"SMITH"}],"circlet_count":0,"master_deck":["AscendersBane","champ:Strike","champ:Strike","champ:Defend","champ:Defend","champ:Defend","champ:Defend","champ:Execute","champ:Taunt","champ:Backstep","champ:RecklessLeap+1","champ:Backstep","champ:DefensiveStyle","champ:EndlessRage","champ:Haymaker","champ:PerfectForm+1","champ:StanceDance","champ:Balance","champ:AdrenalArmor","champ:Devastate","champ:StanceDance"],"relics":["champ:ChampionCrown","Vajra","Question Card","WarpedTongs","Matryoshka","downfall:HeartBlessingGreen","Meat on the Bone"],"acts_visited":["Exordium"],"potions_floor_usage":[],"damage_taken":[{"damage":23.0,"enemies":"Jaw Worm","floor":2.0,"turns":4.0},{"damage":20.0,"enemies":"Cultist","floor":3.0,"turns":3.0},{"damage":20.0,"enemies":"2 Louse","floor":4.0,"turns":3.0},{"damage":25.0,"enemies":"downfall:FleeingMerchant","floor":5.0,"turns":4.0},{"damage":69.0,"enemies":"Gremlin Nob","floor":6.0,"turns":6.0},{"damage":21.0,"enemies":"Lagavulin","floor":9.0,"turns":11.0},{"damage":31.0,"enemies":"Gremlin Gang","floor":11.0,"turns":6.0},{"damage":31.0,"enemies":"downfall:FleeingMerchant","floor":13.0,"turns":4.0},{"damage":33.0,"enemies":"Gremlin Nob","floor":14.0,"turns":4.0},{"damage":17.0,"enemies":"2 Fungi Beasts","floor":15.0,"turns":2.0},{"damage":32,"enemies":"downfall:Ironclad","floor":16,"turns":3}],"seed_played":"7795614009019826718","potions_obtained":[{"floor":11.0,"key":"LiquidMemories"},{"floor":14.0,"key":"SpeedPotion"}],"is_trial":false,"path_per_floor":["R","M","M","M","$","E","T","?","E","R","M","R","$","E","M","B"],"character_chosen":"THE_CHAMP","items_purchased":[],"campfire_rested":1,"item_purchase_floors":[],"current_hp_per_floor":[81,78,78,78,78,39,39,39,21,48,45,45,39,18,30,0,0,0],"gold":56,"neow_bonus":"TRANSFORM_TWO_CARDS","is_daily":false,"chose_seed":false,"campfire_upgraded":2,"win_rate":0.0,"timestamp":1609170650,"path_taken":["R","M","M","M","$","E","T","?","E","R","M","R","$","E","M","BOSS"],"items_purchased_type":[],"build_version":"2020-12-22","purchased_purges":2,"victory":false,"max_hp_per_floor":[90,90,90,90,90,90,90,90,90,90,90,90,90,90,90,90,90,90],"card_choices":[{"not_picked":["champ:BladeFlurry","champ:Haymaker"],"picked":"champ:Backstep","floor":2.0},{"not_picked":["champ:PreciseThrust","champ:FanOfKnives"],"picked":"champ:DefensiveStyle","floor":3.0},{"not_picked":["champ:IgnorePain","champ:FocusedGladiator"],"picked":"champ:EndlessRage","floor":4.0},{"not_picked":["champ:PreciseThrust","champ:BladeFlurry"],"picked":"champ:Haymaker","floor":5.0},{"not_picked":["champ:DefensiveShout","champ:FaceSlap"],"picked":"champ:PerfectForm","floor":6.0},{"not_picked":["champ:PreciseThrust","champ:BerserkersShout","champ:Circumvent"],"picked":"champ:StanceDance","floor":9.0},{"not_picked":["champ:RageSigil","champ:TornadoPunch","champ:DefensiveShout"],"picked":"champ:Balance","floor":11.0},{"not_picked":["champ:Backstep","champ:EndlessRage","champ:Lariat"],"picked":"champ:AdrenalArmor","floor":13.0},{"not_picked":["champ:BerserkersShout","champ:RageSigil","champ:FlashCut"],"picked":"champ:Devastate","floor":14.0},{"not_picked":["champ:TornadoPunch","champ:Shatter","champ:RisingSlash"],"picked":"champ:StanceDance","floor":15.0}],"player_experience":4889311,"relics_obtained":[{"floor":6.0,"key":"Vajra"},{"floor":7.0,"key":"Question Card"},{"floor":9.0,"key":"Matryoshka"},{"floor":14.0,"key":"Meat on the Bone"}],"event_choices":[{"damage_healed":0.0,"max_hp_gain":0.0,"max_hp_loss":0.0,"gold_gain":0.0,"event_name":"Accursed Blacksmith","player_choice":"Rummage","floor":8.0,"gold_loss":0.0,"damage_taken":0.0,"relics_obtained":["WarpedTongs"],"cards_obtained":["Pain"]}],"is_beta":false,"boss_relics":[],"items_purged_floors":[5,13],"is_endless":false,"potions_floor_spawned":[11,14],"killed_by":"downfall:Ironclad","ascension_level":10}}