{"host":"5bdt6s51dmpd4l3v","time":1609144871,"event":{"mods":["AchievementEnabler","BaseMod","Colored Map","Colored Powertips","Highlight Path","Minty Spire (QoL Compilation)","Quick Restart","Rare Cards Sparkle"],"gold_per_floor":[110,260,278,278,305,332,351,351,351,351,376,392,392,392,392,469,469,485,485,562,61,71,71,100,112,112,112,124,137,137,137,137,137,137],"floor_reached":33,"playtime":1049,"items_purged":[],"score":566,"play_id":"840f279d-e75e-4a45-937e-7f02c7744b38","local_time":"20201228164111","is_ascension_mode":true,"campfire_choices":[{"data":"Cleave","floor":8.0,"key":"SMITH"},{"data":"Sword Boomerang","floor":10.0,"key":"SMITH"},{"data":"Rage","floor":13.0,"key":"SMITH"},{"floor":15.0,"key":"REST"},{"floor":23.0,"key":"REST"},{"floor":27.0,"key":"REST"},{"data":"Armaments","floor":30,"key":"SMITH"},{"floor":32,"key":"REST"}],"circlet_count":0,"master_deck":["AscendersBane","Strike_R","Strike_R","Strike_R","Strike_R","Strike_R","Defend_R","Defend_R","Defend_R","Defend_R","Bash","Flex+1","Sword Boomerang+1","Cleave+1","Headbutt","Rage+1","Shockwave","Armaments+1","Dual Wield","Inflame","Pommel Strike+1"],"relics":["Burning Blood","NeowsBlessing","Blood Vial","Omamori","Sundial","Dead Branch","Calling Bell","Red Skull","Singing Bowl","Gambling Chip","Happy Flower","Bottled Flame","Lantern","Chemical X","StoneCalendar","Boot","Nilry\u0027s Codex"],"acts_visited":["Exordium","TheCity"],"potions_floor_usage":[28,33],"damage_taken":[{"damage":0.0,"enemies":"2 Louse","floor":1.0,"turns":1.0},{"damage":0.0,"enemies":"Small Slimes","floor":3.0,"turns":1.0},{"damage":0.0,"enemies":"3 Sentries","floor":6.0,"turns":2.0},{"damage":7.0,"enemies":"Jaw Worm","floor":7.0,"turns":2.0},{"damage":32.0,"enemies":"Gremlin Nob","floor":11.0,"turns":4.0},{"damage":22.0,"enemies":"3 Louse","floor":12.0,"turns":3.0},{"damage":45.0,"enemies":"Slime Boss","floor":16.0,"turns":9.0},{"damage":33.0,"enemies":"Spheric Guardian","floor":18.0,"turns":4.0},{"damage":7.0,"enemies":"2 Thieves","floor":22.0,"turns":3.0},{"damage":51.0,"enemies":"Gremlin Leader","floor":24.0,"turns":6.0},{"damage":23.0,"enemies":"Shelled Parasite and Fungi","floor":25.0,"turns":2.0},{"damage":0,"enemies":"3 Cultists","floor":28,"turns":2},{"damage":21,"enemies":"Snecko","floor":29,"turns":5},{"damage":48,"enemies":"Automaton","floor":33,"turns":4}],"seed_played":"4272220011163137404","potions_obtained":[{"floor":6.0,"key":"Dexterity Potion"},{"floor":7.0,"key":"ElixirPotion"},{"floor":12.0,"key":"ColorlessPotion"},{"floor":24.0,"key":"Explosive Potion"},{"floor":25.0,"key":"ColorlessPotion"},{"floor":29,"key":"Swift Potion"}],"is_trial":false,"path_per_floor":["M","?","M","?","T","E","M","R","T","R","E","M","R","?","R","B",null,"M","?","T","$","M","R","E","M","T","R","M","M","R","?","R","B"],"character_chosen":"IRONCLAD","items_purchased":["Lantern","BloodPotion","Armaments","Chemical X","Block Potion"],"campfire_rested":4,"item_purchase_floors":[21,21,21,21,21],"current_hp_per_floor":[74,74,75,75,75,75,74,74,74,74,49,35,35,28,50,13,60,35,35,35,35,36,58,32,17,17,40,50,37,37,16,39,0,0],"gold":137,"neow_bonus":"THREE_ENEMY_KILL","is_daily":false,"chose_seed":false,"campfire_upgraded":4,"win_rate":0.0,"timestamp":1609144871,"path_taken":["M","?","M","?","?","E","M","R","T","R","E","M","R","?","R","BOSS","M","?","?","$","M","R","E","M","T","R","M","M","R","?","R","BOSS"],"items_purchased_type":["Relic","Potion","Card","Relic","Potion"],"build_version":"2020-12-22","purchased_purges":0,"victory":false,"max_hp_per_floor":[75,75,75,75,75,75,75,75,75,75,75,75,75,75,75,75,75,75,75,75,75,75,75,77,77,77,77,79,79,79,79,79,79,79],"card_choices":[{"not_picked":["Clothesline","Ghostly Armor"],"picked":"Flex","floor":1.0},{"not_picked":["Heavy Blade","Fire Breathing","Dark Embrace"],"picked":"SKIP","floor":3.0},{"not_picked":["Juggernaut","Cleave"],"picked":"Sword Boomerang","floor":6.0},{"not_picked":["Havoc","Shrug It Off"],"picked":"Cleave","floor":7.0},{"not_picked":["Dark Embrace","Feel No Pain"],"picked":"Headbutt","floor":11.0},{"not_picked":["Ghostly Armor","Anger"],"picked":"Rage","floor":12.0},{"not_picked":["Rage","Havoc"],"picked":"Shockwave","floor":18.0},{"not_picked":["Sentinel","Hemokinesis"],"picked":"Dual Wield","floor":22.0},{"not_picked":["Intimidate","Pommel Strike","Headbutt"],"picked":"Singing Bowl","floor":24.0},{"not_picked":["Rupture","Havoc"],"picked":"Inflame","floor":25.0},{"not_picked":["Armaments","Anger","Intimidate"],"picked":"Singing Bowl","floor":28},{"not_picked":["Cleave","Uppercut"],"picked":"Pommel Strike+1","floor":29}],"player_experience":270694,"relics_obtained":[{"floor":5.0,"key":"Blood Vial"},{"floor":6.0,"key":"Omamori"},{"floor":9.0,"key":"Sundial"},{"floor":11.0,"key":"Dead Branch"},{"floor":17.0,"key":"Red Skull"},{"floor":17.0,"key":"Singing Bowl"},{"floor":17.0,"key":"Gambling Chip"},{"floor":20.0,"key":"Bottled Flame"},{"floor":24.0,"key":"StoneCalendar"},{"floor":26.0,"key":"Boot"},{"floor":31,"key":"Nilry\u0027s Codex"}],"event_choices":[{"damage_healed":0.0,"max_hp_gain":0.0,"max_hp_loss":0.0,"gold_gain":150.0,"event_name":"Liars Game","player_choice":"AGREE","floor":2.0,"gold_loss":0.0,"damage_taken":0.0,"cards_obtained":["Doubt"]},{"damage_healed":0.0,"max_hp_gain":0.0,"max_hp_loss":0.0,"gold_gain":0.0,"event_name":"Living Wall","player_choice":"Grow","floor":4.0,"gold_loss":0.0,"damage_taken":0.0,"cards_upgraded":["Flex"]},{"cards_removed":["Doubt"],"damage_healed":0.0,"max_hp_gain":0.0,"max_hp_loss":0.0,"gold_gain":0.0,"event_name":"Golden Wing","player_choice":"Card Removal","floor":14.0,"gold_loss":0.0,"damage_taken":7.0},{"damage_healed":0.0,"max_hp_gain":0.0,"max_hp_loss":0.0,"gold_gain":0.0,"event_name":"The Mausoleum","player_choice":"Opened","floor":19.0,"gold_loss":0.0,"damage_taken":0.0,"relics_obtained":["Happy Flower"],"cards_obtained":["Writhe"]},{"damage_healed":0,"gold_gain":0,"player_choice":"Obtained Book","damage_taken":21,"max_hp_gain":0,"max_hp_loss":0,"event_name":"Cursed Tome","floor":31,"gold_loss":0}],"is_beta":false,"boss_relics":[{"not_picked":["Astrolabe","Fusion Hammer"],"picked":"Calling Bell"}],"items_purged_floors":[],"is_endless":false,"potions_floor_spawned":[6,7,12,24,25,29],"killed_by":"Automaton","ascension_level":18}}