{"host":"337p6miwxbqfki03","time":1609131221,"event":{"mods":["BaseMod","Better Third Choice","Colored Map","Conspire","Downfall","Hubris","Minty Spire (QoL Compilation)","Replay The Spire","Somnambulant","StSLib","The Hierophant","Unceasing Turn Reminder"],"gold_per_floor":[114,0,19,19,19,39,39,59,59,59,79,79,111,32,32,233,233,244,152,172,172,190,190,205,205,260,31,31,59,59,59],"floor_reached":30,"playtime":3748,"items_purged":[],"score":248,"play_id":"70f41038-ee1e-498a-abe3-60c458e3f9df","local_time":"20201227225341","is_ascension_mode":false,"campfire_choices":[{"floor":10,"key":"REST"},{"floor":12,"key":"REST"},{"floor":15,"key":"REST"},{"floor":23,"key":"REST"}],"circlet_count":0,"master_deck":["somnambulantmod: SomnambulantStrike","somnambulantmod: SomnambulantStrike","somnambulantmod: SomnambulantStrike+1","somnambulantmod: SomnambulantStrike","somnambulantmod: SomnambulantStrike","somnambulantmod: Defend_Somnambulant","somnambulantmod: Defend_Somnambulant","somnambulantmod: Defend_Somnambulant+1","somnambulantmod: Defend_Somnambulant","somnambulantmod: Defend_Somnambulant+1","somnambulantmod: QuickNap","somnambulantmod: PrimingPunch+1","Replay:SS_forest_2","somnambulantmod: SnuggleUp","Enlightenment","somnambulantmod: DreamBig","somnambulantmod: LayeredDefense","somnambulantmod: ImpenetrableMind","somnambulantmod: MindWave","somnambulantmod: Cower","somnambulantmod: ShimmeringVeil","somnambulantmod: Refracture","somnambulantmod: Extract","Replay:SS_hec_2","somnambulantmod: Blink","somnambulantmod: BrainFeeder","somnambulantmod: PourItOut","somnambulantmod: InLimbo","somnambulantmod: Sleepyhead+1"],"relics":["somnambulantmod: DreamJournal","hubris:Icosahedron","somnambulantmod: MemoryHouse","hubris:SlimyHat","Ornamental Fan","somnambulantmod: BrokenTimepiece","MealTicket","Toolbox","MutagenicStrength","Replay:Accelerometer"],"acts_visited":["Exordium","TheCity"],"potions_floor_usage":[],"damage_taken":[{"damage":2,"enemies":"conspire:RoseBush","floor":1,"turns":4},{"damage":10,"enemies":"Small Slimes","floor":3,"turns":5},{"damage":10,"enemies":"Jaw Worm","floor":6,"turns":7},{"damage":8,"enemies":"3 Louse","floor":8,"turns":4},{"damage":1,"enemies":"Exordium Thugs","floor":11,"turns":8},{"damage":28,"enemies":"Gremlin Nob","floor":13,"turns":6},{"damage":29,"enemies":"Fading Forest","floor":16,"turns":11},{"damage":14,"enemies":"Chosen","floor":18,"turns":8},{"damage":5,"enemies":"Spheric Guardian","floor":20,"turns":7},{"damage":4,"enemies":"Centurion and Healer","floor":22,"turns":9},{"damage":19,"enemies":"Sentry and Sphere","floor":24,"turns":9},{"damage":28,"enemies":"Replay:Snechameleon","floor":29,"turns":10},{"damage":0,"enemies":"conspire:HollyBat","floor":30,"turns":20}],"seed_played":"7094101954230168262","potions_obtained":[{"floor":6,"key":"sneckomod:MuddlingPotion"},{"floor":11,"key":"PowerPotion"},{"floor":22,"key":"Weak Potion"},{"floor":29,"key":"sneckomod:MuddlingPotion"}],"is_trial":false,"path_per_floor":["M","?","M","?","?","M","?","M","T","R","M","R","E","$","R","B",null,"M","$","M","?","M","R","M","?","T","$","?","E","M"],"character_chosen":"THE_SOMNAMBULANT","items_purchased":["somnambulantmod: ShimmeringVeil","Replay:SS_hec_2","somnambulantmod: InLimbo","Toolbox"],"campfire_rested":4,"item_purchase_floors":[14,19,27,27],"current_hp_per_floor":[68,74,64,64,64,54,54,46,46,70,69,80,52,52,78,71,82,68,68,63,63,59,84,65,65,65,80,80,52,52,52],"gold":59,"neow_bonus":"RANDOM_COLORLESS","is_daily":false,"chose_seed":false,"campfire_upgraded":0,"win_rate":0.0,"timestamp":1609131221,"path_taken":["M","?","M","?","?","?","?","M","T","R","M","R","E","$","R","BOSS","M","$","M","?","M","R","M","?","T","$","?","E","M"],"items_purchased_type":["Card","Card","Card","Relic"],"build_version":"2020-12-22","purchased_purges":0,"victory":false,"max_hp_per_floor":[70,76,76,76,76,76,76,76,76,78,78,80,80,80,82,82,82,82,82,82,82,82,84,84,84,84,84,84,84,84,84],"card_choices":[{"not_picked":["Mind Blast","expansioncontent:FaceSlap"],"picked":"Replay:SS_forest_2","floor":0},{"not_picked":["somnambulantmod: Overshare","somnambulantmod: Repression"],"picked":"somnambulantmod: SnuggleUp","floor":1},{"not_picked":["somnambulantmod: OpeningUp","somnambulantmod: Harden"],"picked":"somnambulantmod: DreamBig","floor":3},{"not_picked":["somnambulantmod: Unmake","somnambulantmod: Bruise"],"picked":"somnambulantmod: LayeredDefense","floor":6},{"not_picked":["somnambulantmod: Trauma","somnambulantmod: Extract"],"picked":"somnambulantmod: ImpenetrableMind","floor":8},{"not_picked":["somnambulantmod: Nosebleed","somnambulantmod: SickeningSwathe"],"picked":"somnambulantmod: MindWave","floor":11},{"not_picked":["somnambulantmod: HeadSmack","somnambulantmod: Wake"],"picked":"somnambulantmod: Cower","floor":13},{"not_picked":["somnambulantmod: Lucidity","somnambulantmod: Inspiration"],"picked":"somnambulantmod: Refracture","floor":16},{"not_picked":["somnambulantmod: Wake","somnambulantmod: Repression"],"picked":"somnambulantmod: Extract","floor":18},{"not_picked":["somnambulantmod: AllForNothing+1","somnambulantmod: Wake+1"],"picked":"somnambulantmod: Blink","floor":20},{"not_picked":["somnambulantmod: UnthoughtKnown","somnambulantmod: MuscleMemory"],"picked":"somnambulantmod: BrainFeeder","floor":22},{"not_picked":["somnambulantmod: RecurringDream+1","somnambulantmod: Unknow"],"picked":"somnambulantmod: PourItOut","floor":24},{"not_picked":["somnambulantmod: Stumble","somnambulantmod: Nosebleed"],"picked":"somnambulantmod: Sleepyhead+1","floor":29}],"player_experience":217123,"relics_obtained":[{"floor":9,"key":"hubris:SlimyHat"},{"floor":13,"key":"Ornamental Fan"},{"floor":26,"key":"MealTicket"},{"floor":29,"key":"Replay:Accelerometer"}],"event_choices":[{"damage_healed":0,"gold_gain":0,"player_choice":"RENOUNCE","damage_taken":114,"max_hp_gain":0,"max_hp_loss":0,"event_name":"betterThird:BetterSerpent","floor":2,"gold_loss":114,"cards_obtained":["Enlightenment"]},{"damage_healed":0,"gold_gain":0,"player_choice":"Leave","damage_taken":0,"max_hp_gain":0,"max_hp_loss":0,"event_name":"conspire:Investor","floor":4,"gold_loss":0},{"damage_healed":0,"gold_gain":0,"player_choice":"Gave Potion","damage_taken":0,"relics_obtained":["somnambulantmod: MemoryHouse"],"max_hp_gain":0,"max_hp_loss":0,"event_name":"WeMeetAgain","floor":7,"gold_loss":0},{"damage_healed":0,"gold_gain":0,"player_choice":"Inject Mutagens","damage_taken":0,"relics_obtained":["MutagenicStrength"],"max_hp_gain":0,"max_hp_loss":0,"event_name":"Drug Dealer","floor":28,"gold_loss":0}],"is_beta":false,"boss_relics":[{"not_picked":["ReplayTheSpireMod:DimensionalGlitch","Replay:Ancient Bell"],"picked":"somnambulantmod: BrokenTimepiece"}],"items_purged_floors":[],"is_endless":false,"potions_floor_spawned":[6,11,22,29],"killed_by":"conspire:HollyBat","ascension_level":0}}