{"host":"vcrofm1hbk0ziuql","time":1609192887,"event":{"mods":["2.2 Compatiblity","BaseMod","Colored Map","DeckTracker","Googly Eyes","Highlight Path","Minty Spire (QoL Compilation)","StSLib"],"gold_per_floor":[111,111,127,127,142,142,160,175,175,251,251,265,265,281,281,377,377,394,394,406,416,432,463,483,510,510,522,522,366,379,48,48,150,150,162,180,194,194,212,245,259,290,314,329,329,342,342,68,68,68,68,68,19,53,53,53],"floor_reached":55,"playtime":3015,"items_purged":["Strike_G","Strike_G","Defend_G"],"score":767,"play_id":"9125f326-b175-4900-9189-30157ee2ee36","local_time":"20201228220127","is_ascension_mode":false,"campfire_choices":[{"data":"Envenom","floor":6,"key":"SMITH"},{"data":"Cloak And Dagger","floor":11,"key":"SMITH"},{"data":"Survivor","floor":13,"key":"SMITH"},{"data":"Heel Hook","floor":15,"key":"SMITH"},{"floor":32,"key":"REST"},{"floor":45,"key":"REST"},{"floor":47,"key":"RECALL"},{"floor":49,"key":"REST"},{"data":"Tools of the Trade","floor":52,"key":"SMITH"}],"circlet_count":0,"master_deck":["Defend_G","Defend_G","Defend_G","Survivor+1","Neutralize+1","Envenom+1","Heel Hook+1","Cloak And Dagger+1","Finisher","Dagger Throw+1","Storm of Steel","Backflip+1","Blur","Deflect","Infinite Blades+1","Cloak And Dagger+1","Noxious Fumes+1","Infinite Blades+1","Flash of Steel+1","Footwork","Accuracy","Tools of the Trade+1","Accuracy+1","Dodge and Roll+1","Malaise+1","Catalyst+1","Noxious Fumes+1","Flash of Steel","Prepared","Cloak And Dagger+1","Prepared+1","Backflip+1"],"relics":["Ring of the Snake","Singing Bowl","Matryoshka","Pear","Mercury Hourglass","Black Star","Ginger","Potion Belt","Pocketwatch","Vajra","Oddly Smooth Stone","Art of War","TwistedFunnel","Astrolabe","Boot","Dream Catcher","StrikeDummy","Orichalcum","Whetstone","Bronze Scales","Gambling Chip"],"acts_visited":["Exordium","TheCity","TheBeyond","TheEnding"],"potions_floor_usage":[12,16,16,22,23,33,42,42,42,42,55],"damage_taken":[{"damage":0,"enemies":"Small Slimes","floor":1,"turns":4},{"damage":0,"enemies":"Jaw Worm","floor":3,"turns":4},{"damage":2,"enemies":"Cultist","floor":5,"turns":4},{"damage":8,"enemies":"2 Fungi Beasts","floor":7,"turns":4},{"damage":11,"enemies":"Gremlin Gang","floor":8,"turns":6},{"damage":4,"enemies":"Looter","floor":12,"turns":3},{"damage":2,"enemies":"3 Louse","floor":14,"turns":3},{"damage":14,"enemies":"Slime Boss","floor":16,"turns":6},{"damage":10,"enemies":"3 Byrds","floor":18,"turns":5},{"damage":8,"enemies":"Shell Parasite","floor":20,"turns":5},{"damage":1,"enemies":"Shelled Parasite and Fungi","floor":21,"turns":8},{"damage":5,"enemies":"Cultist and Chosen","floor":22,"turns":6},{"damage":33,"enemies":"Slavers","floor":23,"turns":8},{"damage":2,"enemies":"Snake Plant","floor":24,"turns":4},{"damage":11,"enemies":"Book of Stabbing","floor":25,"turns":7},{"damage":2,"enemies":"Centurion and Healer","floor":27,"turns":5},{"damage":7,"enemies":"3 Cultists","floor":30,"turns":5},{"damage":18,"enemies":"Automaton","floor":33,"turns":7},{"damage":9,"enemies":"3 Darklings","floor":35,"turns":5},{"damage":6,"enemies":"Orb Walker","floor":36,"turns":3},{"damage":12,"enemies":"Sphere and 2 Shapes","floor":37,"turns":5},{"damage":0,"enemies":"Maw","floor":39,"turns":5},{"damage":10,"enemies":"Giant Head","floor":40,"turns":7},{"damage":10,"enemies":"Transient","floor":41,"turns":5},{"damage":27,"enemies":"Reptomancer","floor":42,"turns":6},{"damage":7,"enemies":"3 Darklings","floor":44,"turns":4},{"damage":24,"enemies":"Maw","floor":46,"turns":6},{"damage":55,"enemies":"Time Eater","floor":50,"turns":11},{"damage":61,"enemies":"Shield and Spear","floor":54,"turns":8},{"damage":68,"enemies":"The Heart","floor":55,"turns":3}],"seed_played":"2011027676736051864","potions_obtained":[{"floor":1,"key":"CultistPotion"},{"floor":8,"key":"Fruit Juice"},{"floor":12,"key":"DuplicationPotion"},{"floor":20,"key":"PowerPotion"},{"floor":21,"key":"LiquidMemories"},{"floor":27,"key":"DuplicationPotion"},{"floor":30,"key":"Dexterity Potion"},{"floor":33,"key":"Fire Potion"},{"floor":37,"key":"EssenceOfSteel"},{"floor":39,"key":"BlessingOfTheForge"},{"floor":41,"key":"SteroidPotion"},{"floor":54,"key":"ColorlessPotion"}],"is_trial":false,"path_per_floor":["M","?","M","?","M","R","M","M","T","T","R","M","R","M","R","B",null,"M","?","M","M","M","E","M","E","T","M","?","$","M","$","R","B",null,"M","M","M","?","M","E","M","E","T","M","R","M","R","$","R","B",null,"R","$","E","B"],"character_chosen":"THE_SILENT","items_purchased":["Flash of Steel","Accuracy","TwistedFunnel","Whetstone","SpeedPotion"],"campfire_rested":3,"item_purchase_floors":[29,31,31,48,53],"current_hp_per_floor":[70,70,70,70,68,68,60,49,49,59,59,62,62,62,62,48,89,79,79,71,70,67,34,32,21,21,19,19,19,12,12,39,21,91,82,78,66,66,66,58,50,23,23,18,49,27,27,27,57,2,103,103,103,42,0,0],"gold":53,"neow_bonus":"ONE_RANDOM_RARE_CARD","is_daily":false,"chose_seed":false,"campfire_upgraded":5,"win_rate":0.0,"timestamp":1609192887,"path_taken":["M","?","M","?","M","R","M","M","T","?","R","M","R","?","R","BOSS","M","?","M","M","M","E","M","E","T","?","?","$","M","$","R","BOSS","M","M","M","?","M","E","M","E","T","M","R","M","R","$","R","BOSS","R","$","E","BOSS"],"items_purchased_type":["Card","Card","Relic","Relic","Potion"],"build_version":"2020-12-22","purchased_purges":3,"victory":false,"max_hp_per_floor":[70,70,70,70,70,70,70,70,70,80,80,87,87,89,89,89,89,89,89,89,89,91,91,91,91,91,91,91,91,91,91,91,91,91,91,93,93,93,93,95,97,97,97,99,101,103,103,103,103,103,103,103,103,103,103,103],"card_choices":[{"not_picked":["Dagger Throw","Backflip"],"picked":"Heel Hook","floor":1},{"not_picked":["Dagger Spray","Underhanded Strike","Dash"],"picked":"SKIP","floor":3},{"not_picked":["Deflect","Slice"],"picked":"Cloak And Dagger","floor":5},{"not_picked":["Flechettes","Backflip"],"picked":"Finisher","floor":7},{"not_picked":["Flying Knee","Terror"],"picked":"Dagger Throw","floor":8},{"not_picked":["Dagger Spray","Deadly Poison","Quick Slash"],"picked":"Singing Bowl","floor":12},{"not_picked":["Cloak And Dagger","Predator","Sucker Punch"],"picked":"Singing Bowl","floor":14},{"not_picked":["Night Terror","Burst"],"picked":"Storm of Steel","floor":16},{"not_picked":["Flying Knee+1","Dodge and Roll"],"picked":"Backflip+1","floor":18},{"not_picked":["Well Laid Plans","Deflect"],"picked":"Blur","floor":20},{"not_picked":["Dagger Spray","Bouncing Flask"],"picked":"Deflect","floor":21},{"not_picked":["Dagger Throw","Quick Slash+1","Caltrops"],"picked":"Singing Bowl","floor":22},{"not_picked":["Prepared","Flechettes+1"],"picked":"Infinite Blades+1","floor":23},{"not_picked":["Quick Slash","Catalyst"],"picked":"Cloak And Dagger+1","floor":24},{"not_picked":["A Thousand Cuts","Prepared"],"picked":"Noxious Fumes+1","floor":25},{"not_picked":["Deadly Poison","Cloak And Dagger"],"picked":"Infinite Blades+1","floor":27},{"not_picked":["Dagger Spray+1","Flying Knee+1"],"picked":"Footwork","floor":30},{"not_picked":["Night Terror","Grand Finale"],"picked":"Tools of the Trade","floor":33},{"not_picked":["Sucker Punch+1","Heel Hook+1"],"picked":"Catalyst+1","floor":35},{"not_picked":["Outmaneuver","Deadly Poison+1","Well Laid Plans+1"],"picked":"Singing Bowl","floor":36},{"not_picked":["Backflip","Acrobatics+1"],"picked":"Noxious Fumes+1","floor":37},{"not_picked":["Acrobatics+1","Accuracy+1"],"picked":"Prepared","floor":39},{"not_picked":["Backflip","Acrobatics","Poisoned Stab+1"],"picked":"Singing Bowl","floor":40},{"not_picked":["Finisher+1","Unload","Underhanded Strike"],"picked":"Singing Bowl","floor":41},{"not_picked":["Endless Agony+1","Eviscerate+1"],"picked":"Cloak And Dagger+1","floor":42},{"not_picked":["Dodge and Roll","Eviscerate+1","Endless Agony+1"],"picked":"Singing Bowl","floor":44},{"not_picked":["Flying Knee+1","Setup+1","Dagger Spray"],"picked":"Singing Bowl","floor":45},{"not_picked":["Blur","Flying Knee+1","All Out Attack"],"picked":"Singing Bowl","floor":46},{"not_picked":["Noxious Fumes+1","Dodge and Roll+1"],"picked":"Prepared+1","floor":49},{"not_picked":["Slice","Eviscerate"],"picked":"Backflip+1","floor":54}],"player_experience":552811,"relics_obtained":[{"floor":9,"key":"Matryoshka"},{"floor":10,"key":"Pear"},{"floor":10,"key":"Mercury Hourglass"},{"floor":23,"key":"Ginger"},{"floor":23,"key":"Potion Belt"},{"floor":25,"key":"Pocketwatch"},{"floor":25,"key":"Vajra"},{"floor":26,"key":"Oddly Smooth Stone"},{"floor":26,"key":"Art of War"},{"floor":40,"key":"Boot"},{"floor":40,"key":"Dream Catcher"},{"floor":42,"key":"StrikeDummy"},{"floor":42,"key":"Orichalcum"},{"floor":54,"key":"Bronze Scales"},{"floor":54,"key":"Gambling Chip"}],"event_choices":[{"damage_healed":0,"gold_gain":0,"player_choice":"Grow","damage_taken":0,"max_hp_gain":0,"max_hp_loss":0,"event_name":"Living Wall","floor":2,"gold_loss":0,"cards_upgraded":["Neutralize"]},{"damage_healed":0,"gold_gain":0,"player_choice":"Box","damage_taken":0,"relics_obtained":["Singing Bowl"],"max_hp_gain":0,"max_hp_loss":0,"event_name":"Big Fish","floor":4,"gold_loss":0,"cards_obtained":["Regret"]},{"cards_removed":["Regret"],"damage_healed":0,"gold_gain":0,"player_choice":"Removed Curses","damage_taken":0,"max_hp_gain":0,"max_hp_loss":0,"event_name":"Fountain of Cleansing","floor":19,"gold_loss":0},{"cards_removed":["Strike_G"],"damage_healed":0,"gold_gain":0,"player_choice":"Elegance","damage_taken":0,"max_hp_gain":0,"max_hp_loss":0,"event_name":"Back to Basics","floor":28,"gold_loss":0},{"damage_healed":0,"gold_gain":0,"player_choice":"Copied","damage_taken":0,"max_hp_gain":0,"max_hp_loss":0,"event_name":"Duplicator","floor":38,"gold_loss":0,"cards_obtained":["Flash of Steel"]}],"is_beta":false,"boss_relics":[{"not_picked":["Snecko Eye","Coffee Dripper"],"picked":"Black Star"},{"not_picked":["Ring of the Serpent","Fusion Hammer"],"picked":"Astrolabe"}],"items_purged_floors":[29,31,48],"is_endless":false,"potions_floor_spawned":[1,8,12,20,21,27,30,33,37,39,41,54],"killed_by":"The Heart","ascension_level":0}}