{"host":"rvgqag7mtxu5qaaz","time":1609114455,"event":{"mods":["AchievementEnabler","BaseMod","Downfall","Hermit","Hubris","Minty Spire (QoL Compilation)","Replay The Spire","StSLib","SuperFastMode","The Animator","The Construct","The Cursed","The Disciple","The Necromancer"],"gold_per_floor":[112,131,63,63,82,82,93,78,78,88,106,106,106,125,125,259,259,296,325,50,50,50,77,79,79],"floor_reached":24,"playtime":1605,"items_purged":["animator:Curse_Nutcracker"],"score":190,"play_id":"7e7b309b-73d7-4208-8fae-5a3dda0b9060","local_time":"20201227191415","is_ascension_mode":false,"campfire_choices":[{"floor":6,"key":"REST"},{"floor":15,"key":"REST"}],"circlet_count":0,"master_deck":["Strike_P","Strike_P","Strike_P","Strike_P","Defend_P","Defend_P","Defend_P","Defend_P","Eruption+1","Vigilance","Establishment","ThirdEye","CutThroughFate","Nirvana","LikeWater","ThirdEye","Weave+1","ClearTheMind","Wireheading","EmptyMind","Injury","Vault","JustLucky","ThirdEye+1","Perseverance","Apotheosis","EmptyFist"],"relics":["PureWater","ReplayTheSpireMod:CursedCoin","Mirror","Golden Idol","Replay:Bandana","Ring of Chaos"],"acts_visited":["Exordium","TheCity"],"potions_floor_usage":[16,18,23,23,23],"damage_taken":[{"damage":15,"enemies":"Small Slimes","floor":1,"turns":3},{"damage":12,"enemies":"Cultist","floor":2,"turns":3},{"damage":5,"enemies":"Jaw Worm","floor":5,"turns":7},{"damage":0,"enemies":"3 Louse","floor":7,"turns":1},{"damage":8,"enemies":"Lots of Slimes","floor":10,"turns":6},{"damage":4,"enemies":"Large Slime","floor":11,"turns":6},{"damage":0,"enemies":"Blue Slaver","floor":14,"turns":4},{"damage":42,"enemies":"The Guardian","floor":16,"turns":10},{"damage":32,"enemies":"Spheric Guardian","floor":18,"turns":5},{"damage":23,"enemies":"2 Thieves","floor":19,"turns":6},{"damage":11,"enemies":"Snake Plant","floor":23,"turns":8},{"damage":10,"enemies":"Sentry and Sphere","floor":24,"turns":6}],"seed_played":"-6345830654412918733","potions_obtained":[{"floor":10,"key":"Cursed Concoction"},{"floor":11,"key":"Dexterity Potion"},{"floor":16,"key":"PowerPotion"},{"floor":19,"key":"BottledMiracle"}],"is_trial":false,"path_per_floor":["M","M","$","?","M","R","M","$","T","M","M","?","?","M","R","B",null,"M","M","$","PTL","PTL","M","M"],"character_chosen":"WATCHER","items_purchased":["Nirvana","Weave+1","ReplayTheSpireMod:CursedCoin","ClearTheMind","Energy Potion","Perseverance","Apotheosis"],"campfire_rested":2,"item_purchase_floors":[3,8,8,8,8,20,20],"current_hp_per_floor":[36,24,24,24,19,40,40,40,40,32,28,28,28,28,49,7,72,40,17,17,17,17,6,0,0],"gold":79,"neow_bonus":"THREE_RARE_CARDS","is_daily":false,"chose_seed":false,"campfire_upgraded":0,"win_rate":0.0,"timestamp":1609114455,"path_taken":["M","M","$","?","?","R","M","$","T","M","M","?","?","M","R","BOSS","M","M","$","PTL","PTL","?","M"],"items_purchased_type":["Card","Card","Relic","Card","Potion","Card","Card"],"build_version":"2020-12-22","purchased_purges":1,"victory":false,"max_hp_per_floor":[72,72,72,72,72,72,72,72,72,72,72,72,72,72,72,72,72,72,72,72,72,72,72,72,72],"card_choices":[{"not_picked":["Omniscience","SpiritShield"],"picked":"Establishment","floor":0},{"not_picked":["FlurryOfBlows","BowlingBash"],"picked":"ThirdEye","floor":1},{"not_picked":["ThirdEye","SashWhip"],"picked":"CutThroughFate","floor":2},{"not_picked":["Replay:AtTheReady","FlyingSleeves"],"picked":"LikeWater","floor":5},{"not_picked":["Evaluate","MentalFortress"],"picked":"ThirdEye","floor":7},{"not_picked":["Alpha","PathToVictory"],"picked":"Wireheading","floor":10},{"not_picked":["ForeignInfluence","Replay:AtTheReady"],"picked":"EmptyMind","floor":11},{"not_picked":["Protect","Evaluate","CarveReality"],"picked":"SKIP","floor":14},{"not_picked":["Brilliance","Replay:LoomingThreat"],"picked":"Vault","floor":16},{"not_picked":["Crescendo","Vengeance"],"picked":"JustLucky","floor":18},{"not_picked":["SashWhip","EmptyMind+1"],"picked":"ThirdEye+1","floor":19},{"not_picked":["Prostrate","Swivel"],"picked":"EmptyFist","floor":23}],"player_experience":323755,"relics_obtained":[{"floor":9,"key":"Mirror"},{"floor":13,"key":"Replay:Bandana"}],"event_choices":[{"damage_healed":0,"gold_gain":0,"player_choice":"Upgraded","damage_taken":0,"max_hp_gain":0,"max_hp_loss":0,"event_name":"Upgrade Shrine","floor":4,"gold_loss":0,"cards_upgraded":["Eruption"]},{"damage_healed":0,"gold_gain":0,"player_choice":"Take Wound","damage_taken":0,"relics_obtained":["Golden Idol"],"max_hp_gain":0,"max_hp_loss":0,"event_name":"Golden Idol","floor":12,"gold_loss":0,"cards_obtained":["Injury"]},{"damage_healed":0,"gold_gain":0,"player_choice":"Relic","damage_taken":0,"max_hp_gain":0,"max_hp_loss":0,"event_name":"Wheel of Change","floor":13,"gold_loss":0}],"is_beta":false,"boss_relics":[{"not_picked":["Replay:Bronze Core","Sozu"],"picked":"Ring of Chaos"}],"items_purged_floors":[20],"is_endless":false,"potions_floor_spawned":[10,11,16,19],"killed_by":"Sentry and Sphere","ascension_level":0}}