{"host":"h7xtspmc2x3i8s2i","time":1609192662,"event":{"mods":["2.2 Compatiblity","AchievementEnabler","Act Like it!","AlwaysNeverKeys","Aspiration","Astrologer","BaseMod","Beaked The Cultist","Bestiary","Better Altar","Better Match","Better Note","Better Sensory Stone","Better Skull","Better Third Choice","Better Vampires","Better-Laid Plans","BetterRewards","Challenge The Spire","Colored Map","Colored Powertips","Colorless Booster Pack","Curses Come First","Defuse TimeMaze Blight","Dio Mod","Disable Question Mark Monsters","Downfall","Duelist Mod","EXCEPTION","Emptier Cage","Energized Spire","Friendly Minions","GifTheSpireLib","Gold Saver","Gremlin Skip","Halation","Hubris","Ironclad Rager","Jedi Mod","Key Reminder","Marked Mod","Minty Spire (QoL Compilation)","Permanent Neow","Potion Indicator Mod","Quick Restart","Random Character Button","Random Character Mod","Rare Cards Sparkle","Relic Filter","Relic Stats","Replay The Spire","SacredBarkPlus","Shop Mod","Somnambulant","Spicy Shops","Spikes Relics","Spire Birthday Party","StSLib","Steal the Spire","Stuff the Spire","SuperFastMode","The Awakened One except there are too many feathers","The Blue Laboratory","The Cursed","The Death Knight","The Dragon Tamer","The Edgeheg","The Hierophant","The Problem Sleuth","The Runesmith","The Wild Card","TheVelvet","Transform Curses","Uncapped","Unceasing Turn Reminder","Virulent Crown","everything is the same but u backflip on backflip","slay the spire mod where everything is the same but ironclad has a cowboy hat","vexMod"],"gold_per_floor":[99,117,134,134,148,73,142,161,177,205,205,130,145,165,178,178,178],"floor_reached":16,"playtime":712,"items_purged":[],"score":106,"play_id":"f77cd337-a3de-47f9-926f-a23772ef8872","local_time":"20201228165742","is_ascension_mode":false,"campfire_choices":[{"floor":1,"key":"RECALL"},{"data":"Runesmith:CraftFirestone","floor":6,"key":"SMITH"},{"floor":12,"key":"REST"}],"circlet_count":0,"master_deck":["Runesmith:Strike_RS","Runesmith:Strike_RS","Runesmith:Strike_RS","Runesmith:Strike_RS","Runesmith:Defend_RS","Runesmith:Defend_RS","Runesmith:Defend_RS","Runesmith:CraftFirestone+1","Runesmith:Fortify","Runesmith:CraftIndustria","Runesmith:Repurpose","Runesmith:HammerAndChisel","Runesmith:CraftPrismatica","Runesmith:ElementalConversion","Runesmith:OneForEveryone"],"relics":["Runesmith:BrokenRuby","keyreminder:keyreminder","downfall:HeartBlessingRed","Replay:Bottled Steam","Smiling Mask","downfall:HeartBlessingGreen"],"acts_visited":["Exordium"],"potions_floor_usage":[8,10,15,16,16],"damage_taken":[{"damage":0,"enemies":"Cultist","floor":2,"turns":4},{"damage":0,"enemies":"Jaw Worm","floor":3,"turns":6},{"damage":0,"enemies":"2 Louse","floor":5,"turns":3},{"damage":4,"enemies":"Gremlin Gang","floor":8,"turns":5},{"damage":13,"enemies":"2 Fungi Beasts","floor":9,"turns":4},{"damage":26,"enemies":"3 Sentries","floor":10,"turns":6},{"damage":16,"enemies":"Lots of Slimes","floor":13,"turns":5},{"damage":0,"enemies":"Blue Slaver","floor":14,"turns":2},{"damage":12,"enemies":"Lots of Slimes","floor":15,"turns":3},{"damage":28,"enemies":"downfall:Watcher","floor":16,"turns":8}],"seed_played":"-6333428625404501621","potions_obtained":[{"floor":2,"key":"blueLaboratory:NullPotion"},{"floor":5,"key":"blueLaboratory:BubblePotion"},{"floor":10,"key":"Death Potion"},{"floor":14,"key":"blueLaboratory:FrostheartPotion"},{"floor":15,"key":"blueLaboratory:CorrosionFlask"}],"is_trial":false,"path_per_floor":["R","M","M","?","M","R","T","M","M","E","?","R","M","M","M","B"],"character_chosen":"RUNESMITH_CLASS","items_purchased":[],"campfire_rested":1,"item_purchase_floors":[],"current_hp_per_floor":[70,70,70,70,70,70,70,66,53,27,27,48,32,32,20,0,0],"gold":178,"neow_bonus":"ONE_RANDOM_RARE_CARD","is_daily":false,"chose_seed":false,"campfire_upgraded":1,"win_rate":0.0,"timestamp":1609192662,"path_taken":["R","M","?","?","M","R","T","M","M","E","?","R","M","?","M","BOSS"],"items_purchased_type":[],"build_version":"2020-12-22","purchased_purges":0,"victory":false,"max_hp_per_floor":[70,70,70,70,70,70,70,70,70,70,70,70,70,70,70,70,70],"relic_stats":{"counters":[10,46],"Smiling Mask":0,"obtain_stats":[{"keyreminder:keyreminder":1,"Runesmith:BrokenRuby":0,"downfall:HeartBlessingRed":6,"downfall:HeartBlessingGreen":12,"Smiling Mask":10,"Replay:Bottled Steam":7},{"keyreminder:keyreminder":0,"Runesmith:BrokenRuby":0,"downfall:HeartBlessingRed":3,"downfall:HeartBlessingGreen":6,"Smiling Mask":6,"Replay:Bottled Steam":3},{"keyreminder:keyreminder":0,"Runesmith:BrokenRuby":0,"downfall:HeartBlessingRed":13,"downfall:HeartBlessingGreen":28,"Smiling Mask":28,"Replay:Bottled Steam":13}]},"card_choices":[{"not_picked":["Runesmith:Terraform","Runesmith:ShiftingStrike","Runesmith:Accelerate"],"picked":"SKIP","floor":2},{"not_picked":["Runesmith:ShiftingStrike","Runesmith:MakeshiftArmor"],"picked":"Runesmith:Repurpose","floor":3},{"not_picked":["Runesmith:NanitesCloud","Runesmith:Grindstone"],"picked":"Runesmith:HammerAndChisel","floor":5},{"not_picked":["Runesmith:HeatedChisel","Runesmith:Overpower"],"picked":"Runesmith:CraftPrismatica","floor":8},{"not_picked":["aspiration:UnbridledHammer","Runesmith:HammerTime","Runesmith:HeatExchange"],"picked":"SKIP","floor":9},{"not_picked":["Runesmith:Malloc","Runesmith:EarthShield"],"picked":"Runesmith:ElementalConversion","floor":10},{"not_picked":["Runesmith:EarthShield","Runesmith:HammerThrow","Runesmith:MakeshiftArmor"],"picked":"SKIP","floor":13},{"not_picked":["Runesmith:ShiftingStrike","Runesmith:Prism"],"picked":"Runesmith:OneForEveryone","floor":14},{"not_picked":["Runesmith:EnergizedChisel","Runesmith:PoweredAnvil","Runesmith:Repurpose"],"picked":"SKIP","floor":15}],"player_experience":604283,"relics_obtained":[{"floor":7,"key":"Replay:Bottled Steam"},{"floor":10,"key":"Smiling Mask"}],"event_choices":[{"cards_removed":["Runesmith:Defend_RS"],"damage_healed":0,"gold_gain":0,"player_choice":"Purged","damage_taken":0,"max_hp_gain":0,"max_hp_loss":0,"event_name":"Purifier","floor":11,"gold_loss":0}],"is_beta":false,"boss_relics":[],"items_purged_floors":[],"is_endless":false,"potions_floor_spawned":[2,5,10,14,15],"killed_by":"downfall:Watcher","ascension_level":0}}