{"host":"4sgoj70bvr8ov3jh","time":1609161207,"event":{"mods":["2.2 Compatiblity","AchievementEnabler","BaseMod","Chen","GifTheSpireLib","Hero for Fun","Marisa????????","Minty Spire (QoL Compilation)","Permanent Neow","Remilia_Scarlet Moed?????·?????3.3.5","StSLib","The Alterego","The Servant 0.9.4"],"gold_per_floor":[110,121,121,121,134,134,144,163,242,242,207,227,241,241,241],"floor_reached":14,"playtime":749,"items_purged":[],"score":84,"play_id":"d0cf2c05-90cd-4c8c-9fa3-405466ce0451","local_time":"20201228051327","is_ascension_mode":false,"campfire_choices":[{"data":"RemiliaMod:CNLCSZL","floor":6,"key":"SMITH"}],"circlet_count":0,"master_deck":["RemiliaMod:Scratch","RemiliaMod:Scratch","RemiliaMod:Scratch","RemiliaMod:Scratch+1","RemiliaMod:Defend","RemiliaMod:Defend","RemiliaMod:Defend","RemiliaMod:Defend","RemiliaMod:CNLCSZL+1","RemiliaMod:CAattack","Blind","RemiliaMod:CJNLLFZ","RemiliaMod:CXXSJ","RemiliaMod:CWYW","RemiliaMod:CPYSNL+1","RemiliaMod:CFHGJ","RemiliaMod:CZXSJ","RemiliaMod:CJNLLFZ"],"relics":["RemiliaMod:RXiangDui","RemiliaMod:RFkXt","RemiliaMod:RWYXT","Juzu Bracelet","Question Card"],"acts_visited":["Exordium"],"potions_floor_usage":[14,14],"damage_taken":[{"damage":0,"enemies":"Jaw Worm","floor":1,"turns":3},{"damage":9,"enemies":"2 Louse","floor":2,"turns":4},{"damage":8,"enemies":"Small Slimes","floor":5,"turns":5},{"damage":7,"enemies":"Looter","floor":7,"turns":4},{"damage":10,"enemies":"Large Slime","floor":8,"turns":4},{"damage":9,"enemies":"3 Louse","floor":12,"turns":7},{"damage":7,"enemies":"Blue Slaver","floor":13,"turns":3},{"damage":63,"enemies":"3 Sentries","floor":14,"turns":14}],"seed_played":"5597458431266499320","potions_obtained":[{"floor":1,"key":"Dexterity Potion"},{"floor":8,"key":"DistilledChaos"},{"floor":12,"key":"LiquidMemories"}],"is_trial":false,"path_per_floor":["M","M","?","?","M","R","M","M","T","?","?","M","M","E"],"character_chosen":"Remilia_Scarlet_Modee","items_purchased":[],"campfire_rested":0,"item_purchase_floors":[],"current_hp_per_floor":[75,67,67,75,69,69,69,75,75,60,75,73,67,31,31],"gold":241,"neow_bonus":"RANDOM_COLORLESS","is_daily":false,"chose_seed":false,"campfire_upgraded":1,"win_rate":0.0,"timestamp":1609161207,"path_taken":["M","M","?","?","M","R","M","M","T","?","?","M","M","E"],"items_purchased_type":[],"build_version":"2020-12-22","purchased_purges":0,"victory":false,"max_hp_per_floor":[75,75,75,75,75,75,75,75,75,75,75,75,75,75,75],"card_choices":[{"not_picked":["Dramatic Entrance","Bandage Up"],"picked":"Blind","floor":0},{"not_picked":["RemiliaMod:CJNYSFZ","RemiliaMod:CFPLL"],"picked":"RemiliaMod:CJNLLFZ","floor":1},{"not_picked":["RemiliaMod:CD6B","RemiliaMod:CDB"],"picked":"RemiliaMod:CXXSJ","floor":2},{"not_picked":["RemiliaMod:CJNLLFZ","RemiliaMod:CJNSP"],"picked":"RemiliaMod:CPYSNL","floor":5},{"not_picked":["RemiliaMod:CPZQ","RemiliaMod:CFPLL"],"picked":"RemiliaMod:CMPC","floor":7},{"not_picked":["RemiliaMod:CHQS","RemiliaMod:CPXRNL"],"picked":"RemiliaMod:CFHGJ","floor":8},{"not_picked":["RemiliaMod:CJNSP","RemiliaMod:CJNSJDF","RemiliaMod:CJNGSYD"],"picked":"RemiliaMod:CZXSJ","floor":12},{"not_picked":["RemiliaMod:CFPMJ","RemiliaMod:CFPDMJ","RemiliaMod:CPQHZZ"],"picked":"RemiliaMod:CJNLLFZ","floor":13}],"player_experience":164108,"relics_obtained":[{"floor":9,"key":"Question Card"}],"event_choices":[{"damage_healed":0,"gold_gain":0,"player_choice":"Ignored","damage_taken":0,"max_hp_gain":0,"max_hp_loss":0,"event_name":"Golden Wing","floor":3,"gold_loss":0},{"damage_healed":25,"gold_gain":0,"player_choice":"CWYW","damage_taken":0,"max_hp_gain":0,"max_hp_loss":0,"event_name":"Remilia_CDSJ09","floor":4,"gold_loss":0},{"damage_healed":0,"gold_gain":0,"player_choice":"Entered Light","damage_taken":15,"max_hp_gain":0,"max_hp_loss":0,"event_name":"Shining Light","floor":10,"gold_loss":0,"cards_upgraded":["RemiliaMod:Scratch","RemiliaMod:CPYSNL"]},{"damage_healed":18,"gold_gain":0,"player_choice":"Healed","damage_taken":0,"max_hp_gain":0,"max_hp_loss":0,"event_name":"The Cleric","floor":11,"gold_loss":35}],"is_beta":false,"boss_relics":[],"items_purged_floors":[],"is_endless":false,"potions_floor_spawned":[1,8,12],"killed_by":"3 Sentries","ascension_level":0}}