{"host":"2461dio7vetlq1z3","time":1609166119,"event":{"mods":["2.2 Compatiblity","AchievementEnabler","Aspiration","BaseMod","Better Third Choice","Friendly Minions","Hermit","Marisa????????","Minty Spire (QoL Compilation)","Relic Stats","Spicy Shops","StSLib","Waifu the Spire"],"gold_per_floor":[119,131,145,13,25,25,60,60,60,71,97,125,125,140,140,212,212,224,240,255,265,265,265],"floor_reached":22,"playtime":1115,"items_purged":[],"score":400,"play_id":"0a4a3d22-352c-4a7f-a701-6fd20e96826a","local_time":"20201228153519","is_ascension_mode":true,"campfire_choices":[{"data":"Carnage","floor":6,"key":"SMITH"},{"data":"Dark Embrace","floor":8,"key":"SMITH"},{"data":"Bash","floor":15,"key":"SMITH"}],"circlet_count":0,"master_deck":["AscendersBane","Strike_R","Strike_R","Strike_R","Strike_R","Defend_R","Defend_R","Defend_R","Defend_R","Bash+1","True Grit","Battle Trance","Carnage+1","Dark Embrace+1","Flame Barrier","Corruption","Iron Wave","Reckless Charge","Shrug It Off","Reaper","Demon Form","Flame Barrier","Pommel Strike+1","Shockwave+1","Disarm"],"relics":["Philosopher\u0027s Stone","Anchor","White Beast Statue","Red Skull","Odd Mushroom","SlaversCollar"],"acts_visited":["Exordium","TheCity"],"potions_floor_usage":[11,16,20,22],"damage_taken":[{"damage":7.0,"enemies":"Small Slimes","floor":1.0,"turns":4.0},{"damage":2.0,"enemies":"Cultist","floor":2.0,"turns":3.0},{"damage":6.0,"enemies":"Jaw Worm","floor":3.0,"turns":3.0},{"damage":0,"enemies":"2 Fungi Beasts","floor":5,"turns":3},{"damage":11,"enemies":"3 Sentries","floor":7,"turns":7},{"damage":9,"enemies":"3 Louse","floor":10,"turns":4},{"damage":4,"enemies":"Lagavulin","floor":11,"turns":5},{"damage":0,"enemies":"The Mushroom Lair","floor":12,"turns":4},{"damage":0,"enemies":"Gremlin Gang","floor":14,"turns":4},{"damage":13,"enemies":"Hexaghost","floor":16,"turns":9},{"damage":24,"enemies":"2 Thieves","floor":18,"turns":4},{"damage":17,"enemies":"Shell Parasite","floor":19,"turns":4},{"damage":27,"enemies":"Snake Plant","floor":20,"turns":3},{"damage":0,"enemies":"Centurion and Healer","floor":21,"turns":6},{"damage":39,"enemies":"Cultist and Chosen","floor":22,"turns":5}],"seed_played":"6355291003219795562","potions_obtained":[{"floor":3.0,"key":"BlessingOfTheForge"},{"floor":5,"key":"Energy Potion"},{"floor":11,"key":"Fire Potion"},{"floor":12,"key":"Dexterity Potion"},{"floor":16,"key":"Strength Potion"},{"floor":20,"key":"DistilledChaos"},{"floor":21,"key":"BloodPotion"}],"is_trial":false,"path_per_floor":["M","M","M","$","M","R","E","R","T","M","E","?","?","M","R","B",null,"M","M","M","M","M"],"character_chosen":"IRONCLAD","items_purchased":["Dark Embrace"],"campfire_rested":0,"item_purchase_floors":[4],"current_hp_per_floor":[61,59,53,53,53,53,42,42,42,33,29,29,29,29,29,23,62,48,31,4,23,0,0],"gold":265,"neow_bonus":"BOSS_RELIC","is_daily":false,"chose_seed":false,"campfire_upgraded":3,"win_rate":0.0,"timestamp":1609166119,"path_taken":["M","M","M","$","M","R","E","R","T","M","E","?","?","M","R","BOSS","M","?","M","M","M"],"items_purchased_type":["Card"],"build_version":"2020-12-22","purchased_purges":0,"victory":false,"max_hp_per_floor":[75,75,75,75,75,75,75,75,75,75,75,75,75,75,75,75,75,75,75,75,75,75,75],"relic_stats":{"counters":[15,68],"obtain_stats":[{"SlaversCollar":17,"Anchor":7,"Philosopher\u0027s Stone":0,"Odd Mushroom":12,"Burning Blood":0,"White Beast Statue":9,"Red Skull":11},{"SlaversCollar":10,"Anchor":5,"Philosopher\u0027s Stone":0,"Odd Mushroom":8,"Burning Blood":0,"White Beast Statue":5,"Red Skull":7},{"SlaversCollar":46,"Anchor":20,"Philosopher\u0027s Stone":0,"Odd Mushroom":33,"Burning Blood":0,"White Beast Statue":20,"Red Skull":29}]},"card_choices":[{"not_picked":["Warcry","Rupture"],"picked":"True Grit","floor":1.0},{"not_picked":["Warcry","Anger"],"picked":"Battle Trance","floor":2.0},{"not_picked":["Blood for Blood","Twin Strike"],"picked":"Carnage","floor":3.0},{"not_picked":["Anger","Heavy Blade"],"picked":"Flame Barrier","floor":5},{"not_picked":["Disarm","Clash"],"picked":"Corruption","floor":7},{"not_picked":["Clothesline","Hemokinesis"],"picked":"Iron Wave","floor":10},{"not_picked":["Rampage","Sword Boomerang"],"picked":"Reckless Charge","floor":11},{"not_picked":["Pommel Strike","Armaments"],"picked":"Shrug It Off","floor":12},{"not_picked":["Ghostly Armor","Armaments"],"picked":"Reaper","floor":14},{"not_picked":["Bludgeon","Exhume"],"picked":"Demon Form","floor":16},{"not_picked":["Cleave","Armaments"],"picked":"Flame Barrier","floor":18},{"not_picked":["Armaments","Wild Strike"],"picked":"Pommel Strike+1","floor":19},{"not_picked":["Power Through+1","Hemokinesis"],"picked":"Shockwave+1","floor":20},{"not_picked":["Iron Wave","Havoc"],"picked":"Disarm","floor":21}],"player_experience":1073575,"relics_obtained":[{"floor":7,"key":"Anchor"},{"floor":9,"key":"White Beast Statue"},{"floor":11,"key":"Red Skull"},{"floor":12,"key":"Odd Mushroom"}],"event_choices":[{"damage_healed":0,"gold_gain":0,"player_choice":"Fought Mushrooms","damage_taken":0,"max_hp_gain":0,"max_hp_loss":0,"event_name":"Mushrooms","floor":12,"gold_loss":0},{"cards_removed":["Strike_R"],"damage_healed":0,"gold_gain":0,"player_choice":"Offered Basic","damage_taken":0,"max_hp_gain":0,"max_hp_loss":0,"event_name":"Bonfire Elementals","floor":13,"gold_loss":0}],"is_beta":false,"boss_relics":[{"not_picked":["Ectoplasm","Runic Pyramid"],"picked":"SlaversCollar"}],"items_purged_floors":[],"is_endless":false,"potions_floor_spawned":[3,5,7,10,11,12,14,16,18,19,20,21],"killed_by":"Cultist and Chosen","ascension_level":20}}