{"host":"zig6x0mxqzam82fb","time":1609118006,"event":{"mods":["BaseMod","Block Reminder","Colored Map","Colored Powertips","Minty Spire (QoL Compilation)","Relic Stats","StSLib","The Marked"],"gold_per_floor":[115,134,153,165,180,180,211,211,211,211,221,221,254,271,271,366,366,384,395,395,412,3,3,3,3,3,23,23,35,60,72,72,167,167,179,196,196,207,219,219,254,254,281,311,351,363,375,10,10,10],"floor_reached":51,"playtime":4197,"items_purged":["theMarked:Strike"],"score":835,"play_id":"b12b404c-9226-40f1-b931-1c8da4fcd5a9","local_time":"20201227201326","is_ascension_mode":true,"campfire_choices":[{"floor":6,"key":"DIG"},{"floor":10,"key":"DIG"},{"floor":12,"key":"DIG"},{"floor":15,"key":"DIG"},{"floor":24,"key":"DIG"},{"floor":32,"key":"DIG"},{"floor":40,"key":"DIG"},{"floor":42,"key":"DIG"},{"floor":47,"key":"DIG"},{"floor":49,"key":"REST"}],"circlet_count":0,"master_deck":["theMarked:Strike","theMarked:Strike","theMarked:Defend","theMarked:Defend","theMarked:Defend","theMarked:Defend","theMarked:SoldierOfQuellstein","CurseOfTheBell","theMarked:TwofoldDefense","theMarked:RogueSparks","theMarked:Defy","theMarked:Parkour","theMarked:SwordAndMagic","theMarked:Panic","theMarked:MagicAdept","theMarked:BanishingStrike","theMarked:BindingBlade","theMarked:StartUp","theMarked:ParalyzingBlade","theMarked:TunnelVision","theMarked:HeightenedSenses","theMarked:Levitate","theMarked:WardOff+1","theMarked:Levitate","theMarked:TwofoldDefense+1","theMarked:ChannelForce","Sadistic Nature","PanicButton","Good Instincts","theMarked:BanishingWave+1","Sadistic Nature"],"relics":["Calling Bell","Art of War","Ornamental Fan","Shovel","Regal Pillow","PreservedInsect","Eternal Feather","TungstenRod","Pen Nib","HornCleat","Bag of Preparation","Fusion Hammer","Potion Belt","Shuriken","Nilry\u0027s Codex","Mango","Singing Bowl","Mercury Hourglass","SacredBark","Molten Egg 2","Du-Vu Doll","Blood Vial","MawBank","Blue Candle","Pocketwatch"],"acts_visited":["Exordium","TheCity","TheBeyond"],"potions_floor_usage":[7,16,29,31,33,33,33,33,33,38,39,50,50,50,50,50],"damage_taken":[{"damage":0,"enemies":"Small Slimes","floor":1,"turns":3},{"damage":1,"enemies":"Cultist","floor":2,"turns":4},{"damage":2,"enemies":"2 Louse","floor":3,"turns":5},{"damage":5,"enemies":"2 Fungi Beasts","floor":4,"turns":3},{"damage":3,"enemies":"3 Louse","floor":5,"turns":2},{"damage":52,"enemies":"Lagavulin","floor":7,"turns":9},{"damage":12,"enemies":"Exordium Wildlife","floor":11,"turns":3},{"damage":8,"enemies":"3 Sentries","floor":13,"turns":3},{"damage":12,"enemies":"Large Slime","floor":14,"turns":6},{"damage":23,"enemies":"Hexaghost","floor":16,"turns":10},{"damage":11,"enemies":"2 Thieves","floor":18,"turns":3},{"damage":0,"enemies":"Spheric Guardian","floor":19,"turns":3},{"damage":10,"enemies":"Snake Plant","floor":21,"turns":5},{"damage":3,"enemies":"Centurion and Healer","floor":27,"turns":4},{"damage":0,"enemies":"Snecko","floor":29,"turns":4},{"damage":7,"enemies":"Slavers","floor":30,"turns":4},{"damage":19,"enemies":"Cultist and Chosen","floor":31,"turns":6},{"damage":39,"enemies":"Automaton","floor":33,"turns":10},{"damage":6,"enemies":"Orb Walker","floor":35,"turns":4},{"damage":0,"enemies":"3 Shapes","floor":36,"turns":4},{"damage":0,"enemies":"Jaw Worm Horde","floor":38,"turns":3},{"damage":11,"enemies":"Writhing Mass","floor":39,"turns":6},{"damage":43,"enemies":"Reptomancer","floor":41,"turns":6},{"damage":19,"enemies":"Transient","floor":44,"turns":5},{"damage":14,"enemies":"Nemesis","floor":45,"turns":3},{"damage":57,"enemies":"Time Eater","floor":50,"turns":8}],"seed_played":"8934453707265393761","potions_obtained":[{"floor":2,"key":"theMarked:SummonPotion"},{"floor":4,"key":"Dexterity Potion"},{"floor":13,"key":"DistilledChaos"},{"floor":14,"key":"Ancient Potion"},{"floor":18,"key":"SpeedPotion"},{"floor":19,"key":"Weak Potion"},{"floor":30,"key":"DistilledChaos"},{"floor":31,"key":"theMarked:ChargePotion"},{"floor":33,"key":"AttackPotion"},{"floor":41,"key":"Ancient Potion"},{"floor":45,"key":"Regen Potion"}],"is_trial":false,"path_per_floor":["M","M","M","M","M","R","E","?","T","R","M","R","E","M","R","B",null,"M","M","?","M","$","?","R","?","T","M","?","M","E","M","R","B",null,"M","M","?","M","M","R","E","R","T","M","E","?","R","$","R","B",null],"character_chosen":"THE_DEFAULT","items_purchased":["theMarked:Levitate","Potion Belt","EntropicBrew","theMarked:BanishingWave+1","Strength Potion","Sadistic Nature"],"campfire_rested":1,"item_purchase_floors":[22,22,22,48,48,48],"current_hp_per_floor":[70,69,67,62,59,59,7,70,70,70,58,67,59,47,56,33,70,59,59,59,49,49,49,61,49,63,60,60,60,55,38,53,14,88,84,84,84,86,77,92,51,66,66,51,39,30,48,48,98,90],"gold":10,"neow_bonus":"BOSS_RELIC","is_daily":false,"chose_seed":false,"campfire_upgraded":0,"win_rate":0.0,"timestamp":1609118006,"path_taken":["M","M","M","M","M","R","E","?","T","R","M","R","E","M","R","BOSS","M","?","?","M","$","?","R","?","T","M","?","?","E","M","R","BOSS","M","M","?","M","M","R","E","R","T","M","E","?","R","$","R","BOSS"],"items_purchased_type":["Card","Relic","Potion","Card","Potion","Card"],"build_version":"2020-12-22","purchased_purges":1,"victory":true,"max_hp_per_floor":[70,70,70,70,70,70,70,70,70,70,70,70,70,70,70,70,70,70,70,70,70,70,70,70,70,84,84,84,84,86,88,88,88,88,90,90,90,92,94,94,96,96,96,98,98,98,98,98,98,98],"relic_stats":{"Regal Pillow":3,"Singing Bowl":14,"counters":[26,125],"Blue Candle":[0],"Eternal Feather":111,"PreservedInsect":175,"Pen Nib":[18],"Bag of Preparation":[34],"MawBank":60,"Mercury Hourglass":[171],"Blood Vial":4,"Shovel":9,"Ornamental Fan":[128],"Shuriken":[17],"Art of War":[12],"obtain_stats":[{"Regal Pillow":6,"Singing Bowl":30,"Nilry\u0027s Codex":25,"SacredBark":34,"Mango":26,"Bag of Preparation":15,"Blood Vial":42,"Shovel":0,"HornCleat":13,"Fusion Hammer":17,"Potion Belt":22,"Blue Candle":45,"Eternal Feather":9,"PreservedInsect":7,"Pen Nib":12,"MawBank":43,"Mercury Hourglass":32,"Calling Bell":0,"Du-Vu Doll":41,"theMarked:ArtifactOfAir":0,"Ornamental Fan":0,"Shuriken":24,"Molten Egg 2":40,"Art of War":0,"TungstenRod":10,"Pocketwatch":47},{"Regal Pillow":5,"Singing Bowl":16,"Nilry\u0027s Codex":13,"SacredBark":18,"Mango":13,"Bag of Preparation":9,"Blood Vial":23,"Shovel":0,"HornCleat":8,"Fusion Hammer":10,"Potion Belt":13,"Blue Candle":25,"Eternal Feather":6,"PreservedInsect":6,"Pen Nib":7,"MawBank":23,"Mercury Hourglass":17,"Calling Bell":0,"Du-Vu Doll":23,"theMarked:ArtifactOfAir":0,"Ornamental Fan":0,"Shuriken":13,"Molten Egg 2":22,"Art of War":0,"TungstenRod":6,"Pocketwatch":25},{"Regal Pillow":17,"Singing Bowl":71,"Nilry\u0027s Codex":59,"SacredBark":87,"Mango":59,"Bag of Preparation":38,"Blood Vial":109,"Shovel":0,"HornCleat":32,"Fusion Hammer":48,"Potion Belt":59,"Blue Candle":117,"Eternal Feather":26,"PreservedInsect":26,"Pen Nib":29,"MawBank":109,"Mercury Hourglass":77,"Calling Bell":0,"Du-Vu Doll":109,"theMarked:ArtifactOfAir":0,"Ornamental Fan":0,"Shuriken":59,"Molten Egg 2":103,"Art of War":0,"TungstenRod":26,"Pocketwatch":117}],"TungstenRod":48,"Pocketwatch":[12]},"card_choices":[{"not_picked":["theMarked:HeightenedSenses","theMarked:Parkour"],"picked":"theMarked:TwofoldDefense","floor":1},{"not_picked":["theMarked:HeightenedSenses","theMarked:Static"],"picked":"theMarked:RogueSparks","floor":2},{"not_picked":["theMarked:Electrocute","theMarked:ContemptForTheProud"],"picked":"theMarked:Defy","floor":3},{"not_picked":["theMarked:Convert","theMarked:Frustration"],"picked":"theMarked:CreepingChasm","floor":4},{"not_picked":["theMarked:Opportunist","theMarked:RogueSparks"],"picked":"theMarked:Parkour","floor":5},{"not_picked":["theMarked:Electrocute","theMarked:BanishingStrike"],"picked":"theMarked:SwordAndMagic","floor":7},{"not_picked":["theMarked:SwordAndMagic","theMarked:ParalyzingBlade"],"picked":"theMarked:Panic","floor":11},{"not_picked":["theMarked:ElectricStrings","theMarked:EmpowerWeapon"],"picked":"theMarked:MagicAdept","floor":13},{"not_picked":["theMarked:ParalyzingBlade","theMarked:MysticalArsenal"],"picked":"theMarked:BanishingStrike","floor":14},{"not_picked":["theMarked:EternalStudent","theMarked:TurnInvisible"],"picked":"theMarked:BindingBlade","floor":16},{"not_picked":["theMarked:ChainLightning","theMarked:MaelstromOfLightning"],"picked":"theMarked:StartUp","floor":18},{"not_picked":["theMarked:SwordAndMagic+1","theMarked:Parkour"],"picked":"theMarked:ParalyzingBlade","floor":19},{"not_picked":["theMarked:SwordAndMagic","theMarked:ParalyzingBlade"],"picked":"theMarked:HeightenedSenses","floor":21},{"not_picked":["theMarked:Electrocute+1","theMarked:Generate","theMarked:Parkour"],"picked":"SKIP","floor":27},{"not_picked":["theMarked:Electrocute+1","theMarked:Generate","theMarked:Parkour"],"picked":"SKIP","floor":27},{"not_picked":["theMarked:Aftermath","theMarked:Parkour"],"picked":"theMarked:WardOff+1","floor":29},{"not_picked":["theMarked:ResourceFulStrike","theMarked:PowerFlow","theMarked:Polarize+1"],"picked":"Singing Bowl","floor":30},{"not_picked":["theMarked:RepellingDischarge+1","theMarked:SelfDefenseTraining","theMarked:Frustration"],"picked":"Singing Bowl","floor":31},{"not_picked":["theMarked:SuspiciousRaven","theMarked:MuscleMemory"],"picked":"theMarked:Levitate","floor":33},{"not_picked":["theMarked:DeterminationOfTheMarked+1","theMarked:EnhanceMovement","theMarked:EmpowerWeapon"],"picked":"Singing Bowl","floor":35},{"not_picked":["theMarked:Static","theMarked:WastefulAttack"],"picked":"theMarked:TwofoldDefense+1","floor":36},{"not_picked":["theMarked:RepellingDischarge+1","theMarked:BanishingStrike","theMarked:WastefulAttack+1"],"picked":"Singing Bowl","floor":38},{"not_picked":["theMarked:SelfDefenseTraining","theMarked:ElectricStrings+1","theMarked:TwofoldDefense+1"],"picked":"Singing Bowl","floor":39},{"not_picked":["theMarked:SoldierForm","theMarked:Overcharge","theMarked:ResourceFulStrike+1"],"picked":"Singing Bowl","floor":41},{"not_picked":["theMarked:Electrify+1","theMarked:Aftermath","theMarked:Overthink"],"picked":"Singing Bowl","floor":44},{"not_picked":["theMarked:ResourceFulStrike+1","theMarked:Improvise"],"picked":"theMarked:ChannelForce","floor":45},{"not_picked":["Good Instincts","Panacea"],"picked":"Sadistic Nature","floor":46},{"not_picked":["Dramatic Entrance+1","Mind Blast+1"],"picked":"PanicButton","floor":46},{"not_picked":["Transmutation","PanicButton"],"picked":"Good Instincts","floor":46}],"player_experience":367798,"relics_obtained":[{"floor":0,"key":"Art of War"},{"floor":0,"key":"Ornamental Fan"},{"floor":0,"key":"Shovel"},{"floor":6,"key":"Regal Pillow"},{"floor":7,"key":"PreservedInsect"},{"floor":9,"key":"Eternal Feather"},{"floor":10,"key":"TungstenRod"},{"floor":12,"key":"Pen Nib"},{"floor":13,"key":"HornCleat"},{"floor":15,"key":"Bag of Preparation"},{"floor":24,"key":"Shuriken"},{"floor":25,"key":"Nilry\u0027s Codex"},{"floor":26,"key":"Mango"},{"floor":30,"key":"Singing Bowl"},{"floor":32,"key":"Mercury Hourglass"},{"floor":40,"key":"Molten Egg 2"},{"floor":41,"key":"Du-Vu Doll"},{"floor":42,"key":"Blood Vial"},{"floor":43,"key":"MawBank"},{"floor":45,"key":"Blue Candle"},{"floor":47,"key":"Pocketwatch"}],"event_choices":[{"cards_removed":["theMarked:CreepingChasm"],"damage_healed":63,"gold_gain":0,"player_choice":"Offered Uncommon","damage_taken":0,"max_hp_gain":0,"max_hp_loss":0,"event_name":"Bonfire Elementals","floor":8,"gold_loss":0},{"damage_healed":0,"gold_gain":0,"cards_transformed":["theMarked:Strike","theMarked:Strike"],"player_choice":"Became Test Subject","damage_taken":0,"max_hp_gain":0,"max_hp_loss":0,"event_name":"Drug Dealer","floor":20,"gold_loss":0,"cards_obtained":["theMarked:TunnelVision","theMarked:Convert"]},{"damage_healed":0,"gold_gain":0,"player_choice":"Ignored","damage_taken":0,"max_hp_gain":0,"max_hp_loss":0,"event_name":"Ghosts","floor":23,"gold_loss":0},{"damage_healed":0,"gold_gain":0,"player_choice":"Obtained Book","damage_taken":16,"max_hp_gain":0,"max_hp_loss":0,"event_name":"Cursed Tome","floor":25,"gold_loss":0},{"damage_healed":0,"gold_gain":0,"player_choice":"Ignored","damage_taken":0,"max_hp_gain":0,"max_hp_loss":0,"event_name":"Vampires","floor":28,"gold_loss":0},{"cards_removed":["theMarked:Convert"],"damage_healed":0,"gold_gain":0,"player_choice":"Removed Skill","damage_taken":0,"max_hp_gain":0,"max_hp_loss":0,"event_name":"Falling","floor":37,"gold_loss":0},{"damage_healed":0,"gold_gain":0,"player_choice":"Memory 3","damage_taken":10,"max_hp_gain":0,"max_hp_loss":0,"event_name":"SensoryStone","floor":46,"gold_loss":0}],"is_beta":false,"boss_relics":[{"not_picked":["Snecko Eye","Pandora\u0027s Box"],"picked":"Fusion Hammer"},{"not_picked":["Empty Cage","Tiny House"],"picked":"SacredBark"}],"items_purged_floors":[48],"is_endless":false,"potions_floor_spawned":[2,4,13,14,18,19,30,31,33,35,36,41,45],"ascension_level":2}}