{"host":"2461dio7vetlq1z3","time":1609142179,"event":{"mods":["2.2 Compatiblity","AchievementEnabler","Aspiration","Bard","BaseMod","Better Third Choice","Friendly Minions","Hermit","Minty Spire (QoL Compilation)","Relic Stats","Spicy Shops","StSLib","Waifu the Spire"],"gold_per_floor":[111,111,128,140,150,184,184,219,298,2,2,33,52,67,67,141,141,155,173,173,27,27,27],"floor_reached":22,"playtime":818,"items_purged":["Strike_G","Strike_G"],"score":412,"play_id":"c3d0eb6a-92fd-446e-a380-39776749af3a","local_time":"20201228085619","is_ascension_mode":true,"campfire_choices":[{"data":"Glass Knife","floor":7,"key":"SMITH"},{"data":"Neutralize","floor":11,"key":"SMITH"},{"floor":15,"key":"REST"}],"circlet_count":0,"master_deck":["AscendersBane","Strike_G","Strike_G","Strike_G","Defend_G","Defend_G","Defend_G","Defend_G","Defend_G","Survivor","Neutralize+1","Glass Knife+1","Bouncing Flask","Dagger Spray","Bouncing Flask","Blade Dance","Dagger Throw","Quick Slash","Crippling Poison","Tools of the Trade","Eviscerate","Cloak And Dagger","Storm of Steel","Infinite Blades+1","Footwork"],"relics":["Ring of the Snake","Dead Branch","StrikeDummy","Paper Crane","aspiration:Lifesprig","Philosopher\u0027s Stone","Enchiridion"],"acts_visited":["Exordium","TheCity"],"potions_floor_usage":[6,16,18,18],"damage_taken":[{"damage":1,"enemies":"Cultist","floor":1,"turns":4},{"damage":3,"enemies":"Small Slimes","floor":3,"turns":3},{"damage":0,"enemies":"2 Louse","floor":4,"turns":2},{"damage":5,"enemies":"Gremlin Gang","floor":5,"turns":3},{"damage":20,"enemies":"Lagavulin","floor":6,"turns":5},{"damage":8,"enemies":"Gremlin Nob","floor":8,"turns":3},{"damage":14,"enemies":"Lagavulin","floor":12,"turns":5},{"damage":0,"enemies":"2 Fungi Beasts","floor":13,"turns":2},{"damage":3,"enemies":"Blue Slaver","floor":14,"turns":4},{"damage":12,"enemies":"Slime Boss","floor":16,"turns":6},{"damage":11,"enemies":"2 Thieves","floor":18,"turns":2},{"damage":0,"enemies":"Chosen","floor":19,"turns":3},{"damage":33,"enemies":"Shelled Parasite and Fungi","floor":22,"turns":1}],"seed_played":"-8513412546253310367","potions_obtained":[{"floor":1,"key":"Poison Potion"},{"floor":6,"key":"SmokeBomb"},{"floor":8,"key":"Dexterity Potion"},{"floor":12,"key":"Weak Potion"},{"floor":16,"key":"Swift Potion"},{"floor":18,"key":"FearPotion"}],"is_trial":false,"path_per_floor":["M","?","M","M","M","E","R","E","T","$","R","E","M","M","R","B",null,"M","M","?","$","M"],"character_chosen":"THE_SILENT","items_purchased":["Tools of the Trade","Footwork"],"campfire_rested":1,"item_purchase_floors":[10,21],"current_hp_per_floor":[58,58,55,55,50,30,30,22,22,22,22,8,8,5,24,12,53,42,42,21,21,0,0],"gold":27,"neow_bonus":"ONE_RANDOM_RARE_CARD","is_daily":false,"chose_seed":false,"campfire_upgraded":2,"win_rate":0.0,"timestamp":1609142179,"path_taken":["M","?","M","M","M","E","R","E","T","$","R","E","?","M","R","BOSS","M","M","?","$","M"],"items_purchased_type":["Card","Card"],"build_version":"2020-12-22","purchased_purges":2,"victory":false,"max_hp_per_floor":[66,66,66,66,66,66,66,66,66,66,66,66,66,66,66,66,66,66,66,66,66,66,66],"relic_stats":{"counters":[13,43],"Dead Branch":[34],"obtain_stats":[{"aspiration:Lifesprig":12,"Dead Branch":6,"Enchiridion":20,"Philosopher\u0027s Stone":17,"Paper Crane":9,"StrikeDummy":8,"Ring of the Snake":0},{"aspiration:Lifesprig":7,"Dead Branch":5,"Enchiridion":12,"Philosopher\u0027s Stone":10,"Paper Crane":6,"StrikeDummy":6,"Ring of the Snake":0},{"aspiration:Lifesprig":25,"Dead Branch":17,"Enchiridion":42,"Philosopher\u0027s Stone":37,"Paper Crane":20,"StrikeDummy":20,"Ring of the Snake":0}],"Ring of the Snake":[26]},"card_choices":[{"not_picked":["Flying Knee","Deflect"],"picked":"Bouncing Flask","floor":1},{"not_picked":["PiercingWail","Slice"],"picked":"Bouncing Flask","floor":3},{"not_picked":["Setup","Terror"],"picked":"Blade Dance","floor":4},{"not_picked":["Concentrate","Prepared"],"picked":"Dagger Throw","floor":5},{"not_picked":["Escape Plan","Concentrate"],"picked":"Quick Slash","floor":6},{"not_picked":["Choke","Caltrops"],"picked":"Crippling Poison","floor":8},{"not_picked":["Masterful Stab","Poisoned Stab","Unload"],"picked":"SKIP","floor":12},{"not_picked":["Escape Plan","Finisher"],"picked":"Eviscerate","floor":13},{"not_picked":["PiercingWail","Flying Knee"],"picked":"Cloak And Dagger","floor":14},{"not_picked":["Envenom","Grand Finale"],"picked":"Storm of Steel","floor":16},{"not_picked":["Skewer","Choke"],"picked":"Infinite Blades+1","floor":18},{"not_picked":["Slice","Dodge and Roll","Dagger Throw"],"picked":"SKIP","floor":19}],"player_experience":978608,"relics_obtained":[{"floor":6,"key":"Dead Branch"},{"floor":8,"key":"StrikeDummy"},{"floor":9,"key":"Paper Crane"},{"floor":12,"key":"aspiration:Lifesprig"},{"floor":20,"key":"Enchiridion"}],"event_choices":[{"damage_healed":0,"gold_gain":0,"player_choice":"1 cards matched","damage_taken":0,"max_hp_gain":0,"max_hp_loss":0,"event_name":"Match and Keep!","floor":2,"gold_loss":0,"cards_obtained":["Dagger Spray"]},{"damage_healed":0,"gold_gain":0,"player_choice":"Obtained Book","damage_taken":21,"max_hp_gain":0,"max_hp_loss":0,"event_name":"Cursed Tome","floor":20,"gold_loss":0}],"is_beta":false,"boss_relics":[{"not_picked":["Empty Cage","Tiny House"],"picked":"Philosopher\u0027s Stone"}],"items_purged_floors":[10,21],"is_endless":false,"potions_floor_spawned":[1,6,8,12,13,16,18],"killed_by":"Shelled Parasite and Fungi","ascension_level":20}}