{"host":"qc1sjgtdjonvdsd8","time":1609148609,"event":{"mods":["BaseMod","Colored Map","Colored Powertips","Curses Come First","Minty Spire (QoL Compilation)","Replay The Spire","StSLib","The Necromancer"],"gold_per_floor":[112,287,287,299,318,350,364,207,233,2,19,37,37,47,47,147,147,161,38,137,149,149,149,166,185,209,241,241,259,269,283,283,378,378,390,106,118,135,35,35,45,45,45,45,64,80,98,111,111,111,111,111,36,70,70,70],"floor_reached":55,"playtime":4780,"items_purged":["Doubt","Strike_R","Defend_R","Defend_R"],"score":697,"play_id":"0bb9b3b5-9b72-496f-8398-b1ebfdb1f9c6","local_time":"20201228014329","is_ascension_mode":false,"campfire_choices":[{"floor":15,"key":"REST"},{"data":"Berserk","floor":23,"key":"SMITH"},{"data":"Offering","floor":28,"key":"SMITH"},{"data":"Trip","floor":32,"key":"SMITH"},{"data":"Battle Trance","floor":40,"key":"SMITH"},{"floor":42,"key":"REST"},{"floor":44,"key":"RECALL"},{"data":"Parasite","floor":49,"key":"PURGE"},{"data":"Seeing Red","floor":52,"key":"SMITH"}],"circlet_count":0,"master_deck":["Strike_R","Strike_R","Defend_R","Defend_R+1","Bash","Trip","Seeing Red+1","Dropkick","Rampage","Berserk+1","Iron Wave","Dropkick","Dropkick","Carnage","Battle Trance+1","Offering+1","CurseOfTheBell","Ghostly Armor","Abandon+1","Trip+1","Shrug It Off+1","Burning Pact+1","Apotheosis+1","Dropkick+1","Uppercut+1","Flex+1","Shrug It Off+1","Madness+1","Madness+1"],"relics":["Black Blood","Regal Pillow","Orichalcum","Membership Card","Replay:Grab Bag","ReplayTheSpireMod:Onyx Gauntlets","Replay:Bronze Core","Calling Bell","Shuriken","Ice Cream","Art of War","Happy Flower","Sozu","Toxic Egg 2","Bag of Preparation","CeramicFish","War Paint"],"acts_visited":["Exordium","TheCity","TheBeyond","TheEnding"],"potions_floor_usage":[6,12,16,27,31,33,33,50,55],"damage_taken":[{"damage":0,"enemies":"Small Slimes","floor":1,"turns":3},{"damage":6,"enemies":"Jaw Worm","floor":4,"turns":3},{"damage":1,"enemies":"Cultist","floor":5,"turns":4},{"damage":25,"enemies":"Lagavulin","floor":6,"turns":5},{"damage":3,"enemies":"2 Fungi Beasts","floor":7,"turns":3},{"damage":6,"enemies":"Gremlin Gang","floor":11,"turns":5},{"damage":11,"enemies":"Large Slime","floor":12,"turns":5},{"damage":9,"enemies":"Blue Slaver","floor":14,"turns":3},{"damage":36,"enemies":"Hexaghost","floor":16,"turns":7},{"damage":6,"enemies":"Chosen","floor":18,"turns":3},{"damage":0,"enemies":"3 Byrds","floor":21,"turns":5},{"damage":5,"enemies":"Cultist and Chosen","floor":24,"turns":4},{"damage":2,"enemies":"Centurion and Healer","floor":25,"turns":5},{"damage":0,"enemies":"Gremlin Leader","floor":27,"turns":5},{"damage":13,"enemies":"Snecko","floor":29,"turns":4},{"damage":20,"enemies":"Sentry and Sphere","floor":30,"turns":4},{"damage":22,"enemies":"Snake Plant","floor":31,"turns":3},{"damage":27,"enemies":"Pondfish","floor":33,"turns":8},{"damage":5,"enemies":"3 Shapes","floor":35,"turns":4},{"damage":16,"enemies":"3 Darklings","floor":37,"turns":4},{"damage":15,"enemies":"Writhing Mass","floor":38,"turns":4},{"damage":6,"enemies":"Jaw Worm Horde","floor":41,"turns":2},{"damage":6,"enemies":"Maw","floor":45,"turns":3},{"damage":6,"enemies":"Transient","floor":46,"turns":5},{"damage":0,"enemies":"Spire Growth","floor":48,"turns":3},{"damage":69,"enemies":"Time Eater","floor":50,"turns":8},{"damage":24,"enemies":"Shield and Spear","floor":54,"turns":5},{"damage":67,"enemies":"The Heart","floor":55,"turns":3}],"seed_played":"-8815025854646193769","potions_obtained":[{"floor":4,"key":"AttackPotion"},{"floor":6,"key":"Swift Potion"},{"floor":12,"key":"ElixirPotion"},{"floor":14,"key":"Adrenaline Potion"},{"floor":25,"key":"DistilledChaos"},{"floor":27,"key":"ColorlessPotion"},{"floor":30,"key":"Reflective Coating"},{"floor":31,"key":"SteroidPotion"},{"floor":33,"key":"Death Potion"}],"is_trial":false,"path_per_floor":["M","?","?","M","M","E","M","$","T","$","M","M","?","M","R","B",null,"M","$","?","M","?","R","M","M","T","E","R","M","M","M","R","B",null,"M","$","M","M","$","R","M","R","T","R","M","M","?","M","R_BF","B",null,"R","$","E","B"],"character_chosen":"IRONCLAD","items_purchased":["Dropkick","Dropkick","Membership Card","Happy Flower","Toxic Egg 2","Apotheosis+1","Bag of Preparation","Flex+1"],"campfire_rested":2,"item_purchase_floors":[8,10,10,19,36,36,39,39],"current_hp_per_floor":[80,80,80,80,80,61,64,64,64,64,64,59,59,56,80,50,80,80,80,80,80,80,80,80,80,80,80,80,79,71,61,61,46,80,80,80,76,73,73,73,79,80,80,80,80,80,70,80,77,20,77,77,77,65,0,0],"gold":70,"neow_bonus":"RANDOM_COLORLESS","is_daily":false,"chose_seed":false,"campfire_upgraded":5,"win_rate":0.0,"timestamp":1609148609,"path_taken":["M","?","?","M","M","E","M","$","T","$","M","M","?","M","R","BOSS","M","?","?","M","?","R","?","M","T","E","R","M","M","M","R","BOSS","M","$","M","M","$","R","M","R","T","R","M","M","?","M","R_BF","BOSS","R","$","E","BOSS"],"items_purchased_type":["Card","Card","Relic","Relic","Relic","Card","Relic","Card"],"build_version":"2020-12-22","purchased_purges":4,"victory":false,"max_hp_per_floor":[80,80,80,80,80,80,80,80,80,80,80,80,80,80,80,80,80,80,80,80,80,80,80,80,80,80,80,80,80,80,80,80,80,80,80,80,80,80,80,80,80,80,80,80,80,80,80,80,77,77,77,77,77,77,77,77],"card_choices":[{"not_picked":["Impatience","Dramatic Entrance"],"picked":"Trip","floor":0},{"not_picked":["Replay:Undeath\u0027s Touch","Second Wind"],"picked":"Seeing Red","floor":1},{"not_picked":["Defy Death","Havoc"],"picked":"Dropkick","floor":4},{"not_picked":["Dark Embrace","Perfected Strike"],"picked":"Rampage","floor":5},{"not_picked":["Pommel Strike","Run Through"],"picked":"Berserk","floor":6},{"not_picked":["Perfected Strike","Replay:Undeath\u0027s Touch"],"picked":"Iron Wave","floor":7},{"not_picked":["Havoc","Twin Strike","Perfected Strike"],"picked":"SKIP","floor":11},{"not_picked":["ReplayTheSpireMod:Muscle Training","Anger"],"picked":"Carnage","floor":12},{"not_picked":["Clothesline","Warcry"],"picked":"Battle Trance","floor":14},{"not_picked":["Demon Form","Replay:Many Hands"],"picked":"Offering","floor":16},{"not_picked":["Replay:Undeath\u0027s Touch+1","Dual Wield"],"picked":"Ghostly Armor","floor":18},{"not_picked":["Heavy Blade+1","Demonic Infusion"],"picked":"Abandon+1","floor":21},{"not_picked":["Headbutt","Cleave"],"picked":"Shrug It Off","floor":24},{"not_picked":["Clash","Anger+1","ReplayTheSpireMod:Strike From Hell"],"picked":"SKIP","floor":25},{"not_picked":["Fiend Fire","Seeing Red","ReplayTheSpireMod:Muscle Training"],"picked":"SKIP","floor":27},{"not_picked":["Sword Boomerang","Clash+1"],"picked":"Burning Pact+1","floor":29},{"not_picked":["Massacre","Shrug It Off+1","ReplayTheSpireMod:Strike From Hell"],"picked":"SKIP","floor":30},{"not_picked":["Clothesline","Armaments","Reckless Charge"],"picked":"SKIP","floor":31},{"not_picked":["Heavy Blade+1","Anger+1","Havoc+1"],"picked":"SKIP","floor":35},{"not_picked":["Fire Breathing+1","Sentinel+1"],"picked":"Dropkick+1","floor":37},{"not_picked":["Intimidate+1","Sword Boomerang+1"],"picked":"Uppercut+1","floor":38},{"not_picked":["Flex+1","ReplayTheSpireMod:Corrosion Curse+1"],"picked":"Shrug It Off+1","floor":41},{"not_picked":["Headbutt+1","Anger+1","Twin Strike+1"],"picked":"SKIP","floor":45},{"not_picked":["ReplayTheSpireMod:Corrosion Curse+1","Carnage","Clash+1"],"picked":"SKIP","floor":46},{"not_picked":["Iron Wave","Intimidate+1","Heavy Blade+1"],"picked":"SKIP","floor":48},{"not_picked":["Power Through+1","Searing Blow+1","Sentinel+1"],"picked":"SKIP","floor":54}],"player_experience":194246,"relics_obtained":[{"floor":6,"key":"Regal Pillow"},{"floor":9,"key":"Orichalcum"},{"floor":17,"key":"Shuriken"},{"floor":17,"key":"Ice Cream"},{"floor":17,"key":"Art of War"},{"floor":43,"key":"CeramicFish"},{"floor":54,"key":"War Paint"}],"event_choices":[{"damage_healed":0,"gold_gain":175,"player_choice":"AGREE","damage_taken":0,"max_hp_gain":0,"max_hp_loss":0,"event_name":"Liars Game","floor":2,"gold_loss":0,"cards_obtained":["Doubt"]},{"cards_removed":["Strike_R"],"damage_healed":0,"gold_gain":0,"player_choice":"Purged","damage_taken":0,"max_hp_gain":0,"max_hp_loss":0,"event_name":"Purifier","floor":13,"gold_loss":0},{"damage_healed":0,"gold_gain":99,"player_choice":"Stole From Cult","damage_taken":0,"max_hp_gain":0,"max_hp_loss":0,"event_name":"Nest","floor":20,"gold_loss":0},{"damage_healed":0,"gold_gain":0,"player_choice":"Copied","damage_taken":0,"max_hp_gain":0,"max_hp_loss":0,"event_name":"Duplicator","floor":22,"gold_loss":0,"cards_obtained":["Trip"]},{"damage_healed":0,"gold_gain":0,"player_choice":"Embrace Madness","damage_taken":10,"max_hp_gain":0,"max_hp_loss":0,"event_name":"Winding Halls","floor":47,"gold_loss":0,"cards_obtained":["Madness","Madness"]}],"is_beta":false,"boss_relics":[{"not_picked":["Replay:Wanted Poster","Velvet Choker"],"picked":"Replay:Grab Bag"},{"not_picked":["Runic Dome","Ectoplasm"],"picked":"ReplayTheSpireMod:Onyx Gauntlets"},{"not_picked":["Philosopher\u0027s Stone","Painkiller Herb"],"picked":"Replay:Bronze Core"},{"not_picked":["Runic Pyramid","Black Star"],"picked":"Calling Bell"},{"not_picked":["Ring of Chaos","SacredBark"],"picked":"Black Blood"},{"not_picked":["Honey Jar","Electric Blood"],"picked":"Sozu"}],"items_purged_floors":[8,19,36,53],"is_endless":false,"potions_floor_spawned":[4,6,12,14,25,27,30,31,33,35,41,45,48,54],"killed_by":"The Heart","ascension_level":0}}