{"host":"2yqfi47fogfu1ic4","time":1609182995,"event":{"mods":["AchievementEnabler","BaseMod","Colored Map","Colored Powertips","Highlight Path","Minty Spire (QoL Compilation)","Permanent Neow","Relic Stats","StSLib"],"gold_per_floor":[16,29,29,45,60,60,79,117,117,156,168,203,234,261,273,376,388,418,450,500,222,240,284,284,284,284,284,284,301,29,39,39,113,113,131,148,23,33,33,33,63,63,86,98,110,110,121,121,121,121,121,121,121,121,148,148],"floor_reached":57,"playtime":6747,"items_purged":["Strike_G","Strike_G","Strike_G"],"score":2986,"play_id":"fe1a0747-134d-4612-be22-d6624798ecd9","local_time":"20201228201635","is_ascension_mode":true,"campfire_choices":[{"data":"Glass Knife","floor":6.0,"key":"SMITH"},{"data":"Terror","floor":15.0,"key":"SMITH"},{"floor":24.0,"key":"REST"},{"data":"Burst","floor":28.0,"key":"SMITH"},{"data":"Footwork","floor":32.0,"key":"SMITH"},{"data":"Wraith Form v2","floor":40.0,"key":"SMITH"},{"floor":42.0,"key":"RECALL"},{"data":"Apotheosis","floor":49.0,"key":"SMITH"},{"data":"Leg Sweep","floor":53.0,"key":"SMITH"}],"circlet_count":0,"master_deck":["AscendersBane","Strike_G","Defend_G","Defend_G","Defend_G","Defend_G","Survivor","Neutralize","Masterful Stab","Slice","Terror+1","Glass Knife+1","Leg Sweep+1","Bouncing Flask","Deflect","Backstab","Blur","Bouncing Flask","Burst+1","Blade Dance","Footwork+1","Acrobatics","Dodge and Roll+1","Blur","Wraith Form v2+1","PiercingWail+1","Deflect+1","Leg Sweep","Apotheosis+1","Panacea","Catalyst","Footwork+1","Backflip+1"],"relics":["Ring of the Snake","Bloody Idol","Anchor","Bag of Marbles","MawBank","Runic Dome","Red Mask","Centennial Puzzle","HornCleat","Bird Faced Urn","MutagenicStrength","TwistedFunnel","Runic Pyramid","Juzu Bracelet","Gambling Chip"],"acts_visited":["Exordium","TheCity","TheBeyond","TheEnding"],"potions_floor_usage":[56,56],"damage_taken":[{"damage":3.0,"enemies":"Cultist","floor":1.0,"turns":5.0},{"damage":0.0,"enemies":"Jaw Worm","floor":2.0,"turns":4.0},{"damage":0.0,"enemies":"Small Slimes","floor":4.0,"turns":3.0},{"damage":1.0,"enemies":"3 Louse","floor":5.0,"turns":3.0},{"damage":0.0,"enemies":"Blue Slaver","floor":7.0,"turns":2.0},{"damage":16.0,"enemies":"Gremlin Nob","floor":8.0,"turns":4.0},{"damage":17.0,"enemies":"Lagavulin","floor":10.0,"turns":4.0},{"damage":0.0,"enemies":"Lots of Slimes","floor":12.0,"turns":4.0},{"damage":0.0,"enemies":"Exordium Wildlife","floor":13.0,"turns":1.0},{"damage":0.0,"enemies":"Large Slime","floor":14.0,"turns":4.0},{"damage":17.0,"enemies":"Hexaghost","floor":16.0,"turns":9.0},{"damage":2.0,"enemies":"3 Byrds","floor":18.0,"turns":4.0},{"damage":0.0,"enemies":"2 Thieves","floor":19.0,"turns":4.0},{"damage":9.0,"enemies":"Masked Bandits","floor":20.0,"turns":4.0},{"damage":0.0,"enemies":"Shelled Parasite and Fungi","floor":22.0,"turns":2.0},{"damage":29.0,"enemies":"Book of Stabbing","floor":23.0,"turns":4.0},{"damage":0.0,"enemies":"Centurion and Healer","floor":29.0,"turns":4.0},{"damage":0.0,"enemies":"Snecko","floor":31.0,"turns":3.0},{"damage":0.0,"enemies":"Automaton","floor":33.0,"turns":12.0},{"damage":0.0,"enemies":"3 Darklings","floor":35.0,"turns":9.0},{"damage":0.0,"enemies":"Orb Walker","floor":36.0,"turns":3.0},{"damage":0.0,"enemies":"Sphere and 2 Shapes","floor":38.0,"turns":3.0},{"damage":7.0,"enemies":"Giant Head","floor":41.0,"turns":11.0},{"damage":4.0,"enemies":"Transient","floor":44.0,"turns":6.0},{"damage":0.0,"enemies":"4 Shapes","floor":45.0,"turns":5.0},{"damage":0.0,"enemies":"Maw","floor":47.0,"turns":7.0},{"damage":0.0,"enemies":"Donu and Deca","floor":50.0,"turns":13.0},{"damage":2.0,"enemies":"Time Eater","floor":51.0,"turns":7.0},{"damage":49.0,"enemies":"Shield and Spear","floor":55.0,"turns":12.0},{"damage":0,"enemies":"The Heart","floor":56,"turns":4}],"seed_played":"-7496432525947710655","potions_obtained":[{"floor":5.0,"key":"ColorlessPotion"},{"floor":8.0,"key":"Fruit Juice"},{"floor":12.0,"key":"LiquidMemories"},{"floor":14.0,"key":"Strength Potion"},{"floor":29.0,"key":"SteroidPotion"},{"floor":41.0,"key":"Energy Potion"}],"is_trial":false,"path_per_floor":["M","M","?","M","M","R","M","E","T","E","$","M","M","M","R","B",null,"M","M","?","$","M","E","R","?","T","?","R","M","$","M","R","B",null,"M","M","$","M","?","R","E","R","T","M","M","?","M","$","R","B","B",null,"R","$","E","B",null],"character_chosen":"THE_SILENT","items_purchased":["Centennial Puzzle","Acrobatics","TwistedFunnel"],"campfire_rested":1,"item_purchase_floors":[21,21,30],"current_hp_per_floor":[56,56,56,56,55,55,55,39,39,22,22,27,27,27,27,10,51,49,49,40,40,40,11,30,30,30,30,30,37,37,42,42,49,61,65,65,65,65,55,55,57,57,62,65,65,65,65,65,65,65,63,65,65,65,27,31],"gold":148,"neow_bonus":"REMOVE_TWO","is_daily":false,"chose_seed":false,"campfire_upgraded":7,"win_rate":0.0,"timestamp":1609182995,"path_taken":["M","M","?","M","M","R","M","E","T","E","$","M","M","M","R","BOSS","M","M","?","$","M","E","R","?","T","?","R","M","$","M","R","BOSS","M","M","$","M","?","R","E","R","T","M","M","?","M","$","R","BOSS","BOSS","R","$","E","BOSS"],"items_purchased_type":["Relic","Card","Relic"],"build_version":"2020-12-22","purchased_purges":3,"victory":true,"max_hp_per_floor":[66,66,60,60,60,60,60,60,60,60,60,65,65,65,65,65,65,65,65,65,65,65,65,65,65,65,65,65,65,65,65,65,65,65,65,65,65,65,65,65,65,65,65,65,65,65,65,65,65,65,65,65,65,65,65,65],"relic_stats":{"Centennial Puzzle":[15],"counters":[30,160],"Bloody Idol":35,"Bird Faced Urn":[24],"Gambling Chip":[5],"Juzu Bracelet":0,"MawBank":132,"obtain_stats":[{"TwistedFunnel":30,"Golden Idol":3,"Juzu Bracelet":41,"MawBank":10,"Runic Dome":17,"Anchor":8,"Centennial Puzzle":21,"HornCleat":23,"Bloody Idol":25,"Bird Faced Urn":26,"MutagenicStrength":27,"Gambling Chip":55,"Bag of Marbles":9,"Red Mask":20,"Ring of the Snake":0,"Runic Pyramid":34},{"TwistedFunnel":17,"Golden Idol":2,"Juzu Bracelet":23,"MawBank":7,"Runic Dome":11,"Anchor":6,"Centennial Puzzle":14,"HornCleat":16,"Bloody Idol":16,"Bird Faced Urn":16,"MutagenicStrength":16,"Gambling Chip":29,"Bag of Marbles":6,"Red Mask":14,"Ring of the Snake":0,"Runic Pyramid":19},{"TwistedFunnel":65,"Golden Idol":9,"Juzu Bracelet":106,"MawBank":25,"Runic Dome":43,"Anchor":21,"Centennial Puzzle":55,"HornCleat":61,"Bloody Idol":61,"Bird Faced Urn":61,"MutagenicStrength":61,"Gambling Chip":156,"Bag of Marbles":21,"Red Mask":55,"Ring of the Snake":0,"Runic Pyramid":80}],"Ring of the Snake":[60]},"card_choices":[{"not_picked":["Poisoned Stab","Blade Dance"],"picked":"Masterful Stab","floor":1.0},{"not_picked":["Flechettes","Well Laid Plans"],"picked":"Slice","floor":2.0},{"not_picked":["Deflect","Blur"],"picked":"Terror","floor":4.0},{"not_picked":["Bane","Acrobatics"],"picked":"Glass Knife","floor":5.0},{"not_picked":["All Out Attack","Masterful Stab"],"picked":"Leg Sweep","floor":7.0},{"not_picked":["Unload","Outmaneuver"],"picked":"Bouncing Flask","floor":8.0},{"not_picked":["Underhanded Strike","Expertise"],"picked":"Deflect","floor":10.0},{"not_picked":["Finisher","Outmaneuver"],"picked":"Backstab","floor":12.0},{"not_picked":["Eviscerate","Flying Knee"],"picked":"Blur","floor":13.0},{"not_picked":["Backstab","Distraction"],"picked":"Bouncing Flask","floor":14.0},{"not_picked":["Unload","Die Die Die"],"picked":"Burst","floor":16.0},{"not_picked":["Slice","Outmaneuver"],"picked":"Blade Dance","floor":18.0},{"not_picked":["Eviscerate","Cloak And Dagger","Blade Dance"],"picked":"SKIP","floor":19.0},{"not_picked":["Poisoned Stab","Deflect"],"picked":"Footwork","floor":20.0},{"not_picked":["Masterful Stab","Calculated Gamble"],"picked":"Dodge and Roll+1","floor":22.0},{"not_picked":["Unload","Quick Slash","Flying Knee"],"picked":"SKIP","floor":23.0},{"not_picked":["Skewer","Crippling Poison"],"picked":"Blur","floor":29.0},{"not_picked":["Blade Dance","Endless Agony","Dagger Throw"],"picked":"SKIP","floor":31.0},{"not_picked":["Venomology","Burst"],"picked":"Wraith Form v2","floor":33.0},{"not_picked":["Blade Dance+1","Masterful Stab"],"picked":"PiercingWail+1","floor":35.0},{"not_picked":["Deadly Poison","Choke+1"],"picked":"Deflect+1","floor":36.0},{"not_picked":["Deflect","Underhanded Strike"],"picked":"Leg Sweep","floor":38.0},{"not_picked":["Jack Of All Trades","The Bomb"],"picked":"Apotheosis","floor":39.0},{"not_picked":["Dramatic Entrance","The Bomb"],"picked":"Panacea","floor":39.0},{"not_picked":["Endless Agony","Dodge and Roll"],"picked":"Catalyst","floor":41.0},{"not_picked":["Choke+1","Predator","Dodge and Roll"],"picked":"SKIP","floor":44.0},{"not_picked":["Masterful Stab","Flying Knee+1"],"picked":"Footwork+1","floor":45.0},{"not_picked":["Terror","Flechettes","Quick Slash"],"picked":"SKIP","floor":47.0},{"not_picked":["Cloak And Dagger","Sucker Punch"],"picked":"Backflip+1","floor":55.0}],"player_experience":1909789,"relics_obtained":[{"floor":8.0,"key":"Anchor"},{"floor":9.0,"key":"Bag of Marbles"},{"floor":10.0,"key":"MawBank"},{"floor":20.0,"key":"Red Mask"},{"floor":23.0,"key":"HornCleat"},{"floor":26.0,"key":"Bird Faced Urn"},{"floor":41.0,"key":"Juzu Bracelet"},{"floor":55.0,"key":"Gambling Chip"}],"event_choices":[{"damage_healed":0.0,"max_hp_gain":0.0,"max_hp_loss":6.0,"gold_gain":0.0,"event_name":"Golden Idol","player_choice":"Lose Max HP","floor":3.0,"gold_loss":0.0,"damage_taken":0.0,"relics_obtained":["Golden Idol"]},{"damage_healed":0.0,"max_hp_gain":0.0,"max_hp_loss":0.0,"gold_gain":0.0,"event_name":"Masked Bandits","player_choice":"Fought Bandits","floor":20.0,"gold_loss":0.0,"damage_taken":0.0},{"damage_healed":0.0,"max_hp_gain":0.0,"max_hp_loss":0.0,"gold_gain":0.0,"event_name":"Forgotten Altar","player_choice":"Gave Idol","floor":25.0,"relics_lost":["Golden Idol"],"gold_loss":0.0,"damage_taken":0.0,"relics_obtained":["Bloody Idol"]},{"damage_healed":0.0,"max_hp_gain":0.0,"max_hp_loss":0.0,"gold_gain":0.0,"event_name":"Drug Dealer","player_choice":"Inject Mutagens","floor":27.0,"gold_loss":0.0,"damage_taken":0.0,"relics_obtained":["MutagenicStrength"]},{"damage_healed":0.0,"max_hp_gain":0.0,"max_hp_loss":0.0,"gold_gain":0.0,"event_name":"SensoryStone","player_choice":"Memory 3","floor":39.0,"gold_loss":0.0,"damage_taken":10.0},{"damage_healed":0.0,"max_hp_gain":0.0,"max_hp_loss":0.0,"gold_gain":0.0,"event_name":"Mysterious Sphere","player_choice":"Ignored","floor":46.0,"gold_loss":0.0,"damage_taken":0.0}],"is_beta":false,"boss_relics":[{"not_picked":["Velvet Choker","Ring of the Serpent"],"picked":"Runic Dome"},{"not_picked":["Fusion Hammer","Cursed Key"],"picked":"Runic Pyramid"}],"items_purged_floors":[21,30,37],"is_endless":false,"potions_floor_spawned":[5,8,12,13,14,18,22,29,33,41,44,45],"ascension_level":20}}