{"host":"eav5i5w47nlnv2l1","time":1609176528,"event":{"mods":["BaseMod","Minty Spire (QoL Compilation)"],"gold_per_floor":[115,129,144,159,169,202,202,13,82,98,98,133,146,146,146,146,146],"floor_reached":16,"playtime":1331,"items_purged":["Strike_P"],"score":139,"play_id":"d86041c7-3f7d-4bf3-afa8-7623a01bfab0","local_time":"20201228122848","is_ascension_mode":false,"campfire_choices":[{"data":"Eruption","floor":7,"key":"SMITH"},{"data":"Evaluate","floor":15,"key":"SMITH"}],"circlet_count":0,"master_deck":["Strike_P","Strike_P","Defend_P","Defend_P","Defend_P","Defend_P","Eruption+1","Vigilance","Finesse","Consecrate","EmptyBody","Evaluate+1","CrushJoints","Scrawl","ForeignInfluence"],"relics":["PureWater","Omamori","Membership Card","Pear","Turnip"],"acts_visited":["Exordium"],"potions_floor_usage":[4,12,16],"damage_taken":[{"damage":0,"enemies":"Cultist","floor":1,"turns":4},{"damage":0,"enemies":"2 Louse","floor":2,"turns":2},{"damage":0,"enemies":"Jaw Worm","floor":3,"turns":3},{"damage":0,"enemies":"Lots of Slimes","floor":4,"turns":4},{"damage":1,"enemies":"Large Slime","floor":5,"turns":6},{"damage":17,"enemies":"Gremlin Nob","floor":6,"turns":4},{"damage":0,"enemies":"Looter","floor":10,"turns":4},{"damage":34,"enemies":"Lagavulin","floor":12,"turns":12},{"damage":0,"enemies":"Lots of Slimes","floor":13,"turns":4},{"damage":44,"enemies":"Hexaghost","floor":16,"turns":11}],"seed_played":"9200214367738618550","potions_obtained":[{"floor":1,"key":"Regen Potion"},{"floor":2,"key":"LiquidMemories"},{"floor":13,"key":"Strength Potion"}],"is_trial":false,"path_per_floor":["M","M","M","M","M","E","R","$","T","M","?","E","M","?","R","B"],"character_chosen":"WATCHER","items_purchased":["Membership Card"],"campfire_rested":0,"item_purchase_floors":[8],"current_hp_per_floor":[72,72,72,72,71,54,54,54,64,64,69,50,50,43,43,0,0],"gold":146,"neow_bonus":"RANDOM_COLORLESS","is_daily":false,"chose_seed":false,"campfire_upgraded":2,"win_rate":0.0,"timestamp":1609176528,"path_taken":["M","?","M","M","M","E","R","$","T","?","?","E","M","?","R","BOSS"],"items_purchased_type":["Relic"],"build_version":"2020-12-22","purchased_purges":1,"victory":false,"max_hp_per_floor":[72,72,72,72,72,72,72,72,82,82,87,87,87,87,87,87,87],"card_choices":[{"not_picked":["Forethought","Swift Strike"],"picked":"Finesse","floor":0},{"not_picked":["JustLucky","WindmillStrike","SignatureMove"],"picked":"SKIP","floor":1},{"not_picked":["FollowUp","CrushJoints"],"picked":"Consecrate","floor":2},{"not_picked":["Perseverance","Protect"],"picked":"EmptyBody","floor":3},{"not_picked":["WindmillStrike","BowlingBash"],"picked":"Evaluate","floor":4},{"not_picked":["Consecrate","JustLucky"],"picked":"CrushJoints","floor":5},{"not_picked":["FlurryOfBlows","Crescendo"],"picked":"Scrawl","floor":6},{"not_picked":["Swivel","Fasting2"],"picked":"ForeignInfluence","floor":10},{"not_picked":["Fasting2","Sanctity","FollowUp"],"picked":"SKIP","floor":12},{"not_picked":["Tantrum","WheelKick","BowlingBash"],"picked":"SKIP","floor":13}],"player_experience":1411148,"relics_obtained":[{"floor":6,"key":"Omamori"},{"floor":9,"key":"Pear"},{"floor":12,"key":"Turnip"}],"event_choices":[{"damage_healed":0,"gold_gain":0,"player_choice":"Donut","damage_taken":0,"max_hp_gain":5,"max_hp_loss":0,"event_name":"Big Fish","floor":11,"gold_loss":0},{"cards_removed":["Strike_P"],"damage_healed":0,"gold_gain":0,"player_choice":"Card Removal","damage_taken":7,"max_hp_gain":0,"max_hp_loss":0,"event_name":"Golden Wing","floor":14,"gold_loss":0}],"is_beta":false,"boss_relics":[],"items_purged_floors":[8],"is_endless":false,"potions_floor_spawned":[1,2,13],"killed_by":"Hexaghost","ascension_level":0}}