{"host":"r53pw7z744tg3fxg","time":1609188530,"event":{"mods":["AchievementEnabler","BaseMod","Colored Map","Colored Powertips","Highlight Path","Minty Spire (QoL Compilation)","Quick Restart","Transform Curses"],"gold_per_floor":[16,34,34,109,126,126,161,161,161,181,181,216,235,263,263,360,360,370,382,382,382],"floor_reached":20,"playtime":1025,"items_purged":[],"score":291,"play_id":"dda76dfb-6863-4bab-a2de-ff3d93e502a3","local_time":"20201228134850","is_ascension_mode":true,"campfire_choices":[{"floor":6,"key":"REST"},{"floor":11,"key":"REST"},{"floor":15,"key":"REST"}],"circlet_count":0,"master_deck":["AscendersBane","Strike_P","Strike_P","Strike_P","Strike_P","Defend_P","Defend_P","Defend_P","Defend_P","Eruption+1","Vigilance","PathToVictory","BowlingBash+1","ReachHeaven","SandsOfTime+1","ForeignInfluence","ClearTheMind","SashWhip","Establishment","EmptyMind"],"relics":["PureWater","Bird Faced Urn","Question Card","Ancient Tea Set","Whetstone","Art of War","Busted Crown"],"acts_visited":["Exordium","TheCity"],"potions_floor_usage":[1,7,7,7,14,19,20],"damage_taken":[{"damage":2,"enemies":"2 Louse","floor":1,"turns":3},{"damage":0,"enemies":"Small Slimes","floor":2,"turns":2},{"damage":3,"enemies":"Cultist","floor":5,"turns":4},{"damage":27,"enemies":"Lagavulin","floor":7,"turns":5},{"damage":23,"enemies":"Exordium Thugs","floor":10,"turns":5},{"damage":19,"enemies":"3 Sentries","floor":12,"turns":7},{"damage":1,"enemies":"3 Louse","floor":13,"turns":2},{"damage":16,"enemies":"Gremlin Nob","floor":14,"turns":3},{"damage":24,"enemies":"The Guardian","floor":16,"turns":9},{"damage":31,"enemies":"2 Thieves","floor":18,"turns":4},{"damage":22,"enemies":"3 Byrds","floor":19,"turns":4},{"damage":18,"enemies":"Snecko","floor":20,"turns":2}],"seed_played":"-7995259842150530334","potions_obtained":[{"floor":1,"key":"EntropicBrew"},{"floor":10,"key":"Weak Potion"},{"floor":12,"key":"Ancient Potion"},{"floor":16,"key":"Weak Potion"}],"is_trial":false,"path_per_floor":["M","M","?","?","M","R","E","?","T","M","R","E","M","E","R","B",null,"M","M","M"],"character_chosen":"WATCHER","items_purchased":[],"campfire_rested":3,"item_purchase_floors":[],"current_hp_per_floor":[63,63,63,52,49,70,43,43,43,20,41,22,21,5,26,2,55,24,4,0,0],"gold":382,"neow_bonus":"ONE_RARE_RELIC","is_daily":false,"chose_seed":false,"campfire_upgraded":0,"win_rate":0.0,"timestamp":1609188530,"path_taken":["M","M","?","?","M","R","E","?","T","M","R","E","M","E","R","BOSS","M","M","?"],"items_purchased_type":[],"build_version":"2020-12-22","purchased_purges":0,"victory":false,"max_hp_per_floor":[72,72,72,72,72,72,72,72,72,72,72,72,72,72,72,72,72,72,72,72,72],"card_choices":[{"not_picked":["LikeWater","JustLucky","Pray"],"picked":"SKIP","floor":1},{"not_picked":["Protect","JustLucky"],"picked":"PathToVictory","floor":2},{"not_picked":["FollowUp","TalkToTheHand"],"picked":"BowlingBash","floor":5},{"not_picked":["FlurryOfBlows","Pray"],"picked":"ReachHeaven","floor":7},{"not_picked":["Vault","Nirvana","CrushJoints"],"picked":"SandsOfTime","floor":10},{"not_picked":["ClearTheMind","Prostrate","Protect"],"picked":"ForeignInfluence","floor":12},{"not_picked":["Crescendo","ThirdEye","ForeignInfluence"],"picked":"ClearTheMind","floor":13},{"not_picked":["WreathOfFlame","ThirdEye","Brilliance"],"picked":"SashWhip","floor":14},{"not_picked":["ConjureBlade","Vault","Brilliance"],"picked":"Establishment","floor":16},{"not_picked":["BowlingBash"],"picked":"EmptyMind","floor":18},{"not_picked":["Prostrate","Meditate"],"picked":"SKIP","floor":19}],"player_experience":1163421,"relics_obtained":[{"floor":7,"key":"Question Card"},{"floor":9,"key":"Ancient Tea Set"},{"floor":12,"key":"Whetstone"},{"floor":14,"key":"Art of War"}],"event_choices":[{"damage_healed":0,"gold_gain":0,"player_choice":"Grow","damage_taken":0,"max_hp_gain":0,"max_hp_loss":0,"event_name":"Living Wall","floor":3,"gold_loss":0,"cards_upgraded":["Eruption"]},{"damage_healed":0,"gold_gain":75,"player_choice":"Gather Gold","damage_taken":11,"max_hp_gain":0,"max_hp_loss":0,"event_name":"World of Goop","floor":4,"gold_loss":0},{"damage_healed":0,"gold_gain":0,"player_choice":"Ignored","damage_taken":0,"max_hp_gain":0,"max_hp_loss":0,"event_name":"Transmorgrifier","floor":8,"gold_loss":0}],"is_beta":false,"boss_relics":[{"not_picked":["Empty Cage","Runic Dome"],"picked":"Busted Crown"}],"items_purged_floors":[],"is_endless":false,"potions_floor_spawned":[1,10,12,16],"killed_by":"Snecko","ascension_level":10}}