{"host":"2no1vwhhkhf0ohz3","time":1609137684,"event":{"mods":["AchievementEnabler","BaseMod","Colored Map","DeckTracker","Keyboard Shortcuts","Minty Spire (QoL Compilation)","Relic Stats","SuperFastMode"],"gold_per_floor":[119,119,135,135,135,135,154,189,189,189,189,139,164,180,180,309,309,332,373,373,387,302,646,646,685,738,750,778,790,337,352,352,352,352],"floor_reached":33,"playtime":642,"items_purged":[],"score":322,"play_id":"014aa7aa-c086-4e8f-8a76-dd86f863429a","local_time":"20201228154124","is_ascension_mode":true,"campfire_choices":[{"data":"Bash","floor":6,"key":"SMITH"},{"data":"Body Slam","floor":10,"key":"SMITH"},{"data":"Pommel Strike","floor":15,"key":"SMITH"},{"data":"Inflame","floor":24,"key":"SMITH"},{"data":"Limit Break","floor":29,"key":"SMITH"},{"data":"Apotheosis","floor":32,"key":"SMITH"}],"circlet_count":0,"master_deck":["Strike_R","Strike_R+1","Defend_R","Defend_R+1","Bash+1","Twin Strike","Pommel Strike+1","Body Slam+1","Sword Boomerang","Limit Break+1","Uppercut+1","Limit Break+1","Corruption+1","Inflame+1","True Grit+1","Flex","Shrug It Off","Shrug It Off","Inflame","Apotheosis+1"],"relics":["Burning Blood","Red Skull","Golden Idol","Unceasing Top","Pear","Astrolabe","Red Mask","Lizard Tail","Old Coin","Juzu Bracelet","MawBank","MutagenicStrength","ClockworkSouvenir"],"acts_visited":["Exordium","TheCity"],"potions_floor_usage":[14,16,19,23],"damage_taken":[{"damage":21,"enemies":"Jaw Worm","floor":1,"turns":4},{"damage":9,"enemies":"2 Louse","floor":3,"turns":2},{"damage":7,"enemies":"Small Slimes","floor":7,"turns":2},{"damage":14,"enemies":"Gremlin Nob","floor":8,"turns":3},{"damage":0,"enemies":"Blue Slaver","floor":13,"turns":2},{"damage":0,"enemies":"3 Louse","floor":14,"turns":2},{"damage":6,"enemies":"Slime Boss","floor":16,"turns":5},{"damage":13,"enemies":"Chosen","floor":18,"turns":4},{"damage":52,"enemies":"Masked Bandits","floor":19,"turns":6},{"damage":23,"enemies":"3 Byrds","floor":21,"turns":4},{"damage":12,"enemies":"Gremlin Leader","floor":23,"turns":3},{"damage":44,"enemies":"Book of Stabbing","floor":25,"turns":5},{"damage":9,"enemies":"Centurion and Healer","floor":28,"turns":4},{"damage":15,"enemies":"Snake Plant","floor":31,"turns":2},{"damage":77,"enemies":"Automaton","floor":33,"turns":6}],"seed_played":"3824014164298856268","potions_obtained":[{"floor":3,"key":"AttackPotion"},{"floor":14,"key":"Fruit Juice"},{"floor":16,"key":"Fire Potion"},{"floor":19,"key":"Ancient Potion"},{"floor":21,"key":"LiquidMemories"}],"is_trial":false,"path_per_floor":["M","?","M","?","?","R","M","E","T","R","?","?","M","M","R","B",null,"M","?","?","M","?","E","R","E","T","?","M","R","$","M","R","B"],"character_chosen":"IRONCLAD","items_purchased":["Shrug It Off","Inflame","ClockworkSouvenir","Apotheosis"],"campfire_rested":0,"item_purchase_floors":[30,30,30,30],"current_hp_per_floor":[65,45,42,47,40,40,39,31,41,41,22,22,28,39,39,39,100,93,47,47,30,30,24,24,46,46,46,43,43,43,34,34,0,0],"gold":352,"neow_bonus":"RANDOM_COMMON_RELIC","is_daily":false,"chose_seed":false,"campfire_upgraded":6,"win_rate":0.0,"timestamp":1609137684,"path_taken":["M","?","M","?","?","R","M","E","T","R","?","?","M","M","R","BOSS","M","?","?","M","?","E","R","E","T","?","M","R","$","M","R","BOSS"],"items_purchased_type":["Card","Card","Relic","Card"],"build_version":"2020-12-22","purchased_purges":0,"victory":false,"max_hp_per_floor":[80,80,80,85,85,85,85,85,95,95,95,95,95,100,100,100,100,100,100,100,100,100,100,100,100,100,100,100,100,100,100,100,100,100],"relic_stats":{"Lizard Tail":50,"counters":[15,54],"Golden Idol":87,"Astrolabe":["Uppercut","Limit Break","Corruption"],"Juzu Bracelet":0,"MawBank":48,"obtain_stats":[{"Pear":9,"Golden Idol":2,"Astrolabe":17,"Juzu Bracelet":25,"MawBank":26,"Burning Blood":0,"Old Coin":23,"ClockworkSouvenir":30,"Lizard Tail":22,"MutagenicStrength":27,"Red Mask":19,"Red Skull":0,"Unceasing Top":8},{"Pear":4,"Golden Idol":1,"Astrolabe":7,"Juzu Bracelet":12,"MawBank":12,"Burning Blood":0,"Old Coin":11,"ClockworkSouvenir":13,"Lizard Tail":10,"MutagenicStrength":12,"Red Mask":9,"Red Skull":0,"Unceasing Top":4},{"Pear":11,"Golden Idol":4,"Astrolabe":20,"Juzu Bracelet":42,"MawBank":42,"Burning Blood":0,"Old Coin":37,"ClockworkSouvenir":46,"Lizard Tail":34,"MutagenicStrength":42,"Red Mask":30,"Red Skull":0,"Unceasing Top":11}],"Burning Blood":84,"Unceasing Top":[1]},"card_choices":[{"not_picked":["Cleave","Infernal Blade"],"picked":"Twin Strike","floor":1},{"not_picked":["Havoc","Clash","Thunderclap"],"picked":"SKIP","floor":3},{"not_picked":["Iron Wave","Clothesline"],"picked":"Pommel Strike","floor":7},{"not_picked":["Havoc","Hemokinesis"],"picked":"Body Slam","floor":8},{"not_picked":["Twin Strike","Exhume"],"picked":"Sword Boomerang","floor":13},{"not_picked":["Wild Strike","Warcry","Headbutt"],"picked":"SKIP","floor":14},{"not_picked":["Double Tap","Exhume"],"picked":"Limit Break","floor":16},{"not_picked":["Sever Soul","Metallicize+1","Wild Strike"],"picked":"SKIP","floor":18},{"not_picked":["Bloodletting+1","Sword Boomerang"],"picked":"True Grit+1","floor":21},{"not_picked":["Rupture+1","Anger+1"],"picked":"Flex","floor":23},{"not_picked":["Clash+1","Power Through"],"picked":"Shrug It Off","floor":25},{"not_picked":["Clash","Hemokinesis","Headbutt+1"],"picked":"SKIP","floor":28},{"not_picked":["Armaments","Twin Strike","Pommel Strike"],"picked":"SKIP","floor":31}],"player_experience":254216,"relics_obtained":[{"floor":8,"key":"Unceasing Top"},{"floor":9,"key":"Pear"},{"floor":19,"key":"Red Mask"},{"floor":23,"key":"Old Coin"},{"floor":25,"key":"Juzu Bracelet"},{"floor":26,"key":"MawBank"}],"event_choices":[{"damage_healed":0,"gold_gain":0,"player_choice":"Take Damage","damage_taken":20,"relics_obtained":["Golden Idol"],"max_hp_gain":0,"max_hp_loss":0,"event_name":"Golden Idol","floor":2,"gold_loss":0},{"damage_healed":0,"gold_gain":0,"player_choice":"Donut","damage_taken":0,"max_hp_gain":5,"max_hp_loss":0,"event_name":"Big Fish","floor":4,"gold_loss":0},{"cards_removed":["Strike_R"],"damage_healed":0,"gold_gain":0,"player_choice":"Card Removal","damage_taken":7,"max_hp_gain":0,"max_hp_loss":0,"event_name":"Golden Wing","floor":5,"gold_loss":0},{"damage_healed":0,"gold_gain":0,"player_choice":"Entered Light","damage_taken":19,"max_hp_gain":0,"max_hp_loss":0,"event_name":"Shining Light","floor":11,"gold_loss":0,"cards_upgraded":["Strike_R","Defend_R"]},{"cards_removed":["Strike_R"],"damage_healed":0,"gold_gain":0,"player_choice":"Card Removal","damage_taken":0,"max_hp_gain":0,"max_hp_loss":0,"event_name":"The Cleric","floor":12,"gold_loss":50},{"damage_healed":0,"gold_gain":0,"player_choice":"Fought Bandits","damage_taken":0,"max_hp_gain":0,"max_hp_loss":0,"event_name":"Masked Bandits","floor":19,"gold_loss":0},{"damage_healed":0,"gold_gain":0,"player_choice":"Read","damage_taken":0,"max_hp_gain":0,"max_hp_loss":0,"event_name":"The Library","floor":20,"gold_loss":0,"cards_obtained":["Inflame"]},{"damage_healed":0,"gold_gain":0,"player_choice":"Obtained Relic","damage_taken":0,"relics_obtained":["Lizard Tail"],"max_hp_gain":0,"max_hp_loss":0,"event_name":"Addict","floor":22,"gold_loss":85},{"damage_healed":0,"gold_gain":0,"player_choice":"Inject Mutagens","damage_taken":0,"relics_obtained":["MutagenicStrength"],"max_hp_gain":0,"max_hp_loss":0,"event_name":"Drug Dealer","floor":27,"gold_loss":0}],"is_beta":false,"boss_relics":[{"not_picked":["Tiny House","Empty Cage"],"picked":"Astrolabe"}],"items_purged_floors":[],"is_endless":false,"potions_floor_spawned":[3,14,16,19,21],"killed_by":"Automaton","ascension_level":1}}