{"host":"12piqfhmdln9x2la","time":1609140358,"event":{"mods":["2.2 Compatiblity","AchievementEnabler","BaseMod","BetterRewards","Colored Powertips","Minty Spire (QoL Compilation)","Quick Restart","SuperFastMode"],"gold_per_floor":[113,113,40,40,59,93,107,132,159,234,234,269,287,287,287,287,287],"floor_reached":16,"playtime":313,"items_purged":["Strike_R"],"score":142,"play_id":"19181d01-afd8-4447-a3ae-4daf909b18a5","local_time":"20201228162558","is_ascension_mode":true,"campfire_choices":[{"floor":11,"key":"RECALL"},{"data":"Apotheosis","floor":15,"key":"SMITH"}],"circlet_count":0,"master_deck":["Strike_R","Strike_R","Strike_R+1","Strike_R","Defend_R","Defend_R","Defend_R","Defend_R","Bash","Apotheosis+1","Pommel Strike","Seeing Red","Twin Strike+1","Cleave+1","Flex","Feed+1","Rage+1","Heavy Blade+1","Armaments+1","Perfected Strike+1","Demon Form","Heavy Blade+1","Anger+1"],"relics":["Burning Blood","Juzu Bracelet","Lee\u0027s Waffle","Prayer Wheel","Molten Egg 2","Letter Opener","Toxic Egg 2","Whetstone","PreservedInsect","Bronze Scales","Pantograph"],"acts_visited":["Exordium"],"potions_floor_usage":[8],"damage_taken":[{"damage":10,"enemies":"Cultist","floor":1,"turns":4},{"damage":8,"enemies":"2 Louse","floor":5,"turns":3},{"damage":22,"enemies":"3 Sentries","floor":6,"turns":5},{"damage":12,"enemies":"Jaw Worm","floor":7,"turns":2},{"damage":21,"enemies":"Gremlin Nob","floor":8,"turns":4},{"damage":12,"enemies":"3 Sentries","floor":12,"turns":5},{"damage":11,"enemies":"Looter","floor":13,"turns":2},{"damage":44,"enemies":"The Guardian","floor":16,"turns":6}],"seed_played":"-1111425118202313018","potions_obtained":[{"floor":5,"key":"Block Potion"},{"floor":12,"key":"SkillPotion"}],"is_trial":false,"path_per_floor":["M","T","$","?","M","E","M","E","T","?","R","E","M","?","R","B"],"character_chosen":"IRONCLAD","items_purchased":["Apotheosis","Juzu Bracelet","Pommel Strike","Lee\u0027s Waffle","Cleave+1","Flex"],"campfire_rested":0,"item_purchase_floors":[0,0,0,0,3,3],"current_hp_per_floor":[83,83,83,76,74,62,56,41,41,30,30,24,19,19,19,0,0],"gold":287,"neow_bonus":"","is_daily":false,"chose_seed":false,"campfire_upgraded":1,"win_rate":0.0,"timestamp":1609140358,"path_taken":["M","?","$","?","M","E","M","E","T","?","R","E","M","?","R","BOSS"],"items_purchased_type":["Card","Relic","Card","Relic","Card","Card"],"build_version":"2020-12-22","purchased_purges":1,"victory":false,"max_hp_per_floor":[87,87,87,87,87,91,91,91,91,91,91,91,91,91,91,91,91],"card_choices":[{"not_picked":["Perfected Strike","Havoc"],"picked":"Seeing Red","floor":1},{"not_picked":["Shockwave","Anger"],"picked":"Twin Strike","floor":1},{"not_picked":["Shockwave","Whirlwind+1"],"picked":"Feed+1","floor":5},{"not_picked":["Warcry","Sword Boomerang+1","Clothesline+1"],"picked":"SKIP","floor":5},{"not_picked":["Entrench+1","Sword Boomerang+1"],"picked":"Rage+1","floor":6},{"not_picked":["Pommel Strike+1","Wild Strike+1"],"picked":"Heavy Blade+1","floor":7},{"not_picked":["Shrug It Off+1","Anger+1"],"picked":"Armaments+1","floor":7},{"not_picked":["Evolve","Armaments+1"],"picked":"Perfected Strike+1","floor":8},{"not_picked":["Feel No Pain","Thunderclap+1"],"picked":"Demon Form","floor":12},{"not_picked":["Battle Trance+1","Second Wind+1"],"picked":"Heavy Blade+1","floor":13},{"not_picked":["True Grit+1","Clash+1"],"picked":"Anger+1","floor":13}],"player_experience":130988,"relics_obtained":[{"floor":2,"key":"Molten Egg 2"},{"floor":6,"key":"Toxic Egg 2"},{"floor":8,"key":"Whetstone"},{"floor":9,"key":"PreservedInsect"},{"floor":12,"key":"Bronze Scales"}],"event_choices":[{"damage_healed":0,"gold_gain":0,"player_choice":"Success","damage_taken":7,"relics_obtained":["Letter Opener"],"max_hp_gain":0,"max_hp_loss":0,"event_name":"Scrap Ooze","floor":4,"gold_loss":0},{"damage_healed":0,"gold_gain":75,"player_choice":"Gather Gold","damage_taken":11,"max_hp_gain":0,"max_hp_loss":0,"event_name":"World of Goop","floor":10,"gold_loss":0},{"damage_healed":0,"gold_gain":0,"player_choice":"Gave Potion","damage_taken":0,"relics_obtained":["Pantograph"],"max_hp_gain":0,"max_hp_loss":0,"event_name":"WeMeetAgain","floor":14,"gold_loss":0}],"is_beta":false,"boss_relics":[],"items_purged_floors":[0],"is_endless":false,"potions_floor_spawned":[5,12],"killed_by":"The Guardian","ascension_level":4}}