{"host":"jpzdg3po3tjxdjri","time":1609157597,"event":{"mods":["BaseMod","Better Third Choice","Colored Map","Colored Powertips","Minty Spire (QoL Compilation)","StSLib"],"gold_per_floor":[114,133,133,33,51,82,82,96,123,123,150,162,239,268,280,371,383,406,49,69,84,98,98,108,108,108],"floor_reached":25,"playtime":947,"items_purged":["Strike_B"],"score":366,"play_id":"eae178af-4dfe-46d9-9b08-4bde36cc4150","local_time":"20201228121317","is_ascension_mode":true,"campfire_choices":[{"floor":7,"key":"REST"},{"data":"Hologram","floor":10,"key":"SMITH"},{"floor":12,"key":"REST"},{"data":"Defragment","floor":15,"key":"SMITH"},{"floor":23,"key":"REST"}],"circlet_count":0,"master_deck":["AscendersBane","Strike_B","Strike_B","Defend_B","Defend_B","Defend_B","Defend_B","Zap","Dualcast","Gash","Ball Lightning","Hologram+1","Defragment+1","Gash","Sweeping Beam","Melter","Conserve Battery","Coolheaded","BootSequence","Reboot","CurseOfTheBell","Conserve Battery","Gash","Ball Lightning","Capacitor","Conserve Battery+1","Ball Lightning","Thunder Strike","Genetic Algorithm","Aggregate","Glacier"],"relics":["Cracked Core","NeowsBlessing","Lantern","Tiny Chest","MawBank","Strawberry","Calling Bell","Bag of Preparation","Letter Opener","Prayer Wheel","Ginger"],"acts_visited":["Exordium","TheCity"],"potions_floor_usage":[6,11,11,16,18,22,25],"damage_taken":[{"damage":0,"enemies":"2 Louse","floor":1,"turns":1},{"damage":0,"enemies":"Small Slimes","floor":2,"turns":1},{"damage":0,"enemies":"Jaw Worm","floor":5,"turns":1},{"damage":33,"enemies":"3 Sentries","floor":6,"turns":6},{"damage":3,"enemies":"Looter","floor":8,"turns":2},{"damage":15,"enemies":"Lagavulin","floor":11,"turns":5},{"damage":21,"enemies":"3 Sentries","floor":13,"turns":6},{"damage":1,"enemies":"Blue Slaver","floor":14,"turns":3},{"damage":27,"enemies":"Slime Boss","floor":16,"turns":8},{"damage":0,"enemies":"3 Byrds","floor":18,"turns":4},{"damage":12,"enemies":"2 Thieves","floor":20,"turns":5},{"damage":33,"enemies":"Shelled Parasite and Fungi","floor":21,"turns":5},{"damage":5,"enemies":"Snake Plant","floor":22,"turns":4},{"damage":9,"enemies":"Cultist and Chosen","floor":24,"turns":5},{"damage":24,"enemies":"Slavers","floor":25,"turns":3}],"seed_played":"-6284537761500926116","potions_obtained":[{"floor":2,"key":"DistilledChaos"},{"floor":5,"key":"Block Potion"},{"floor":6,"key":"Energy Potion"},{"floor":11,"key":"FearPotion"},{"floor":16,"key":"DuplicationPotion"},{"floor":18,"key":"Ancient Potion"},{"floor":21,"key":"DistilledChaos"}],"is_trial":false,"path_per_floor":["M","M","?","$","M","E","R","M","T","R","E","R","?","M","R","B",null,"M","$","M","M","M","R","M","E"],"character_chosen":"DEFECT","items_purchased":["Hologram","Defragment","Ginger"],"campfire_rested":3,"item_purchase_floors":[4,4,19],"current_hp_per_floor":[64,64,57,57,57,24,45,42,42,42,27,48,34,33,33,6,60,60,60,48,15,10,33,24,0,0],"gold":108,"neow_bonus":"THREE_ENEMY_KILL","is_daily":false,"chose_seed":false,"campfire_upgraded":2,"win_rate":0.0,"timestamp":1609157597,"path_taken":["M","M","?","$","M","E","R","M","T","R","E","R","?","M","R","BOSS","M","$","M","M","M","R","M","E"],"items_purchased_type":["Card","Card","Relic"],"build_version":"2020-12-22","purchased_purges":1,"victory":false,"max_hp_per_floor":[71,71,71,71,71,71,71,71,71,71,71,71,78,78,78,78,78,78,78,78,78,78,78,78,78,78],"card_choices":[{"not_picked":["Stack","Heatsinks"],"picked":"Gash","floor":1},{"not_picked":["White Noise","Chill"],"picked":"Ball Lightning","floor":2},{"not_picked":["Streamline","Sweeping Beam"],"picked":"Gash","floor":5},{"not_picked":["Meteor Strike","Leap"],"picked":"Sweeping Beam","floor":6},{"not_picked":["Redo","Darkness"],"picked":"Melter","floor":8},{"not_picked":["Reinforced Body","Streamline"],"picked":"Conserve Battery","floor":11},{"not_picked":["Compile Driver","Steam"],"picked":"Coolheaded","floor":13},{"not_picked":["Stack","Beam Cell"],"picked":"BootSequence","floor":14},{"not_picked":["Hyperbeam","Meteor Strike"],"picked":"Reboot","floor":16},{"not_picked":["Sweeping Beam","Barrage"],"picked":"Conserve Battery","floor":18},{"not_picked":["Conserve Battery+1","Cold Snap"],"picked":"Gash","floor":18},{"not_picked":["Genetic Algorithm","Doom and Gloom"],"picked":"Ball Lightning","floor":20},{"not_picked":["Genetic Algorithm","Heatsinks"],"picked":"Capacitor","floor":20},{"not_picked":["Melter","Chill"],"picked":"Conserve Battery+1","floor":21},{"not_picked":["Hologram","Leap+1"],"picked":"Ball Lightning","floor":21},{"not_picked":["Beam Cell","Barrage"],"picked":"Thunder Strike","floor":22},{"not_picked":["Conserve Battery","Sunder"],"picked":"Genetic Algorithm","floor":22},{"not_picked":["Steam","Go for the Eyes"],"picked":"Aggregate","floor":24},{"not_picked":["Turbo","Force Field"],"picked":"Glacier","floor":24}],"player_experience":806942,"relics_obtained":[{"floor":6,"key":"Lantern"},{"floor":9,"key":"Tiny Chest"},{"floor":11,"key":"MawBank"},{"floor":13,"key":"Strawberry"},{"floor":17,"key":"Bag of Preparation"},{"floor":17,"key":"Letter Opener"},{"floor":17,"key":"Prayer Wheel"}],"event_choices":[{"cards_removed":["Strike_B"],"damage_healed":0,"gold_gain":0,"player_choice":"Card Removal","damage_taken":7,"max_hp_gain":0,"max_hp_loss":0,"event_name":"Golden Wing","floor":3,"gold_loss":0},{"damage_healed":0,"gold_gain":30,"player_choice":"Searched \u00272\u0027 times","damage_taken":0,"max_hp_gain":0,"max_hp_loss":0,"event_name":"Dead Adventurer","floor":13,"gold_loss":0}],"is_beta":false,"boss_relics":[{"not_picked":["SacredBark","Snecko Eye"],"picked":"Calling Bell"}],"items_purged_floors":[19],"is_endless":false,"potions_floor_spawned":[2,5,6,11,16,18,21],"killed_by":"Slavers","ascension_level":14}}