{"host":"98ajcw3do3zsggh8","time":1609159384,"event":{"mods":["BaseMod","Minty Spire (QoL Compilation)","Replay The Spire","StSLib"],"gold_per_floor":[114,125,125,142,142,142,158,173,173,98,127,139,139,165,165,267,267,285,285,297,47,146,146,174,16,65,80,98,98,118,128,128,232,232,246,246,296,296,296,324,353,353,353,3,13,13,35,48,48,48],"floor_reached":51,"playtime":1504,"items_purged":["Regret","ConjureBlade+1","Doubt"],"score":835,"play_id":"f2eed529-5cb7-43a4-8a08-a4b043a97c57","local_time":"20201228134304","is_ascension_mode":false,"campfire_choices":[{"data":"Eruption","floor":6,"key":"SMITH"},{"data":"Conclude","floor":13,"key":"SMITH"},{"data":"BattleHymn","floor":15,"key":"SMITH"},{"data":"SignatureMove","floor":23,"key":"SMITH"},{"data":"FollowUp","floor":32,"key":"SMITH"},{"floor":49,"key":"REST"}],"circlet_count":0,"master_deck":["Strike_P","Strike_P","Defend_P","Defend_P","Defend_P","Defend_P","Eruption+1","Vigilance","Conclude+1","FollowUp+1","Crescendo+1","SignatureMove+1","EmptyBody+1","BattleHymn+1","Vault+1","Halt+1","Replay:Battleflow+1","Judgement+1","WreathOfFlame+1","Ragnarok+1","FollowUp","ClearTheMind+1","Prostrate+1","Replay:AtTheReady+1","DeusExMachina+1","CarveReality","BowlingBash+1"],"relics":["PureWater","NeowsBlessing","Toxic Egg 2","Replay:Bottled Snecko","Golden Egg","Bronze Scales","Ginger","Honey Jar","Letter Opener","Strawberry","VioletLotus","WingedGreaves","TungstenRod","Juzu Bracelet","Bag of Marbles","Ring of Chaos","ReplayTheSpireMod:Ring of Addiction","White Beast Statue","Potion Belt","Mercury Hourglass","Nunchaku","BranchBurnRelic"],"acts_visited":["Exordium","TheCity","TheBeyond"],"potions_floor_usage":[7,7,24,33,33,33,41,41,42,50,50,50,50,50,50],"damage_taken":[{"damage":0,"enemies":"Cultist","floor":1,"turns":1},{"damage":0,"enemies":"Jaw Worm","floor":2,"turns":1},{"damage":0,"enemies":"Small Slimes","floor":4,"turns":1},{"damage":0,"enemies":"Exordium Thugs","floor":7,"turns":1},{"damage":3,"enemies":"Gremlin Gang","floor":8,"turns":2},{"damage":10,"enemies":"3 Sentries","floor":11,"turns":4},{"damage":9,"enemies":"2 Fungi Beasts","floor":12,"turns":2},{"damage":0,"enemies":"Gremlin Nob","floor":14,"turns":2},{"damage":21,"enemies":"Hexaghost","floor":16,"turns":5},{"damage":15,"enemies":"2 Thieves","floor":18,"turns":2},{"damage":5,"enemies":"3 Byrds","floor":20,"turns":3},{"damage":0,"enemies":"Replay:Snechameleon","floor":24,"turns":3},{"damage":0,"enemies":"Centurion and Healer","floor":27,"turns":2},{"damage":0,"enemies":"Snake Plant","floor":28,"turns":2},{"damage":0,"enemies":"Snecko","floor":30,"turns":2},{"damage":0,"enemies":"Chosen and Byrds","floor":31,"turns":4},{"damage":18,"enemies":"Champ","floor":33,"turns":7},{"damage":6,"enemies":"3 Shapes","floor":35,"turns":2},{"damage":15,"enemies":"Mind Bloom Boss Battle","floor":37,"turns":3},{"damage":40,"enemies":"Reptomancer","floor":40,"turns":5},{"damage":0,"enemies":"Nemesis","floor":41,"turns":4},{"damage":5,"enemies":"3 Darklings","floor":45,"turns":3},{"damage":16,"enemies":"4 Shapes","floor":48,"turns":2},{"damage":39,"enemies":"Donu and Deca","floor":50,"turns":4}],"seed_played":"-3400840803937846467","potions_obtained":[{"floor":1,"key":"Cursed Concoction"},{"floor":2,"key":"Energy Potion"},{"floor":7,"key":"Fruit Juice"},{"floor":12,"key":"SkillPotion"},{"floor":14,"key":"SkillPotion"},{"floor":20,"key":"Block Potion"},{"floor":24,"key":"SpeedPotion"},{"floor":28,"key":"FearPotion"},{"floor":40,"key":"Swift Potion"},{"floor":41,"key":"StancePotion"},{"floor":42,"key":"Weak Potion"},{"floor":42,"key":"Fruit Juice"},{"floor":42,"key":"BottledMiracle"},{"floor":45,"key":"PowerPotion"},{"floor":48,"key":"Energy Potion"}],"is_trial":false,"path_per_floor":["M","M","?","M","?","R","M","M","T","$","E","M","R","E","R","B",null,"M","?","M","$","?","R","E","$","T","M","M","?","M","M","R","B",null,"M","?","?","?","T","E","E","?","T","$","M","$","?","M","R","B",null],"character_chosen":"WATCHER","items_purchased":["Judgement+1","Ragnarok","Nunchaku","LiquidMemories"],"campfire_rested":1,"item_purchase_floors":[21,25,44,44],"current_hp_per_floor":[72,72,72,72,69,69,74,71,71,71,61,52,52,52,52,31,77,62,62,57,57,57,57,57,57,64,64,64,48,48,48,48,30,89,83,83,68,68,68,28,28,33,33,33,28,28,28,12,37,10],"gold":48,"neow_bonus":"THREE_ENEMY_KILL","is_daily":false,"chose_seed":false,"campfire_upgraded":5,"win_rate":0.0,"timestamp":1609159384,"path_taken":["M","?","?","M","?","R","M","M","T","$","E","M","R","E","R","BOSS","M","?","?","$","?","R","E","$","T","M","M","?","?","M","R","BOSS","M","?","?","?","?","E","E","?","T","$","M","?","?","M","R","BOSS"],"items_purchased_type":["Card","Card","Relic","Potion"],"build_version":"2020-12-22","purchased_purges":3,"victory":true,"max_hp_per_floor":[72,72,72,72,72,72,77,77,77,77,77,77,77,77,77,77,77,77,77,77,77,77,77,77,77,84,84,84,89,89,89,89,89,89,89,89,89,85,85,85,85,90,90,90,90,88,88,88,86,86],"card_choices":[{"not_picked":["Replay:Anticipation","JustLucky"],"picked":"Conclude","floor":1},{"not_picked":["Replay:ManipulateFuture","InnerPeace"],"picked":"FollowUp","floor":2},{"not_picked":["Consecrate","Prostrate+1"],"picked":"Crescendo+1","floor":4},{"not_picked":["WindmillStrike","ThirdEye+1"],"picked":"SignatureMove","floor":7},{"not_picked":["Consecrate","DevaForm"],"picked":"EmptyBody+1","floor":8},{"not_picked":["Consecrate","FlyingSleeves","InnerPeace+1"],"picked":"SKIP","floor":11},{"not_picked":["Replay:Vibes+1","Meditate+1","WindmillStrike"],"picked":"SKIP","floor":12},{"not_picked":["Alpha+1","LessonLearned"],"picked":"BattleHymn","floor":14},{"not_picked":["Alpha+1","Scrawl+1"],"picked":"Vault+1","floor":16},{"not_picked":["Replay:BluntJabs","MentalFortress","Consecrate"],"picked":"Halt+1","floor":18},{"not_picked":["Protect+1","CutThroughFate+1","InnerPeace+1"],"picked":"Replay:Battleflow+1","floor":20},{"not_picked":["Protect+1","Replay:DivineShield+1","FlurryOfBlows"],"picked":"WreathOfFlame+1","floor":24},{"not_picked":["Fasting2","LikeWater","Nirvana"],"picked":"FollowUp","floor":27},{"not_picked":["Replay:ManipulateFuture+1","FlyingSleeves","Pray+1"],"picked":"ClearTheMind+1","floor":28},{"not_picked":["Tantrum","Meditate+1","EmptyFist"],"picked":"Prostrate+1","floor":30},{"not_picked":["Replay:LoomingThreat","Replay:Hum+1","BattleHymn"],"picked":"Replay:AtTheReady+1","floor":31},{"not_picked":["Vault+1","MasterReality","ConjureBlade+1"],"picked":"DeusExMachina+1","floor":33},{"not_picked":["Replay:BluntJabs","CrushJoints","Replay:ManipulateFuture+1"],"picked":"CarveReality","floor":35},{"not_picked":["SashWhip+1","FearNoEvil","CutThroughFate","ConjureBlade+1"],"picked":"SKIP","floor":40},{"not_picked":["Tantrum+1","EmptyBody+1","CutThroughFate+1","WheelKick+1"],"picked":"SKIP","floor":41},{"not_picked":["CrushJoints+1","BowlingBash+1","Crescendo+1","Worship+1"],"picked":"SKIP","floor":45},{"not_picked":["Crescendo+1","SashWhip+1","Wallop+1"],"picked":"BowlingBash+1","floor":47},{"not_picked":["Perseverance+1","Tantrum+1","FollowUp","CutThroughFate+1"],"picked":"SKIP","floor":48}],"player_experience":287323,"relics_obtained":[{"floor":9,"key":"Golden Egg"},{"floor":11,"key":"Bronze Scales"},{"floor":14,"key":"Ginger"},{"floor":24,"key":"Letter Opener"},{"floor":26,"key":"Strawberry"},{"floor":37,"key":"WingedGreaves"},{"floor":39,"key":"TungstenRod"},{"floor":40,"key":"Juzu Bracelet"},{"floor":41,"key":"Bag of Marbles"},{"floor":42,"key":"Ring of Chaos"},{"floor":42,"key":"ReplayTheSpireMod:Ring of Addiction"},{"floor":42,"key":"White Beast Statue"},{"floor":42,"key":"Potion Belt"},{"floor":43,"key":"Mercury Hourglass"},{"floor":47,"key":"Dead Branch"}],"event_choices":[{"damage_healed":0,"gold_gain":0,"player_choice":"Box","damage_taken":0,"relics_obtained":["Toxic Egg 2"],"max_hp_gain":0,"max_hp_loss":0,"event_name":"Big Fish","floor":3,"gold_loss":0,"cards_obtained":["Regret"]},{"damage_healed":0,"gold_gain":0,"player_choice":"Success","damage_taken":3,"relics_obtained":["Replay:Bottled Snecko"],"max_hp_gain":0,"max_hp_loss":0,"event_name":"Scrap Ooze","floor":5,"gold_loss":0},{"damage_healed":0,"gold_gain":0,"cards_transformed":["Strike_P"],"player_choice":"Transformed","damage_taken":0,"max_hp_gain":0,"max_hp_loss":0,"event_name":"Transmorgrifier","floor":19,"gold_loss":0,"cards_obtained":["ConjureBlade"]},{"damage_healed":0,"gold_gain":99,"player_choice":"Stole From Cult","damage_taken":0,"max_hp_gain":0,"max_hp_loss":0,"event_name":"Nest","floor":22,"gold_loss":0},{"damage_healed":0,"gold_gain":0,"player_choice":"Shed Blood","damage_taken":21,"max_hp_gain":5,"max_hp_loss":0,"event_name":"Forgotten Altar","floor":29,"gold_loss":0},{"cards_removed":["Strike_P"],"damage_healed":0,"gold_gain":0,"player_choice":"Removed Attack","damage_taken":0,"max_hp_gain":0,"max_hp_loss":0,"event_name":"Falling","floor":36,"gold_loss":0},{"damage_healed":0,"gold_gain":0,"player_choice":"Fight","damage_taken":0,"max_hp_gain":0,"max_hp_loss":0,"event_name":"MindBloom","floor":37,"gold_loss":0},{"damage_healed":0,"gold_gain":0,"player_choice":"Max HP","damage_taken":0,"max_hp_gain":0,"max_hp_loss":4,"event_name":"Winding Halls","floor":38,"gold_loss":0}],"is_beta":false,"boss_relics":[{"not_picked":["Replay:Wanted Poster","ChewingGum"],"picked":"Honey Jar"},{"not_picked":["Busted Crown","Velvet Choker"],"picked":"VioletLotus"}],"items_purged_floors":[10,21,44],"is_endless":false,"potions_floor_spawned":[1,2,7,12,14,20,24,28,40,41,45,48],"ascension_level":0}}