{"host":"i58uscbei3sy5089","time":1609174627,"event":{"mods":["ATMod(°¢èªMod)","Act Like it!","Arknights The Spire","BaseMod","Challenge The Spire","Colored Powertips","Conspire","Infinite Spire","Koishi","Lobotomy","LobotomyExtend","Minty Spire (QoL Compilation)","MostiFishMod","Prisma Mod","Quick Restart","Reimu£¨²©ÀöÁéÃÎ£©","Replay The Spire","Shop Mod","Spicy Shops","StSLib","TestMod","The Alterego","The Construct","UnlockEverythingMod","[IsaacMod]ÒÔÈö¼âËþ","vexMod","¡¾¹¦ÄÜMod¡¿»ìãçÖ®»·ÐÞ¸´²¹¶¡","¡¾ÒÅÎï¿¨ÅÆ¡¿REMEMod","óô»ðÖ¸ÄÏ"],"gold_per_floor":[118,132,151,22,79,79,479,479,479,479,508,508,521,45,45,147,245,245,245,245,245],"floor_reached":18,"playtime":1225,"items_purged":["alterego_mod:Strike","alterego_mod:Strike","alterego_mod:Strike","alterego_mod:Impale"],"score":208,"play_id":"a646e4b3-af16-45e6-b2d4-383f523d3095","local_time":"20201229005707","is_ascension_mode":false,"campfire_choices":[{"data":"AT_KneejerkReflex","floor":6,"key":"SMITH"},{"data":"alterego_mod:GachaTicket","floor":8,"key":"SMITH"},{"data":"alterego_mod:BigMeatyClaws","floor":10,"key":"SMITH"},{"data":"alterego_mod:DiscoLights","floor":15,"key":"SMITH"}],"circlet_count":0,"master_deck":["alterego_mod:Defend","alterego_mod:Defend","alterego_mod:Defend","alterego_mod:Defend","alterego_mod:BigMeatyClaws+1","alterego_mod:BrynhildrsRune","AT_KneejerkReflex+1","AT_KneejerkReflex+1","alterego_mod:GachaTicket+1","alterego_mod:Undulate","alterego_mod:DiscoLights+1","alterego_mod:Venus","alterego_mod:ClassAdvantage"],"relics":["HushsDoor","DaveBox","AT_ATBox","REME_ComplimentaryCards","DianDianMeat","D6","testmod-GiftOfSatan","SynthV:TestCard","LetterFromLob","MerchantsRug","Mummified Hand","ats:Originium","conspire:DeflatedDodgeball","Blood Vial","Membership Card","AT_SunfireAegis","REME_CardOfGreed","SynthV:C4","ExusiaiGun","GuppysHead","NineLifeCat"],"acts_visited":[],"potions_floor_usage":[],"damage_taken":[{"damage":11,"enemies":"Jaw Worm","floor":1,"turns":5},{"damage":0,"enemies":"Cultist","floor":2,"turns":4},{"damage":0,"enemies":"2 Louse","floor":3,"turns":2},{"damage":18,"enemies":"Lagavulin","floor":11,"turns":5},{"damage":13,"enemies":"Red Slaver","floor":13,"turns":2},{"damage":0,"enemies":"Hexaghost","floor":16,"turns":4}],"seed_played":"-6110742319538679349","potions_obtained":[{"floor":1,"key":"Dexterity Potion"},{"floor":11,"key":"FearPotion"}],"is_trial":false,"path_per_floor":["M","M","M","$","?","R","?","R","T","R","E","?","M","$","R","B",null,"M"],"character_chosen":"The_Alterego","items_purchased":["MerchantsRug","Membership Card","AT_SunfireAegis","REME_CardOfGreed","SynthV:C4","alterego_mod:ClassAdvantage","GuppysHead","SneckoOil","MagicPotion:ReiMu","CultistPotion","NineLifeCat"],"campfire_rested":0,"item_purchase_floors":[4,14,14,14,14,17,17,17,17,17,17],"current_hp_per_floor":[61,63,74,74,59,59,59,59,59,59,49,34,38,38,38,45,16,0,0,0,0],"gold":245,"neow_bonus":"UPGRADE_CARD","is_daily":false,"chose_seed":false,"campfire_upgraded":4,"win_rate":0.0,"timestamp":1609174627,"path_taken":["M","M","M","$","?","R","?","R","T","R","E","?","M","?","R","BOSS","M"],"items_purchased_type":["Relic","Relic","Relic","Relic","Relic","Card","Relic","Potion","Potion","Potion","Relic"],"build_version":"2020-12-22","purchased_purges":4,"victory":false,"max_hp_per_floor":[72,74,82,82,82,82,82,82,82,82,87,87,96,96,96,101,16,2,2,2,2],"card_choices":[{"not_picked":["alterego_mod:Cooking","alterego_mod:DustData","alterego_mod:Mirror"],"picked":"SKIP","floor":1},{"not_picked":["alterego_mod:Valentines","alterego_mod:Undulate","alterego_mod:GoddessCore","alterego_mod:Lingerie"],"picked":"alterego_mod:GachaTicket","floor":2},{"not_picked":["alterego_mod:Table","Bomb","alterego_mod:Vow","alterego_mod:Skirt"],"picked":"alterego_mod:Undulate","floor":3},{"not_picked":["alterego_mod:MagicResistance","alterego_mod:SakuraFive","alterego_mod:Cooking","alterego_mod:SideboobHour","alterego_mod:Crossover"],"picked":"SKIP","floor":11},{"not_picked":["alterego_mod:DestructionOfProperty","alterego_mod:PerceptionDisorder","alterego_mod:Clap","Bomb"],"picked":"alterego_mod:DiscoLights","floor":13},{"not_picked":["alterego_mod:Lift","alterego_mod:AlterEgo","alterego_mod:ClassAdvantage","alterego_mod:Tantrum"],"picked":"alterego_mod:Venus","floor":16}],"player_experience":649003,"relics_obtained":[{"floor":1,"key":"SynthV:TestCard"},{"floor":1,"key":"LetterFromLob"},{"floor":9,"key":"Mummified Hand"},{"floor":11,"key":"ats:Originium"},{"floor":11,"key":"conspire:DeflatedDodgeball"}],"event_choices":[{"damage_healed":0,"gold_gain":400,"player_choice":"Sell","damage_taken":0,"max_hp_gain":0,"max_hp_loss":0,"event_name":"¶÷ÂåË¹µÄÅÌ×Ó","floor":7,"relics_lost":["testmod-TestBox"],"gold_loss":0}],"is_beta":false,"boss_relics":[{"not_picked":["Honey Jar","conspire:SeveredTorchhead"],"picked":"ExusiaiGun"},{"not_picked":[]}],"items_purged_floors":[4,14,14,17],"is_endless":false,"potions_floor_spawned":[1,11],"ascension_level":0}}