{"host":"9tzam4717zt8ei1o","time":1609161481,"event":{"mods":["BaseMod","Colored Map","Keyboard Shortcuts","Minty Spire (QoL Compilation)","Quick Restart","StSLib","SuperFastMode"],"gold_per_floor":[113,188,208,46,46,46,46,81,81,94,112,123,158,177,177,252,252,262,262,262,23,43,74,74,84,164,213,213,53,82,99,99,176,176,193,24,38,58,58,86,100,113,136,151,176,194,69,79,79,79,79,79,79,79,104,104],"floor_reached":57,"playtime":3209,"items_purged":["Strike_G","Defend_G","Defend_G"],"score":2947,"play_id":"538dc2ef-d396-40bd-9a5e-a8a3168a13b8","local_time":"20201228221801","is_ascension_mode":true,"campfire_choices":[{"data":"Glass Knife","floor":6.0,"key":"SMITH"},{"data":"Noxious Fumes","floor":15.0,"key":"SMITH"},{"data":"Night Terror","floor":24.0,"key":"SMITH"},{"data":"Acrobatics","floor":28.0,"key":"SMITH"},{"data":"Well Laid Plans","floor":32.0,"key":"SMITH"},{"floor":49.0,"key":"RECALL"},{"data":"Finisher","floor":53.0,"key":"SMITH"}],"circlet_count":0,"master_deck":["AscendersBane","Defend_G","Defend_G+1","Defend_G+1","Survivor","Neutralize","Predator","Glass Knife+1","After Image","Cloak And Dagger","PiercingWail","Noxious Fumes","Noxious Fumes+1","Night Terror+1","Distraction+1","Tools of the Trade+1","Blade Dance+1","Acrobatics+1","Infinite Blades","Backflip","Well Laid Plans+1","Calculated Gamble+1","Reflex+1","Malaise+1","Tactician+1","Prepared+1","Crippling Poison+1","PiercingWail+1","Finisher+1","Night Terror+1"],"relics":["Ring of the Snake","NeowsBlessing","FossilizedHelix","Mummified Hand","Bottled Tornado","MealTicket","Astrolabe","Question Card","Toxic Egg 2","Toy Ornithopter","TheAbacus","War Paint","Sozu","Medical Kit","InkBottle","Incense Burner","Tough Bandages"],"acts_visited":["Exordium","TheCity","TheBeyond","TheEnding"],"potions_floor_usage":[55],"damage_taken":[{"damage":0.0,"enemies":"Small Slimes","floor":1.0,"turns":1.0},{"damage":0.0,"enemies":"2 Louse","floor":3.0,"turns":1.0},{"damage":0.0,"enemies":"Lagavulin","floor":8.0,"turns":1.0},{"damage":0.0,"enemies":"Cultist","floor":10.0,"turns":2.0},{"damage":0.0,"enemies":"Looter","floor":11.0,"turns":3.0},{"damage":0.0,"enemies":"Blue Slaver","floor":12.0,"turns":2.0},{"damage":10.0,"enemies":"3 Sentries","floor":13.0,"turns":9.0},{"damage":9.0,"enemies":"Exordium Thugs","floor":14.0,"turns":4.0},{"damage":11.0,"enemies":"Hexaghost","floor":16.0,"turns":10.0},{"damage":0.0,"enemies":"3 Byrds","floor":18.0,"turns":4.0},{"damage":27.0,"enemies":"Chosen","floor":22.0,"turns":9.0},{"damage":18.0,"enemies":"Book of Stabbing","floor":23.0,"turns":5.0},{"damage":0.0,"enemies":"Centurion and Healer","floor":25.0,"turns":6.0},{"damage":10.0,"enemies":"Gremlin Leader","floor":30.0,"turns":7.0},{"damage":0.0,"enemies":"Snake Plant","floor":31.0,"turns":6.0},{"damage":0.0,"enemies":"Automaton","floor":33.0,"turns":13.0},{"damage":0.0,"enemies":"3 Darklings","floor":35.0,"turns":8.0},{"damage":0.0,"enemies":"Orb Walker","floor":37.0,"turns":5.0},{"damage":25.0,"enemies":"4 Shapes","floor":38.0,"turns":6.0},{"damage":0.0,"enemies":"Nemesis","floor":40.0,"turns":9.0},{"damage":0.0,"enemies":"Spire Growth","floor":41.0,"turns":5.0},{"damage":12.0,"enemies":"Jaw Worm Horde","floor":42.0,"turns":4.0},{"damage":0.0,"enemies":"4 Shapes","floor":44.0,"turns":6.0},{"damage":6.0,"enemies":"Mind Bloom Boss Battle","floor":45.0,"turns":6.0},{"damage":11.0,"enemies":"Transient","floor":46.0,"turns":6.0},{"damage":0.0,"enemies":"Writhing Mass","floor":48.0,"turns":6.0},{"damage":12.0,"enemies":"Donu and Deca","floor":50.0,"turns":7.0},{"damage":0.0,"enemies":"Time Eater","floor":51.0,"turns":17.0},{"damage":18,"enemies":"Shield and Spear","floor":55,"turns":7},{"damage":46,"enemies":"The Heart","floor":56,"turns":10}],"seed_played":"-8389437952511561763","potions_obtained":[{"floor":1.0,"key":"Weak Potion"},{"floor":11.0,"key":"DistilledChaos"},{"floor":18.0,"key":"Poison Potion"},{"floor":23.0,"key":"CunningPotion"}],"is_trial":false,"path_per_floor":["M","?","M","$","?","R","?","E","T","M","M","M","E","M","R","B",null,"M","?","?","$","M","E","R","M","T","T","R","$","E","M","R","B",null,"M","$","M","M","$","E","M","M","T","M","?","M","$","M","R","B","B",null,"R","$","E","B",null],"character_chosen":"THE_SILENT","items_purchased":["Glass Knife","Infinite Blades","Backflip","TheAbacus","Medical Kit"],"campfire_rested":0,"item_purchase_floors":[4,21,21,29,36],"current_hp_per_floor":[59,48,48,48,43,43,43,43,43,43,43,43,33,24,24,13,53,53,53,53,66,39,21,21,21,21,21,21,36,26,26,26,26,56,56,66,66,41,56,56,56,44,44,44,38,27,42,47,47,35,35,58,58,66,48,2],"gold":104,"neow_bonus":"THREE_ENEMY_KILL","is_daily":false,"chose_seed":false,"campfire_upgraded":6,"win_rate":0.0,"timestamp":1609161481,"path_taken":["M","?","M","$","?","R","?","E","T","M","M","?","E","M","R","BOSS","M","?","?","$","M","E","R","?","T","?","R","$","E","M","R","BOSS","M","$","M","M","$","E","M","M","T","M","?","M","$","M","R","BOSS","BOSS","R","$","E","BOSS"],"items_purchased_type":["Card","Card","Card","Relic","Relic"],"build_version":"2020-12-22","purchased_purges":3,"victory":true,"max_hp_per_floor":[66,66,66,66,66,66,66,66,66,66,66,66,66,66,66,66,66,66,66,66,66,66,66,66,66,66,66,66,66,66,66,66,66,66,66,66,66,66,66,66,66,66,66,66,66,66,66,66,66,66,66,66,66,66,66,66],"card_choices":[{"not_picked":["Acrobatics","Slice"],"picked":"Predator","floor":1.0},{"not_picked":["Dash","Quick Slash","Predator"],"picked":"SKIP","floor":3.0},{"not_picked":["Acrobatics","Deflect"],"picked":"After Image","floor":8.0},{"not_picked":["Flying Knee","Dodge and Roll"],"picked":"Cloak And Dagger","floor":10.0},{"not_picked":["Distraction","Prepared"],"picked":"PiercingWail","floor":11.0},{"not_picked":["Quick Slash","Dodge and Roll","Cloak And Dagger"],"picked":"SKIP","floor":12.0},{"not_picked":["Terror","Blade Dance"],"picked":"Noxious Fumes","floor":13.0},{"not_picked":["Sucker Punch","Calculated Gamble"],"picked":"Noxious Fumes","floor":14.0},{"not_picked":["Tools of the Trade","Burst"],"picked":"Night Terror","floor":16.0},{"not_picked":["Dodge and Roll","Outmaneuver"],"picked":"Acrobatics","floor":18.0},{"not_picked":["Acrobatics","Dash"],"picked":"Well Laid Plans","floor":22.0},{"not_picked":["Caltrops","Leg Sweep","Dagger Spray+1"],"picked":"SKIP","floor":23.0},{"not_picked":["Slice","Dagger Throw","Predator","Blade Dance"],"picked":"SKIP","floor":25.0},{"not_picked":["Well Laid Plans+1","Acrobatics+1","Flying Knee"],"picked":"Calculated Gamble+1","floor":30.0},{"not_picked":["Blade Dance+1","Dagger Spray","After Image"],"picked":"Reflex+1","floor":31.0},{"not_picked":["Envenom","Unload","Glass Knife"],"picked":"Malaise+1","floor":33.0},{"not_picked":["Dagger Spray","Outmaneuver+1","Slice","Footwork"],"picked":"SKIP","floor":35.0},{"not_picked":["Acrobatics+1","PiercingWail+1","Deflect+1"],"picked":"Tactician+1","floor":37.0},{"not_picked":["Poisoned Stab","Tactician+1","Infinite Blades"],"picked":"Prepared+1","floor":38.0},{"not_picked":["Venomology+1","Acrobatics+1","Deadly Poison+1","Slice"],"picked":"SKIP","floor":40.0},{"not_picked":["Infinite Blades","Acrobatics+1","Heel Hook","Caltrops"],"picked":"SKIP","floor":41.0},{"not_picked":["PiercingWail+1","Outmaneuver+1","Dagger Spray+1"],"picked":"Crippling Poison+1","floor":42.0},{"not_picked":["Dagger Throw","Bane","Poisoned Stab","Quick Slash"],"picked":"SKIP","floor":44.0},{"not_picked":["Dash","Leg Sweep+1","Finisher"],"picked":"PiercingWail+1","floor":45.0},{"not_picked":["Deflect+1","Predator","Caltrops","Leg Sweep+1"],"picked":"SKIP","floor":46.0},{"not_picked":["Concentrate+1","Tools of the Trade","Endless Agony"],"picked":"Finisher","floor":48.0},{"not_picked":["Noxious Fumes","Bouncing Flask+1","Dash+1"],"picked":"Night Terror+1","floor":55}],"player_experience":122794,"relics_obtained":[{"floor":8.0,"key":"Mummified Hand"},{"floor":9.0,"key":"Bottled Tornado"},{"floor":13.0,"key":"MealTicket"},{"floor":23.0,"key":"Question Card"},{"floor":26.0,"key":"Toxic Egg 2"},{"floor":27.0,"key":"Toy Ornithopter"},{"floor":30.0,"key":"War Paint"},{"floor":40.0,"key":"InkBottle"},{"floor":45.0,"key":"Incense Burner"},{"floor":55,"key":"Tough Bandages"}],"event_choices":[{"damage_healed":0.0,"max_hp_gain":0.0,"max_hp_loss":0.0,"gold_gain":75.0,"event_name":"World of Goop","player_choice":"Gather Gold","floor":2.0,"gold_loss":0.0,"damage_taken":11.0},{"damage_healed":0.0,"max_hp_gain":0.0,"max_hp_loss":0.0,"gold_gain":0.0,"event_name":"Scrap Ooze","player_choice":"Success","floor":5.0,"gold_loss":0.0,"damage_taken":5.0,"relics_obtained":["FossilizedHelix"]},{"damage_healed":0.0,"max_hp_gain":0.0,"max_hp_loss":0.0,"gold_gain":0.0,"event_name":"Match and Keep!","player_choice":"0 cards matched","floor":7.0,"gold_loss":0.0,"damage_taken":0.0,"cards_obtained":[]},{"damage_healed":0.0,"max_hp_gain":0.0,"max_hp_loss":0.0,"gold_gain":0.0,"event_name":"Cursed Tome","player_choice":"Ignored","floor":19.0,"gold_loss":0.0,"damage_taken":0.0},{"cards_removed":["Strike_G"],"damage_healed":0.0,"max_hp_gain":0.0,"max_hp_loss":0.0,"gold_gain":0.0,"event_name":"Back to Basics","player_choice":"Elegance","floor":20.0,"gold_loss":0.0,"damage_taken":0.0},{"damage_healed":0.0,"max_hp_gain":0.0,"max_hp_loss":0.0,"gold_gain":0.0,"event_name":"MindBloom","player_choice":"Fight","floor":45.0,"gold_loss":0.0,"damage_taken":0.0}],"is_beta":false,"boss_relics":[{"not_picked":["SlaversCollar","SacredBark"],"picked":"Astrolabe"},{"not_picked":["Runic Dome","Black Star"],"picked":"Sozu"}],"items_purged_floors":[4,21,47],"is_endless":false,"potions_floor_spawned":[1,11,13,18,23,30,35,40,44,45,55],"ascension_level":20}}