{"host":"8dslgxri5anf0td9","time":1609175308,"event":{"mods":["BaseMod","Colored Map","Colored Powertips","Minty Spire (QoL Compilation)"],"gold_per_floor":[111,122,122,138,70,70,100,100,100,100,22,49,49,49,49,49,49],"floor_reached":16,"playtime":1747,"items_purged":[],"score":156,"play_id":"7fad81d6-e793-42b3-8f5c-56064e0d2a8f","local_time":"20201228120828","is_ascension_mode":false,"campfire_choices":[{"data":"Multi-Cast","floor":6,"key":"SMITH"},{"floor":8,"key":"REST"},{"data":"Genetic Algorithm","floor":10,"key":"SMITH"},{"floor":15,"key":"REST"}],"circlet_count":0,"master_deck":["Strike_B","Strike_B","Strike_B","Strike_B","Defend_B","Defend_B","Defend_B","Defend_B","Zap+1","Dualcast","Multi-Cast+1","Steam","Genetic Algorithm+1","Steam","Self Repair","Glacier+1","Streamline","Hologram","Capacitor"],"relics":["Cracked Core","Tiny Chest","Mummified Hand","Molten Egg 2"],"acts_visited":["Exordium"],"potions_floor_usage":[16],"damage_taken":[{"damage":6,"enemies":"Cultist","floor":1,"turns":3},{"damage":0,"enemies":"Small Slimes","floor":2,"turns":3},{"damage":2,"enemies":"2 Louse","floor":4,"turns":3},{"damage":45,"enemies":"3 Sentries","floor":7,"turns":12},{"damage":10,"enemies":"Lagavulin","floor":12,"turns":9},{"damage":49,"enemies":"Hexaghost","floor":16,"turns":11}],"seed_played":"1592852496677919140","potions_obtained":[{"floor":4,"key":"EssenceOfSteel"}],"is_trial":false,"path_per_floor":["M","M","?","M","$","R","E","R","T","R","$","E","?","?","R","B"],"character_chosen":"DEFECT","items_purchased":["Self Repair","Streamline","Hologram"],"campfire_rested":2,"item_purchase_floors":[5,11,11],"current_hp_per_floor":[69,69,69,67,67,67,29,51,51,51,51,41,26,26,48,0,0],"gold":49,"neow_bonus":"ONE_RANDOM_RARE_CARD","is_daily":false,"chose_seed":false,"campfire_upgraded":2,"win_rate":0.0,"timestamp":1609175308,"path_taken":["M","M","?","M","$","R","E","R","T","R","$","E","?","?","R","BOSS"],"items_purchased_type":["Card","Card","Card"],"build_version":"2020-12-22","purchased_purges":0,"victory":false,"max_hp_per_floor":[75,75,75,75,75,75,75,75,75,75,75,75,75,75,75,75,75],"card_choices":[{"not_picked":["Static Discharge","Ball Lightning"],"picked":"Steam","floor":1},{"not_picked":["Ball Lightning","Hello World"],"picked":"Genetic Algorithm","floor":2},{"not_picked":["Storm","Stack"],"picked":"Steam","floor":4},{"not_picked":["Skim","Machine Learning"],"picked":"Glacier","floor":7},{"not_picked":["Auto Shields","FTL+1"],"picked":"Capacitor","floor":12}],"player_experience":70677,"relics_obtained":[{"floor":7,"key":"Tiny Chest"},{"floor":9,"key":"Mummified Hand"},{"floor":12,"key":"Molten Egg 2"}],"event_choices":[{"damage_healed":0,"gold_gain":0,"player_choice":"Ignored","damage_taken":0,"max_hp_gain":0,"max_hp_loss":0,"event_name":"Liars Game","floor":3,"gold_loss":0},{"damage_healed":0,"gold_gain":0,"player_choice":"Entered Light","damage_taken":15,"max_hp_gain":0,"max_hp_loss":0,"event_name":"Shining Light","floor":13,"gold_loss":0,"cards_upgraded":["Zap","Glacier"]},{"damage_healed":0,"gold_gain":0,"player_choice":"Fled","damage_taken":0,"max_hp_gain":0,"max_hp_loss":0,"event_name":"Scrap Ooze","floor":14,"gold_loss":0}],"is_beta":false,"boss_relics":[],"items_purged_floors":[],"is_endless":false,"potions_floor_spawned":[4],"killed_by":"Hexaghost","ascension_level":0}}