{"host":"iy58fyt9wsbv4cf1","time":1609190020,"event":{"mods":["BaseMod","Better Altar","Better Match","Better Skull","Better Third Choice","BetterRewards","Conspire","Custom Start","Defuse TimeMaze Blight","Hubris","Infinite Spire","Minty Spire (QoL Compilation)","Permanent Neow","Quick Restart","Spicy Shops","StSLib","Thieving Mod"],"gold_per_floor":[112,1,1,1,13,44,44,71,98,109,109,125,154,2,2,98,98,110,144,156,169,5,5,5,34,61,61,74,74,88,88,88,188,188,207,55,55,55,73,105,105,117,140,140,140,154,185,185,185,185,185,185,32,64,64,64],"floor_reached":55,"playtime":1430,"items_purged":["Strike_B","Strike_B","hubris:PowerSurge+1","Strike_B","Strike_B"],"score":1006,"play_id":"b41b80ee-9119-4c77-ab98-502fee0bd964","local_time":"20201228161340","is_ascension_mode":false,"campfire_choices":[{"floor":7.0,"key":"REST"},{"data":"hubris:PowerSurge","floor":15.0,"key":"SMITH"},{"data":"Amplify","floor":24.0,"key":"SMITH"},{"floor":27.0,"key":"REST"},{"floor":29.0,"key":"REST"},{"floor":32.0,"key":"REST"},{"data":"Storm","floor":41.0,"key":"SMITH"},{"floor":45.0,"key":"RECALL"},{"floor":49.0,"key":"REST"},{"data":"Creative AI","floor":52.0,"key":"SMITH"}],"circlet_count":0,"master_deck":["Defend_B","Defend_B","Defend_B","Defend_B","Zap","Dualcast","Storm","Storm","Heatsinks","Static Discharge","Creative AI","BootSequence","Creative AI+1","Storm+1","Amplify+1","Double Energy+1","Defragment","Storm+1","Turbo","White Noise+1","Turbo","Necronomicurse","Conserve Battery+1","Force Field","Storm+1","Force Field+1"],"relics":["Cracked Core","Membership Card","Prayer Wheel","Bag of Preparation","DollysMirror","hubris:Icosahedron","Incense Burner","hubris:BottledRain","Du-Vu Doll","Sozu","Red Mask","Ginger","conspire:Boomerang","Centennial Puzzle","Necronomicon","Nuclear Battery","hubris:BallOfYels","PreservedInsect","conspire:TopHat","Frozen Egg 2","Pantograph","Calipers","infinitespire:PuzzleCube"],"acts_visited":["Exordium","TheCity","TheBeyond","TheEnding"],"potions_floor_usage":[],"damage_taken":[{"damage":0.0,"enemies":"Small Slimes","floor":1.0,"turns":4.0},{"damage":1.0,"enemies":"2 Louse","floor":5.0,"turns":2.0},{"damage":21.0,"enemies":"3 Sentries","floor":6.0,"turns":6.0},{"damage":0.0,"enemies":"Gremlin Nob","floor":8.0,"turns":4.0},{"damage":2.0,"enemies":"Jaw Worm","floor":10.0,"turns":3.0},{"damage":0.0,"enemies":"3 Louse","floor":12.0,"turns":3.0},{"damage":8.0,"enemies":"Lagavulin","floor":13.0,"turns":5.0},{"damage":7.0,"enemies":"Slime Boss","floor":16.0,"turns":6.0},{"damage":6.0,"enemies":"conspire:FuzzyDice","floor":18.0,"turns":3.0},{"damage":20.0,"enemies":"Masked Bandits","floor":19.0,"turns":2.0},{"damage":5.0,"enemies":"3 Byrds","floor":20.0,"turns":3.0},{"damage":1.0,"enemies":"Centurion and Healer","floor":21.0,"turns":2.0},{"damage":0.0,"enemies":"Nightmare","floor":23.0,"turns":1.0},{"damage":31.0,"enemies":"Gremlin Leader","floor":25.0,"turns":4.0},{"damage":0.0,"enemies":"3 Cultists","floor":28.0,"turns":2.0},{"damage":3.0,"enemies":"Snecko","floor":30.0,"turns":3.0},{"damage":16.0,"enemies":"hubris:MusketHawk","floor":33.0,"turns":4.0},{"damage":2.0,"enemies":"3 Shapes","floor":35.0,"turns":4.0},{"damage":15.0,"enemies":"3 Darklings","floor":39.0,"turns":3.0},{"damage":9.0,"enemies":"Reptomancer","floor":40.0,"turns":4.0},{"damage":5.0,"enemies":"Jaw Worm Horde","floor":42.0,"turns":3.0},{"damage":1.0,"enemies":"Writhing Mass","floor":46.0,"turns":2.0},{"damage":0.0,"enemies":"Giant Head","floor":47.0,"turns":4.0},{"damage":1.0,"enemies":"Time Eater","floor":50.0,"turns":4.0},{"damage":18.0,"enemies":"Shield and Spear","floor":54.0,"turns":2.0},{"damage":100,"enemies":"The Heart","floor":55,"turns":3}],"seed_played":"-2262593034530784407","potions_obtained":[{"floor":1.0,"key":"SmokeBomb"},{"floor":6.0,"key":"infinitespire:BlackPotion"},{"floor":16.0,"key":"FearPotion"}],"is_trial":false,"path_per_floor":["M","$","?","?","M","E","R","E","T","M","?","M","E","$","R","B",null,"M","?","M","M","$","NM","R","E","T","R","M","R","M","?","R","B",null,"M","$","?","?","M","E","R","M","T","AVR","R","M","E","?","R","B",null,"R","$","E","B"],"character_chosen":"DEFECT","items_purchased":["Membership Card","Storm","Prayer Wheel","Bag of Preparation","DollysMirror","Heatsinks","Creative AI","hubris:PowerSurge","Turbo","Ginger","hubris:BallOfYels","PreservedInsect","Calipers"],"campfire_rested":5,"item_purchase_floors":[0,0,0,0,0,0,2,14,22,22,36,36,53],"current_hp_per_floor":[40,40,40,40,39,18,40,40,40,38,38,38,30,30,30,23,75,69,49,44,43,43,43,43,12,12,34,34,56,53,37,59,43,75,73,73,73,73,58,49,49,44,44,44,44,43,43,43,65,74,75,75,75,57,0,0],"gold":64,"neow_bonus":"","is_daily":false,"chose_seed":false,"campfire_upgraded":4,"win_rate":0.0,"timestamp":1609190020,"path_taken":["M","$","?","?","M","E","R","E","T","M","?","M","E","$","R","BOSS","M","?","M","M","$","NM","R","E","T","R","M","R","M","?","R","BOSS","M","$","?","?","?","E","R","M","T","AVR","R","M","E","?","R","BOSS","R","$","E","BOSS"],"items_purchased_type":["Relic","Card","Relic","Relic","Relic","Card","Card","Card","Card","Relic","Relic","Relic","Relic"],"build_version":"2020-12-22","purchased_purges":5,"victory":false,"max_hp_per_floor":[75,75,75,75,75,75,75,75,75,75,75,75,75,75,75,75,75,75,75,75,75,75,75,75,75,75,75,75,75,75,75,75,75,75,75,75,75,75,75,75,75,75,75,75,75,75,75,75,75,75,75,75,75,75,75,75],"card_choices":[{"not_picked":["Beam Cell","Stack"],"picked":"Static Discharge","floor":1.0},{"not_picked":["Hello World","Coolheaded","Cold Snap"],"picked":"SKIP","floor":1.0},{"not_picked":["Turbo","Ball Lightning","Barrage"],"picked":"SKIP","floor":5.0},{"not_picked":["Rip and Tear","Sweeping Beam","Sunder"],"picked":"SKIP","floor":5.0},{"not_picked":["Recycle","Cold Snap","Fusion"],"picked":"SKIP","floor":6.0},{"not_picked":["Loop","Consume"],"picked":"Creative AI","floor":8.0},{"not_picked":["Cold Snap","Chaos","Glacier"],"picked":"SKIP","floor":10.0},{"not_picked":["Coolheaded","Tempest","Compile Driver"],"picked":"SKIP","floor":10.0},{"not_picked":["conspire:Rain","Barrage"],"picked":"Storm","floor":12.0},{"not_picked":["Genetic Algorithm","Rebound","Reinforced Body"],"picked":"SKIP","floor":12.0},{"not_picked":["Loop","Barrage","Conserve Battery"],"picked":"SKIP","floor":13.0},{"not_picked":["Electrodynamics","Meteor Strike"],"picked":"Amplify","floor":16.0},{"not_picked":["Gash+1","Steam"],"picked":"Double Energy+1","floor":18.0},{"not_picked":["Barrage","Recycle","Darkness+1"],"picked":"SKIP","floor":18.0},{"not_picked":["Redo","Streamline"],"picked":"Defragment","floor":19.0},{"not_picked":["Reprogram","Leap"],"picked":"Storm+1","floor":20.0},{"not_picked":["Machine Learning","Steam Power","Rebound"],"picked":"SKIP","floor":20.0},{"not_picked":["Gash+1","Leap","Hologram+1"],"picked":"SKIP","floor":21.0},{"not_picked":["Loop","conspire:Rain+1","Cold Snap+1"],"picked":"SKIP","floor":21.0},{"not_picked":["Hyperbeam","Rainbow","Sweeping Beam"],"picked":"SKIP","floor":25.0},{"not_picked":["Defragment","Stack+1"],"picked":"White Noise+1","floor":28.0},{"not_picked":["Go for the Eyes","Blizzard","FTL+1"],"picked":"SKIP","floor":28.0},{"not_picked":["Redo","Beam Cell"],"picked":"Turbo","floor":30.0},{"not_picked":["Steam","Undo","Tempest+1"],"picked":"SKIP","floor":30.0},{"not_picked":["Coolheaded+1","Compile Driver"],"picked":"Conserve Battery+1","floor":35.0},{"not_picked":["Hello World","Ball Lightning+1","Stack"],"picked":"SKIP","floor":35.0},{"not_picked":["Leap+1","Chaos+1"],"picked":"Force Field","floor":39.0},{"not_picked":["Cold Snap+1","Fusion+1","Steam"],"picked":"SKIP","floor":39.0},{"not_picked":["Beam Cell+1","Chill"],"picked":"Storm+1","floor":40.0},{"not_picked":["Gash+1","Capacitor+1"],"picked":"Force Field+1","floor":42.0},{"not_picked":["conspire:Rain","Auto Shields","Ball Lightning+1"],"picked":"SKIP","floor":42.0},{"not_picked":["Sweeping Beam","Go for the Eyes+1","Meteor Strike"],"picked":"SKIP","floor":46.0},{"not_picked":["Sweeping Beam","Coolheaded","Cold Snap"],"picked":"SKIP","floor":46.0},{"not_picked":["Steam","conspire:SharedLibrary+1","conspire:Rain"],"picked":"SKIP","floor":47.0},{"not_picked":["Defragment+1","Conserve Battery+1","Steam Power+1"],"picked":"SKIP","floor":54.0}],"player_experience":32382,"relics_obtained":[{"floor":6.0,"key":"Incense Burner"},{"floor":8.0,"key":"hubris:BottledRain"},{"floor":13.0,"key":"Du-Vu Doll"},{"floor":19.0,"key":"Red Mask"},{"floor":25.0,"key":"conspire:Boomerang"},{"floor":26.0,"key":"Centennial Puzzle"},{"floor":31.0,"key":"Necronomicon"},{"floor":43.0,"key":"conspire:TopHat"},{"floor":47.0,"key":"Pantograph"},{"floor":54.0,"key":"infinitespire:PuzzleCube"}],"event_choices":[{"damage_healed":0.0,"max_hp_gain":0.0,"max_hp_loss":0.0,"gold_gain":0.0,"event_name":"Masked Bandits","player_choice":"Fought Bandits","floor":19.0,"gold_loss":0.0,"damage_taken":0.0},{"damage_healed":0.0,"max_hp_gain":0.0,"max_hp_loss":0.0,"gold_gain":0.0,"event_name":"Cursed Tome","player_choice":"Obtained Book","floor":31.0,"gold_loss":0.0,"damage_taken":16.0},{"damage_healed":0.0,"max_hp_gain":0.0,"max_hp_loss":0.0,"gold_gain":0.0,"event_name":"SensoryStone","player_choice":"Memory 1","floor":37.0,"gold_loss":0.0,"damage_taken":0.0},{"damage_healed":0.0,"max_hp_gain":0.0,"max_hp_loss":0.0,"gold_gain":0.0,"event_name":"betterThird:BetterPortal","player_choice":"Random: Blue","floor":38.0,"gold_loss":0.0,"damage_taken":0.0},{"damage_healed":0.0,"max_hp_gain":0.0,"max_hp_loss":0.0,"gold_gain":0.0,"event_name":"SensoryStone","player_choice":"Memory 1","floor":38.0,"gold_loss":0.0,"damage_taken":0.0},{"damage_healed":0.0,"max_hp_gain":0.0,"max_hp_loss":0.0,"gold_gain":0.0,"event_name":"Mysterious Sphere","player_choice":"Ignored","floor":48.0,"gold_loss":0.0,"damage_taken":0.0}],"is_beta":false,"boss_relics":[{"not_picked":["Calling Bell","hubris:CrackedHourglass"],"picked":"Sozu"},{"not_picked":["conspire:RoyalGoblet","conspire:SeveredTorchhead"],"picked":"Nuclear Battery"}],"items_purged_floors":[0,14,22,22,44],"is_endless":false,"potions_floor_spawned":[1,6,16,21,23,25,28,39,40,46,54],"killed_by":"The Heart","ascension_level":0}}