{"host":"uud874cul3w3k2ia","time":1609119179,"event":{"mods":["BaseMod","Block Reminder","Colored Map","Colored Powertips","Highlight Path","Infinite Spire","Minty Spire (QoL Compilation)","Permanent Neow","Quick Restart","Replay The Spire","StSLib"],"gold_per_floor":[120,153,153,232,268,317,367,367,367,397,422,456,34,47,47,142,142,152,152,172,172,87,87,87,87,87,87,122,142,142,142],"floor_reached":30,"playtime":1643,"items_purged":["Hallucinations"],"score":252,"play_id":"04cb69b5-11b0-4707-9834-a5ca27ed509d","local_time":"20201227203259","is_ascension_mode":false,"campfire_choices":[{"floor":8.0,"key":"RECALL"},{"data":"ReplayTheSpireMod:??????????????????????","floor":23.0,"key":"SMITH"},{"data":"ReplayUltimateDefense","floor":25.0,"key":"SMITH"},{"data":"Infernal Blade","floor":27.0,"key":"SMITH"}],"circlet_count":0,"master_deck":["Strike_R","Strike_R","Strike_R","Defend_R","Defend_R","Bash","Replay:Undeath\u0027s Touch+1","Infernal Blade+1","Pummel","Heavy Blade","Parasite","Iron Wave","Shrug It Off","Parasite","ReplayUltimateDefense+1","Heavy Blade","Sword Boomerang","Berserk","Pummel","Heavy Blade+1","ReplayTheSpireMod:??????????????????????+1","infinitespire:OneForAll+1","Shrug It Off+1"],"relics":["CaptainsWheel","ReplayTheSpireMod:EnergyBall","ReplayFunnel","Kintsugi","infinitespire:Chaos","Philosopher\u0027s Stone","Calipers","Centennial Puzzle","Blue Doll","Replay:Bottled Steam","Mango"],"acts_visited":["Exordium","TheCity"],"potions_floor_usage":[30,30],"damage_taken":[{"damage":3.0,"enemies":"Jaw Worm","floor":1.0,"turns":4.0},{"damage":1.0,"enemies":"Cultist","floor":2.0,"turns":3.0},{"damage":3.0,"enemies":"Small Slimes","floor":4.0,"turns":2.0},{"damage":13.0,"enemies":"2 Fungi Beasts","floor":5.0,"turns":3.0},{"damage":55.0,"enemies":"Lagavulin","floor":6.0,"turns":8.0},{"damage":4.0,"enemies":"Large Slime","floor":10.0,"turns":6.0},{"damage":0.0,"enemies":"Looter","floor":11.0,"turns":2.0},{"damage":9.0,"enemies":"Blue Slaver","floor":12.0,"turns":3.0},{"damage":13.0,"enemies":"Red Slaver","floor":14.0,"turns":3.0},{"damage":22.0,"enemies":"Hexaghost","floor":16.0,"turns":7.0},{"damage":13.0,"enemies":"Chosen","floor":18.0,"turns":5.0},{"damage":25.0,"enemies":"2 Thieves","floor":20.0,"turns":3.0},{"damage":25.0,"enemies":"Replay:Snechameleon","floor":28.0,"turns":5.0},{"damage":7.0,"enemies":"Snake Plant","floor":29.0,"turns":6.0},{"damage":24,"enemies":"Nightmare","floor":30,"turns":5}],"seed_played":"976223402032155129","potions_obtained":[{"floor":2.0,"key":"ColorlessPotion"},{"floor":5.0,"key":"Swift Potion"},{"floor":12.0,"key":"ColorlessPotion"},{"floor":14.0,"key":"Regen Potion"},{"floor":20.0,"key":"Weak Potion"},{"floor":28.0,"key":"SpeedPotion"},{"floor":29.0,"key":"SteroidPotion"}],"is_trial":false,"path_per_floor":["M","M","?","M","M","E","?","R","T","M","M","M","$","M","R_BF","B",null,"M","?","M","AVR","?","R","?","R","T","R","E","M","NM"],"character_chosen":"IRONCLAD","items_purchased":["infinitespire:Chaos","ReplayUltimateDefense","Heavy Blade"],"campfire_rested":0,"item_purchase_floors":[13,13,13],"current_hp_per_floor":[80,80,80,80,73,24,44,44,44,46,52,49,49,36,36,28,80,67,67,42,42,42,42,42,42,42,42,31,24,0,0],"gold":142,"neow_bonus":"RANDOM_COMMON_RELIC","is_daily":false,"chose_seed":false,"campfire_upgraded":3,"win_rate":0.0,"timestamp":1609119179,"path_taken":["M","M","?","?","M","E","?","R","T","M","M","M","$","M","R_BF","BOSS","M","?","M","AVR","?","R","?","R","T","R","E","M","NM"],"items_purchased_type":["Relic","Card","Card"],"build_version":"2020-12-22","purchased_purges":1,"victory":false,"max_hp_per_floor":[80,80,80,80,80,80,80,80,80,80,80,80,80,80,80,80,80,80,80,80,80,80,80,80,80,80,80,94,94,94,94],"card_choices":[{"not_picked":["True Grit","Anger"],"picked":"Replay:Undeath\u0027s Touch","floor":1.0},{"not_picked":["Warcry","Barricade"],"picked":"Infernal Blade","floor":2.0},{"not_picked":["Headbutt","Dual Wield","Havoc"],"picked":"SKIP","floor":4.0},{"not_picked":["Warcry","ReplayTheSpireMod:Corrosion Curse"],"picked":"Pummel","floor":5.0},{"not_picked":["Dual Wield","Uppercut"],"picked":"Heavy Blade","floor":6.0},{"not_picked":["True Grit","Wild Strike"],"picked":"Iron Wave","floor":10.0},{"not_picked":["ReplayTheSpireMod:LeadingStrike","Wild Strike","Sever Soul"],"picked":"SKIP","floor":11.0},{"not_picked":["Warcry","Spot Weakness"],"picked":"Shrug It Off","floor":12.0},{"not_picked":["Anger","Hemokinesis"],"picked":"Sword Boomerang","floor":14.0},{"not_picked":["Brutality","Exhume"],"picked":"Berserk","floor":16.0},{"not_picked":["Armaments+1","Flex"],"picked":"Pummel","floor":18.0},{"not_picked":["Havoc+1","Run Through"],"picked":"Heavy Blade+1","floor":20.0},{"not_picked":["Thunderclap+1","Pommel Strike"],"picked":"infinitespire:OneForAll+1","floor":28.0},{"not_picked":["Rage","Clothesline"],"picked":"Shrug It Off+1","floor":29.0}],"player_experience":72618,"relics_obtained":[{"floor":6.0,"key":"Red Skull"},{"floor":26.0,"key":"Replay:Bottled Steam"},{"floor":28.0,"key":"Mango"}],"event_choices":[{"damage_healed":0.0,"max_hp_gain":0.0,"max_hp_loss":0.0,"gold_gain":0.0,"event_name":"FaceTrader","player_choice":"Trade","floor":3.0,"gold_loss":0.0,"damage_taken":0.0,"relics_obtained":["SsserpentHead"]},{"damage_healed":20.0,"max_hp_gain":0.0,"max_hp_loss":0.0,"gold_gain":0.0,"event_name":"Mushrooms","player_choice":"Healed and dodged fight","floor":7.0,"gold_loss":0.0,"damage_taken":0.0,"cards_obtained":["Parasite"]},{"damage_healed":0.0,"max_hp_gain":0.0,"max_hp_loss":0.0,"gold_gain":0.0,"event_name":"Ghosts","player_choice":"Ignored","floor":19.0,"gold_loss":0.0,"damage_taken":0.0},{"damage_healed":0.0,"max_hp_gain":0.0,"max_hp_loss":0.0,"gold_gain":0.0,"event_name":"Addict","player_choice":"Obtained Relic","floor":22.0,"gold_loss":85.0,"damage_taken":0.0,"relics_obtained":["Centennial Puzzle"]},{"damage_healed":0.0,"max_hp_gain":0.0,"max_hp_loss":0.0,"gold_gain":0.0,"event_name":"The Mausoleum","player_choice":"Opened","floor":24.0,"gold_loss":0.0,"damage_taken":0.0,"relics_obtained":["Blue Doll"]}],"is_beta":false,"boss_relics":[{"not_picked":["Fusion Hammer","Runic Dome"],"picked":"Philosopher\u0027s Stone"}],"items_purged_floors":[13],"is_endless":false,"potions_floor_spawned":[2,5,12,14,20,28,29],"killed_by":"Nightmare","ascension_level":0}}