{"host":"98ajcw3do3zsggh8","time":1609199107,"event":{"mods":["BaseMod","Minty Spire (QoL Compilation)","Replay The Spire","StSLib"],"gold_per_floor":[119,69,84,84,84,119,119,138,138,158,83,122,122,149,149,255,255,282,32,61,84,32,32,69,69,117,117,117,121,121],"floor_reached":29,"playtime":1049,"items_purged":["Looming Evil","Strike_P"],"score":315,"play_id":"68ee8e79-ab28-400d-b5cd-afe0793829b9","local_time":"20201229004507","is_ascension_mode":true,"campfire_choices":[{"data":"SandsOfTime","floor":7.0,"key":"SMITH"},{"data":"Wallop","floor":13.0,"key":"SMITH"},{"data":"Vigilance","floor":15.0,"key":"SMITH"},{"data":"LikeWater","floor":23,"key":"SMITH"},{"data":"Chrysalis","floor":25,"key":"SMITH"}],"circlet_count":0,"master_deck":["Strike_P","Strike_P","Strike_P","Defend_P","Defend_P","Defend_P","Eruption+1","Vigilance+1","Protect","Halt+1","SandsOfTime+1","LikeWater+1","Wallop+1","PanicButton","Chrysalis+1","Ghostly","Ghostly","Ghostly","Ghostly","Ghostly"],"relics":["Coffee Dripper","ReplayTheSpireMod:Ring of Exchange","Ring of Hypnosis","Replay:Bandana","Singing Bowl","Dream Catcher","ReplayTheSpireMod:ShopPack","Damaru","Snack Pack","Bag of Preparation","Replay:Towering Pillar of Hats"],"acts_visited":["Exordium","TheCity"],"potions_floor_usage":[21,24,24],"damage_taken":[{"damage":3.0,"enemies":"Jaw Worm","floor":1.0,"turns":2.0},{"damage":4.0,"enemies":"2 Louse","floor":3.0,"turns":2.0},{"damage":7.0,"enemies":"Gremlin Nob","floor":6.0,"turns":4.0},{"damage":0.0,"enemies":"Cultist","floor":8.0,"turns":3.0},{"damage":23.0,"enemies":"Exordium Thugs","floor":10.0,"turns":4.0},{"damage":0.0,"enemies":"Replay:BlueRogue","floor":12.0,"turns":4.0},{"damage":0.0,"enemies":"2 Fungi Beasts","floor":14.0,"turns":3.0},{"damage":24.0,"enemies":"The Guardian","floor":16.0,"turns":10.0},{"damage":22.0,"enemies":"Shell Parasite","floor":18.0,"turns":4.0},{"damage":24,"enemies":"Chosen","floor":20,"turns":4},{"damage":22,"enemies":"Snecko","floor":21,"turns":6},{"damage":7,"enemies":"Slavers","floor":24,"turns":4},{"damage":17,"enemies":"Chosen and Byrds","floor":29,"turns":10}],"seed_played":"7819020100430427638","potions_obtained":[{"floor":1.0,"key":"EssenceOfSteel"},{"floor":10.0,"key":"Venom Potion"},{"floor":16.0,"key":"Adrenaline Potion"},{"floor":20,"key":"Block Potion"},{"floor":21,"key":"AttackPotion"}],"is_trial":false,"path_per_floor":["M","?","M","?","?","E","R","M","T","M","$","E","R","M","R","B",null,"M","$","M","M","$","R","E","R","T","T","?","M"],"character_chosen":"WATCHER","items_purchased":["Damaru","SkillPotion"],"campfire_rested":0,"item_purchase_floors":[19,22],"current_hp_per_floor":[69,69,65,65,51,44,44,44,44,21,21,23,23,25,25,3,80,60,60,38,18,18,18,13,13,13,13,13,0,0],"gold":121,"neow_bonus":"BOSS_RELIC","is_daily":false,"chose_seed":false,"campfire_upgraded":5,"win_rate":0.0,"timestamp":1609199107,"path_taken":["M","?","M","?","?","E","R","M","T","M","?","E","R","M","R","BOSS","M","$","M","?","$","R","E","R","T","?","?","M"],"items_purchased_type":["Relic","Potion"],"build_version":"2020-12-22","purchased_purges":2,"victory":false,"max_hp_per_floor":[72,72,72,72,72,72,72,72,72,72,72,74,74,76,76,78,80,82,82,84,86,86,86,88,88,88,88,44,44,44],"card_choices":[{"not_picked":["WaveOfTheHand","Crescendo"],"picked":"Protect","floor":1.0},{"not_picked":["Prostrate","CutThroughFate"],"picked":"Halt","floor":3.0},{"not_picked":["FlyingSleeves","Replay:Vibes"],"picked":"SandsOfTime","floor":6.0},{"not_picked":["BowlingBash","InnerPeace"],"picked":"LikeWater","floor":8.0},{"not_picked":["SashWhip","Sanctity"],"picked":"Wallop","floor":10.0},{"not_picked":["Halt","Replay:ManipulateFuture","Study"],"picked":"Singing Bowl","floor":12.0},{"not_picked":["ForeignInfluence","Replay:LoomingThreat","Replay:DivineShield"],"picked":"Singing Bowl","floor":14.0},{"not_picked":["Scrawl","DeusExMachina","LessonLearned"],"picked":"Singing Bowl","floor":16.0},{"not_picked":["ReplayTheSpireMod:Necrogeddon","ReplayUltimateDefense","Crow Ritual"],"picked":"Singing Bowl","floor":17.0},{"not_picked":["ReplayUltimateDefense","Enlightenment"],"picked":"PanicButton","floor":17.0},{"not_picked":["Secret Weapon","Transmutation"],"picked":"Chrysalis","floor":17.0},{"not_picked":["Perseverance","JustLucky+1","Replay:BluntJabs"],"picked":"Singing Bowl","floor":18.0},{"not_picked":["FearNoEvil","EmptyBody","FlurryOfBlows+1"],"picked":"Singing Bowl","floor":20},{"not_picked":["Prostrate","Halt","BowlingBash"],"picked":"Singing Bowl","floor":21},{"not_picked":["Evaluate","Replay:AtTheReady","Devotion"],"picked":"Singing Bowl","floor":24}],"player_experience":290463,"relics_obtained":[{"floor":4.0,"key":"ReplayTheSpireMod:Ring of Exchange"},{"floor":4.0,"key":"Ring of Hypnosis"},{"floor":6.0,"key":"Replay:Bandana"},{"floor":9.0,"key":"Singing Bowl"},{"floor":12.0,"key":"Dream Catcher"},{"floor":24,"key":"Snack Pack"},{"floor":26,"key":"Bag of Preparation"},{"floor":27,"key":"Replay:Towering Pillar of Hats"}],"event_choices":[{"cards_removed":["Defend_P"],"damage_healed":0.0,"max_hp_gain":0.0,"max_hp_loss":0.0,"gold_gain":0.0,"event_name":"The Cleric","player_choice":"Card Removal","floor":2.0,"gold_loss":50.0,"damage_taken":0.0},{"damage_healed":0.0,"max_hp_gain":0.0,"max_hp_loss":0.0,"gold_gain":0.0,"event_name":"Shining Light","player_choice":"Entered Light","floor":5.0,"gold_loss":0.0,"damage_taken":14.0,"cards_upgraded":["Eruption","Halt"]},{"damage_healed":0,"gold_gain":0,"player_choice":"Became a Ghost","damage_taken":0,"max_hp_gain":0,"max_hp_loss":44,"event_name":"Ghosts","floor":28,"gold_loss":0,"cards_obtained":["Ghostly","Ghostly","Ghostly","Ghostly","Ghostly"]}],"is_beta":false,"boss_relics":[{"not_picked":["HandDrill","Busted Crown"],"picked":"ReplayTheSpireMod:ShopPack"}],"items_purged_floors":[11,19],"is_endless":false,"potions_floor_spawned":[1,10,16,20,21],"killed_by":"Chosen and Byrds","ascension_level":1}}