{"host":"7tvb1em0d2fx72q7","time":1609198706,"event":{"mods":["BaseMod","Challenge The Spire","Minty Spire (QoL Compilation)","StSLib","everything is the same but u backflip on backflip"],"gold_per_floor":[112,186,199,36,48,48,81,81,81,46,71,71,71,98,98,175,175,190,190,201,201,14,14,39,39,63,94,94,194,221,254,254,254,254],"floor_reached":33,"playtime":2918,"items_purged":["Strike_G","Shame"],"score":780,"play_id":"cefac6df-b82e-4de1-bdfd-bf244f50e211","local_time":"20201228183826","is_ascension_mode":true,"campfire_choices":[{"data":"Die Die Die","floor":6.0,"key":"SMITH"},{"data":"Neutralize","floor":8.0,"key":"SMITH"},{"floor":13.0,"key":"REST"},{"floor":15.0,"key":"REST"},{"data":"After Image","floor":23.0,"key":"SMITH"},{"data":"Night Terror","floor":25.0,"key":"SMITH"},{"data":"Adrenaline","floor":28.0,"key":"SMITH"},{"data":"1","floor":32.0,"key":"LIFT"}],"circlet_count":0,"master_deck":["AscendersBane","Strike_G+1","Defend_G","Defend_G","Defend_G","Defend_G","Defend_G","Survivor+1","Neutralize+1","Die Die Die+1","Cloak And Dagger","Blade Dance","Infinite Blades","Predator","Choke+1","Deadly Poison","Sucker Punch","Terror+1","After Image+1","Adrenaline+1","Cloak And Dagger+1","Endless Agony+1","Phantasmal Killer+1","Deflect","Footwork","Night Terror+1","Endless Agony","Footwork"],"relics":["Ring of the Snake","WingedGreaves","Ginger","Dream Catcher","CaptainsWheel","War Paint","Astrolabe","Akabeko","Potion Belt","Anchor","Art of War","Girya","Mummified Hand","Red Mask","Whetstone"],"acts_visited":["Exordium","TheCity"],"potions_floor_usage":[33,33],"damage_taken":[{"damage":0.0,"enemies":"2 Louse","floor":1.0,"turns":2.0},{"damage":0.0,"enemies":"Small Slimes","floor":3.0,"turns":2.0},{"damage":9.0,"enemies":"Jaw Worm","floor":5.0,"turns":2.0},{"damage":28.0,"enemies":"Lagavulin","floor":7.0,"turns":6.0},{"damage":16.0,"enemies":"3 Sentries","floor":11.0,"turns":6.0},{"damage":12.0,"enemies":"Gremlin Nob","floor":14.0,"turns":4.0},{"damage":0.0,"enemies":"Slime Boss","floor":16.0,"turns":6.0},{"damage":0.0,"enemies":"2 Thieves","floor":18.0,"turns":4.0},{"damage":0.0,"enemies":"Chosen","floor":20.0,"turns":3.0},{"damage":8.0,"enemies":"Slavers","floor":24.0,"turns":5.0},{"damage":2.0,"enemies":"Book of Stabbing","floor":27.0,"turns":4.0},{"damage":6.0,"enemies":"Colosseum Slavers","floor":29.0,"turns":4.0},{"damage":0.0,"enemies":"Colosseum Nobs","floor":29.0,"turns":3.0},{"damage":0.0,"enemies":"Masked Bandits","floor":30.0,"turns":4.0},{"damage":0.0,"enemies":"Gremlin Leader","floor":31.0,"turns":3.0},{"damage":25,"enemies":"Collector","floor":33,"turns":5}],"seed_played":"8364154202140865930","potions_obtained":[{"floor":3.0,"key":"FearPotion"},{"floor":5.0,"key":"LiquidBronze"},{"floor":7.0,"key":"SpeedPotion"},{"floor":14.0,"key":"AttackPotion"},{"floor":27.0,"key":"Explosive Potion"},{"floor":29.0,"key":"PowerPotion"},{"floor":31.0,"key":"PowerPotion"}],"is_trial":false,"path_per_floor":["M","?","M","$","M","R","E","R","T","?","E","?","R","E","R","B",null,"M","?","M","?","$","R","E","R","T","E","R","?","?","E","R","B"],"character_chosen":"THE_SILENT","items_purchased":["Infinite Blades","Footwork"],"campfire_rested":2,"item_purchase_floors":[4,22],"current_hp_per_floor":[59,59,59,59,50,50,22,22,22,37,21,10,28,16,34,34,54,54,38,38,38,38,38,30,30,30,28,28,22,22,22,22,0,0],"gold":254,"neow_bonus":"THREE_RARE_CARDS","is_daily":false,"chose_seed":false,"campfire_upgraded":5,"win_rate":0.0,"timestamp":1609198706,"path_taken":["M","?","M","$","M","R","E","R","T","?","E","?","R","E","R","BOSS","M","?","M","?","$","R","E","R","T","E","R","?","?","E","R","BOSS"],"items_purchased_type":["Card","Card"],"build_version":"2020-12-22","purchased_purges":2,"victory":false,"max_hp_per_floor":[60,60,60,60,60,60,60,60,60,60,60,60,60,60,60,60,60,60,65,65,65,65,65,65,65,65,65,65,65,65,65,65,65,65],"card_choices":[{"not_picked":["Grand Finale","After Image"],"picked":"Die Die Die","floor":0.0},{"not_picked":["Flying Knee","Dagger Throw"],"picked":"Cloak And Dagger","floor":1.0},{"not_picked":["Flechettes","Heel Hook"],"picked":"Blade Dance","floor":3.0},{"not_picked":["Flying Knee","Slice"],"picked":"Predator","floor":5.0},{"not_picked":["Underhanded Strike","Heel Hook"],"picked":"Choke","floor":7.0},{"not_picked":["Backflip","Distraction"],"picked":"Deadly Poison","floor":11.0},{"not_picked":["Dagger Throw","Underhanded Strike"],"picked":"Sucker Punch","floor":13.0},{"not_picked":["Slice","Sucker Punch"],"picked":"Terror","floor":14.0},{"not_picked":["Setup","PiercingWail"],"picked":"After Image","floor":15.0},{"not_picked":["Envenom","Corpse Explosion"],"picked":"Adrenaline","floor":16.0},{"not_picked":["Expertise","Dagger Throw+1","Bane"],"picked":"SKIP","floor":18.0},{"not_picked":["Quick Slash+1","Choke"],"picked":"Deflect","floor":20.0},{"not_picked":["Deflect","Predator"],"picked":"Night Terror","floor":24.0},{"not_picked":["Escape Plan","Outmaneuver"],"picked":"Endless Agony","floor":27.0},{"not_picked":["All Out Attack","Expertise+1"],"picked":"Footwork","floor":30.0},{"not_picked":["Dodge and Roll","Dagger Throw","Dash"],"picked":"SKIP","floor":31.0}],"player_experience":1887217,"relics_obtained":[{"floor":7.0,"key":"WingedGreaves"},{"floor":9.0,"key":"Ginger"},{"floor":11.0,"key":"Dream Catcher"},{"floor":14.0,"key":"War Paint"},{"floor":24.0,"key":"Potion Belt"},{"floor":26.0,"key":"Anchor"},{"floor":27.0,"key":"Art of War"},{"floor":29.0,"key":"Girya"},{"floor":29.0,"key":"Mummified Hand"},{"floor":30.0,"key":"Red Mask"},{"floor":31.0,"key":"Whetstone"}],"event_choices":[{"damage_healed":0.0,"max_hp_gain":0.0,"max_hp_loss":0.0,"gold_gain":74.0,"event_name":"Golden Wing","player_choice":"Gained Gold","floor":2.0,"gold_loss":0.0,"damage_taken":0.0},{"damage_healed":15.0,"max_hp_gain":0.0,"max_hp_loss":0.0,"gold_gain":0.0,"event_name":"The Cleric","player_choice":"Healed","floor":10.0,"gold_loss":35.0,"damage_taken":0.0},{"damage_healed":0.0,"max_hp_gain":0.0,"max_hp_loss":0.0,"gold_gain":0.0,"event_name":"Scrap Ooze","player_choice":"Success","floor":12.0,"gold_loss":0.0,"damage_taken":11.0,"relics_obtained":["CaptainsWheel"]},{"damage_healed":0.0,"max_hp_gain":5.0,"max_hp_loss":0.0,"gold_gain":0.0,"event_name":"Forgotten Altar","player_choice":"Shed Blood","floor":19.0,"gold_loss":0.0,"damage_taken":21.0},{"damage_healed":0.0,"max_hp_gain":0.0,"max_hp_loss":0.0,"gold_gain":0.0,"event_name":"Addict","player_choice":"Stole Relic","floor":21.0,"gold_loss":0.0,"damage_taken":0.0,"relics_obtained":["Akabeko"],"cards_obtained":["Shame"]},{"damage_healed":0.0,"max_hp_gain":0.0,"max_hp_loss":0.0,"gold_gain":0.0,"event_name":"Colosseum","player_choice":"Fight","floor":29.0,"gold_loss":0.0,"damage_taken":0.0},{"damage_healed":0.0,"max_hp_gain":0.0,"max_hp_loss":0.0,"gold_gain":0.0,"event_name":"Colosseum","player_choice":"Fought Nobs","floor":29.0,"gold_loss":0.0,"damage_taken":0.0},{"damage_healed":0.0,"max_hp_gain":0.0,"max_hp_loss":0.0,"gold_gain":0.0,"event_name":"Masked Bandits","player_choice":"Fought Bandits","floor":30.0,"gold_loss":0.0,"damage_taken":0.0}],"is_beta":false,"boss_relics":[{"not_picked":["Tiny House","SacredBark"],"picked":"Astrolabe"}],"items_purged_floors":[4,22],"is_endless":false,"potions_floor_spawned":[3,5,7,14,27,29,29,31],"killed_by":"Collector","ascension_level":20}}