{"host":"r6jigiblrojhp6xe","time":1609163124,"event":{"mods":["AchievementEnabler","BaseMod","DeckTracker","Minty Spire (QoL Compilation)","Quick Restart","Rare Cards Sparkle","Relic Stats","StSLib","SuperFastMode","The Cursed","everything is the same but u backflip on backflip"],"gold_per_floor":[112,112,128,53,53,86,86,107,177,195,195,195,195,195],"floor_reached":13,"playtime":206,"items_purged":["TheCursedMod:Defend_TheCursed"],"score":151,"play_id":"0506f9b0-45f9-4fec-85a2-506ea99bfcdc","local_time":"20201228224524","is_ascension_mode":true,"campfire_choices":[{"data":"TheCursedMod:CleanUpWorkshop","floor":7.0,"key":"SMITH"},{"data":"TheCursedMod:CircleOfAbyss","floor":11.0,"key":"SMITH"}],"circlet_count":0,"master_deck":["TheCursedMod:Strike_TheCursed","TheCursedMod:Strike_TheCursed","TheCursedMod:Strike_TheCursed","TheCursedMod:Defend_TheCursed","TheCursedMod:Defend_TheCursed","TheCursedMod:Defend_TheCursed","TheCursedMod:CursedWand","TheCursedMod:CleanUpWorkshop+1","TheCursedMod:Dregs","TheCursedMod:Wield","TheCursedMod:WearCloak","TheCursedMod:SmokeScreen","TheCursedMod:CircleOfAbyss+1","TheCursedMod:RapidMovement"],"relics":["TheCursedMod:BlackMagic101","NeowsBlessing","Golden Idol","Bag of Preparation","Frozen Egg 2","Lizard Tail"],"acts_visited":["Exordium"],"potions_floor_usage":[],"damage_taken":[{"damage":0.0,"enemies":"Jaw Worm","floor":1.0,"turns":1.0},{"damage":0.0,"enemies":"Small Slimes","floor":3.0,"turns":1.0},{"damage":0.0,"enemies":"3 Sentries","floor":6.0,"turns":2.0},{"damage":0.0,"enemies":"Cultist","floor":8.0,"turns":5.0},{"damage":0.0,"enemies":"Red Slaver","floor":10.0,"turns":6.0},{"damage":0,"enemies":"Lagavulin","floor":13,"turns":1}],"seed_played":"6149693826479254476","potions_obtained":[{"floor":1.0,"key":"DuplicationPotion"},{"floor":3.0,"key":"DistilledChaos"}],"is_trial":false,"path_per_floor":["M","?","M","$","?","E","R","M","T","M","R","?","E"],"character_chosen":"THE_CURSED","items_purchased":[],"campfire_rested":0,"item_purchase_floors":[],"current_hp_per_floor":[68,68,68,68,50,50,50,50,50,50,50,25,25,25],"gold":195,"neow_bonus":"THREE_ENEMY_KILL","is_daily":false,"chose_seed":false,"campfire_upgraded":2,"win_rate":0.0,"timestamp":1609163124,"path_taken":["M","?","M","$","?","E","R","M","T","M","R","?","E"],"items_purchased_type":[],"build_version":"2020-12-22","purchased_purges":1,"victory":false,"max_hp_per_floor":[75,75,75,75,75,75,75,75,75,75,75,75,75,75],"relic_stats":{"Lizard Tail":0,"counters":[6,16],"Golden Idol":15,"Bag of Preparation":[6],"obtain_stats":[{"TheCursedMod:BlackMagic101":0,"Lizard Tail":12,"NeowsBlessing":0,"Golden Idol":5,"Bag of Preparation":6,"Frozen Egg 2":9},{"TheCursedMod:BlackMagic101":0,"Lizard Tail":5,"NeowsBlessing":0,"Golden Idol":2,"Bag of Preparation":3,"Frozen Egg 2":4},{"TheCursedMod:BlackMagic101":0,"Lizard Tail":15,"NeowsBlessing":0,"Golden Idol":2,"Bag of Preparation":4,"Frozen Egg 2":9}]},"card_choices":[{"not_picked":["TheCursedMod:CursedAmulet","TheCursedMod:Obscuration"],"picked":"TheCursedMod:Wield","floor":1.0},{"not_picked":["TheCursedMod:CursedAmulet","TheCursedMod:VitalStrike"],"picked":"TheCursedMod:SmokeScreen","floor":3.0},{"not_picked":["TheCursedMod:CursedBlade","TheCursedMod:SurpriseAttack"],"picked":"TheCursedMod:CircleOfAbyss","floor":6.0},{"not_picked":["TheCursedMod:Torture","TheCursedMod:SpitefulStrike"],"picked":"TheCursedMod:RapidMovement","floor":8.0},{"not_picked":["TheCursedMod:CursedMace","TheCursedMod:RapidMovement","TheCursedMod:Wield"],"picked":"SKIP","floor":10.0}],"player_experience":549432,"relics_obtained":[{"floor":6.0,"key":"Bag of Preparation"},{"floor":9.0,"key":"Frozen Egg 2"}],"event_choices":[{"damage_healed":0.0,"max_hp_gain":0.0,"max_hp_loss":0.0,"gold_gain":0.0,"cards_transformed":["TheCursedMod:Strike_TheCursed"],"event_name":"Living Wall","player_choice":"Change","floor":2.0,"gold_loss":0.0,"damage_taken":0.0,"cards_obtained":["TheCursedMod:WearCloak"]},{"damage_healed":0.0,"max_hp_gain":0.0,"max_hp_loss":0.0,"gold_gain":0.0,"event_name":"Golden Idol","player_choice":"Take Damage","floor":5.0,"gold_loss":0.0,"damage_taken":18.0,"relics_obtained":["Golden Idol"]},{"damage_healed":0.0,"max_hp_gain":0.0,"max_hp_loss":0.0,"gold_gain":0.0,"event_name":"Scrap Ooze","player_choice":"Success","floor":12.0,"gold_loss":0.0,"damage_taken":25.0,"relics_obtained":["Lizard Tail"]}],"is_beta":false,"boss_relics":[],"items_purged_floors":[4],"is_endless":false,"potions_floor_spawned":[1,3],"killed_by":"Lagavulin","ascension_level":8}}