{"host":"67d7yvf7wgk1klfn","time":1609187069,"event":{"mods":["BaseMod","Colored Powertips","Filter the Spire","Minty Spire (QoL Compilation)","Relic Stats","Slay the Relics Exporter","StSLib","ojb\u0027s Better Paths Mod","ojb\u0027s Info Mod"],"gold_per_floor":[110,121,121,121,44,44,74,74,74,107,122,132,57,73,73,147,147,166,166,186,196,216,247,108,125,175,175,192,192,225,243,243,320,320,330,5,15,15,0,27,39,65,65,79,79,114,114,142,142,142,142,142,10,39,39],"floor_reached":56,"playtime":3909,"items_purged":["Bane","Masterful Stab","Quick Slash"],"score":2526,"play_id":"73895d82-cf28-4f01-a65c-04d41fa52fe0","local_time":"20201228152429","is_ascension_mode":true,"campfire_choices":[{"data":"Wraith Form v2","floor":6,"key":"SMITH"},{"data":"Cloak And Dagger","floor":8,"key":"SMITH"},{"data":"Concentrate","floor":15,"key":"SMITH"},{"data":"Wraith Form v2","floor":27,"key":"SMITH"},{"data":"Well Laid Plans","floor":32,"key":"SMITH"},{"floor":47,"key":"RECALL"},{"floor":49,"key":"REST"},{"data":"Panacea","floor":52,"key":"SMITH"}],"circlet_count":0,"master_deck":["AscendersBane","Survivor","Neutralize","Unload","Wraith Form v2+1","Footwork","Flying Knee","Choke","Night Terror","Leg Sweep","Cloak And Dagger+1","Bouncing Flask","Blur","Concentrate+1","Terror","Corpse Explosion","Wraith Form v2+1","Blade Dance","Infinite Blades+1","Blur","Blur","Well Laid Plans+1","Blade Dance","PiercingWail","Panacea+1","Acrobatics","Catalyst+1","Wraith Form v2+1","Catalyst"],"relics":["Pandora\u0027s Box","Bag of Marbles","Dead Branch","Meat on the Bone","Bottled Tornado","Philosopher\u0027s Stone","Mummified Hand","Toy Ornithopter","The Courier","Busted Crown","Shuriken","Red Mask","Art of War","Tingsha","Regal Pillow","Paper Crane","Bronze Scales","Kunai"],"acts_visited":["Exordium","TheCity","TheBeyond","TheEnding"],"potions_floor_usage":[21,55,55],"damage_taken":[{"damage":1,"enemies":"Small Slimes","floor":1,"turns":3},{"damage":0,"enemies":"Cultist","floor":2,"turns":2},{"damage":23,"enemies":"3 Sentries","floor":7,"turns":10},{"damage":1,"enemies":"Gremlin Nob","floor":10,"turns":3},{"damage":0,"enemies":"2 Louse","floor":11,"turns":2},{"damage":12,"enemies":"Exordium Thugs","floor":12,"turns":4},{"damage":0,"enemies":"Exordium Wildlife","floor":14,"turns":1},{"damage":32,"enemies":"Hexaghost","floor":16,"turns":13},{"damage":2,"enemies":"3 Byrds","floor":18,"turns":3},{"damage":4,"enemies":"Shell Parasite","floor":20,"turns":5},{"damage":19,"enemies":"Snake Plant","floor":21,"turns":5},{"damage":0,"enemies":"3 Cultists","floor":22,"turns":2},{"damage":9,"enemies":"Book of Stabbing","floor":23,"turns":6},{"damage":2,"enemies":"Cultist and Chosen","floor":25,"turns":4},{"damage":0,"enemies":"Snecko","floor":28,"turns":3},{"damage":0,"enemies":"Gremlin Leader","floor":30,"turns":6},{"damage":0,"enemies":"Shelled Parasite and Fungi","floor":31,"turns":4},{"damage":22,"enemies":"Collector","floor":33,"turns":9},{"damage":0,"enemies":"Orb Walker","floor":35,"turns":3},{"damage":0,"enemies":"3 Darklings","floor":37,"turns":3},{"damage":1,"enemies":"Reptomancer","floor":40,"turns":3},{"damage":0,"enemies":"Maw","floor":41,"turns":5},{"damage":0,"enemies":"Giant Head","floor":42,"turns":3},{"damage":0,"enemies":"Writhing Mass","floor":44,"turns":5},{"damage":0,"enemies":"Nemesis","floor":46,"turns":5},{"damage":1,"enemies":"Giant Head","floor":48,"turns":3},{"damage":0,"enemies":"Time Eater","floor":50,"turns":7},{"damage":1,"enemies":"Shield and Spear","floor":54,"turns":5},{"damage":38,"enemies":"The Heart","floor":55,"turns":7}],"seed_played":"2175238308095514596","potions_obtained":[{"floor":1,"key":"SteroidPotion"},{"floor":2,"key":"CultistPotion"},{"floor":14,"key":"Energy Potion"},{"floor":22,"key":"BlessingOfTheForge"},{"floor":30,"key":"PowerPotion"}],"is_trial":false,"path_per_floor":["M","M","?","?","$","R","E","R","T","E","M","M","$","M","R","B",null,"M","?","M","M","M","E","$","M","T","R","M","?","E","M","R","B",null,"M","$","M","?","?","E","M","E","T","M","?","E","R","E","R","B",null,"R","$","E","B",null],"character_chosen":"THE_SILENT","items_purchased":["Bouncing Flask","Blur","Shuriken","Bronze Scales"],"campfire_rested":1,"item_purchase_floors":[5,24,36,53],"current_hp_per_floor":[58,58,47,43,43,43,20,20,20,31,43,43,43,43,43,23,55,53,53,49,42,42,45,45,43,43,43,43,43,43,43,43,33,58,58,58,58,48,48,47,47,47,47,47,47,47,47,46,66,66,66,66,66,65,40],"gold":39,"neow_bonus":"BOSS_RELIC","is_daily":false,"chose_seed":false,"campfire_upgraded":6,"win_rate":0.0,"timestamp":1609187069,"path_taken":["M","M","?","?","$","R","E","R","T","E","?","M","?","M","R","BOSS","M","?","M","M","?","E","$","M","T","R","M","?","E","M","R","BOSS","M","$","M","?","?","E","M","E","T","M","?","E","R","E","R","BOSS","R","$","E","BOSS"],"items_purchased_type":["Card","Card","Relic","Relic"],"build_version":"2020-12-22","purchased_purges":3,"victory":true,"max_hp_per_floor":[66,66,66,66,66,66,66,66,66,66,66,66,66,66,66,66,66,66,66,66,66,66,66,66,66,66,66,66,66,66,66,66,66,66,66,66,66,66,66,66,66,66,66,66,66,66,66,66,66,66,66,66,66,66,66],"relic_stats":{"Regal Pillow":1,"counters":[29,134],"Dead Branch":[309],"Tingsha":[98],"Busted Crown":24,"Mummified Hand":[161],"Shuriken":[40],"Bronze Scales":[108],"Pandora\u0027s Box":["Quick Slash","Riddle With Holes","Unload","Wraith Form v2","Footwork","Bane","Flying Knee","Choke","Night Terror","Masterful Stab"],"Art of War":[10],"Kunai":[5],"obtain_stats":[{"Regal Pillow":46,"Dead Branch":7,"Tingsha":42,"The Courier":30,"Bottled Tornado":10,"Paper Crane":48,"Busted Crown":34,"Mummified Hand":23,"Shuriken":36,"Bronze Scales":53,"Pandora\u0027s Box":0,"Philosopher\u0027s Stone":17,"Bag of Marbles":3,"Red Mask":39,"Art of War":40,"Kunai":54,"Toy Ornithopter":26,"Ring of the Snake":0,"Meat on the Bone":9},{"Regal Pillow":25,"Dead Branch":3,"Tingsha":23,"The Courier":16,"Bottled Tornado":4,"Paper Crane":26,"Busted Crown":18,"Mummified Hand":13,"Shuriken":19,"Bronze Scales":27,"Pandora\u0027s Box":0,"Philosopher\u0027s Stone":8,"Bag of Marbles":2,"Red Mask":20,"Art of War":21,"Kunai":28,"Toy Ornithopter":14,"Ring of the Snake":0,"Meat on the Bone":3},{"Regal Pillow":112,"Dead Branch":15,"Tingsha":102,"The Courier":72,"Bottled Tornado":18,"Paper Crane":115,"Busted Crown":85,"Mummified Hand":59,"Shuriken":88,"Bronze Scales":122,"Pandora\u0027s Box":0,"Philosopher\u0027s Stone":38,"Bag of Marbles":5,"Red Mask":91,"Art of War":94,"Kunai":127,"Toy Ornithopter":63,"Ring of the Snake":0,"Meat on the Bone":15}],"Toy Ornithopter":1,"Meat on the Bone":96},"card_choices":[{"not_picked":["Outmaneuver","Dodge and Roll"],"picked":"Leg Sweep","floor":1},{"not_picked":["Prepared","Quick Slash"],"picked":"Cloak And Dagger","floor":2},{"not_picked":["Quick Slash","Unload"],"picked":"Blur","floor":7},{"not_picked":["Dagger Throw","Poisoned Stab"],"picked":"Concentrate","floor":10},{"not_picked":["Cloak And Dagger","Flying Knee"],"picked":"Terror","floor":11},{"not_picked":["Sucker Punch","Deadly Poison","Skewer"],"picked":"SKIP","floor":12},{"not_picked":["Setup","Sucker Punch"],"picked":"Corpse Explosion","floor":14},{"not_picked":["Envenom","Corpse Explosion"],"picked":"Wraith Form v2","floor":16},{"not_picked":["Dagger Spray","Concentrate","Deflect"],"picked":"SKIP","floor":18},{"not_picked":["Riddle With Holes","Caltrops"],"picked":"Blade Dance","floor":20},{"not_picked":["Predator","Tactician"],"picked":"Infinite Blades+1","floor":21},{"not_picked":["Caltrops","Riddle With Holes+1","Backflip"],"picked":"SKIP","floor":22},{"not_picked":["Flying Knee","Underhanded Strike","Deflect"],"picked":"SKIP","floor":23},{"not_picked":["Dodge and Roll","Dagger Spray"],"picked":"Blur","floor":25},{"not_picked":["Blade Dance","Grand Finale"],"picked":"Well Laid Plans","floor":28},{"not_picked":["Expertise","Caltrops"],"picked":"Blade Dance","floor":30},{"not_picked":["All Out Attack","Underhanded Strike"],"picked":"PiercingWail","floor":31},{"not_picked":["Quick Slash"],"picked":"SKIP","floor":35},{"not_picked":["Slice"],"picked":"SKIP","floor":37},{"not_picked":[],"picked":"Panacea","floor":38},{"not_picked":["Reflex"],"picked":"SKIP","floor":40},{"not_picked":["Outmaneuver"],"picked":"SKIP","floor":41},{"not_picked":[],"picked":"Acrobatics","floor":42},{"not_picked":[],"picked":"Catalyst+1","floor":44},{"not_picked":["Predator"],"picked":"SKIP","floor":46},{"not_picked":["Flying Knee"],"picked":"SKIP","floor":48},{"not_picked":[],"picked":"Catalyst","floor":54}],"player_experience":634453,"relics_obtained":[{"floor":7,"key":"Dead Branch"},{"floor":9,"key":"Meat on the Bone"},{"floor":10,"key":"Bottled Tornado"},{"floor":23,"key":"Mummified Hand"},{"floor":26,"key":"Toy Ornithopter"},{"floor":30,"key":"The Courier"},{"floor":40,"key":"Art of War"},{"floor":42,"key":"Tingsha"},{"floor":46,"key":"Regal Pillow"},{"floor":48,"key":"Paper Crane"},{"floor":54,"key":"Kunai"}],"event_choices":[{"damage_healed":0,"gold_gain":0,"player_choice":"Success","damage_taken":11,"relics_obtained":["Bag of Marbles"],"max_hp_gain":0,"max_hp_loss":0,"event_name":"Scrap Ooze","floor":3,"gold_loss":0},{"damage_healed":0,"gold_gain":0,"player_choice":"Bought 0 Potions","damage_taken":0,"max_hp_gain":0,"max_hp_loss":0,"event_name":"The Woman in Blue","floor":4,"gold_loss":0},{"cards_removed":["Riddle With Holes"],"damage_healed":0,"gold_gain":0,"player_choice":"Purged","damage_taken":0,"max_hp_gain":0,"max_hp_loss":0,"event_name":"Purifier","floor":19,"gold_loss":0},{"damage_healed":0,"gold_gain":0,"player_choice":"Ignored","damage_taken":0,"max_hp_gain":0,"max_hp_loss":0,"event_name":"The Mausoleum","floor":29,"gold_loss":0},{"damage_healed":0,"gold_gain":0,"player_choice":"Memory 3","damage_taken":10,"max_hp_gain":0,"max_hp_loss":0,"event_name":"SensoryStone","floor":38,"gold_loss":0},{"damage_healed":0,"gold_gain":0,"player_choice":"Paid","damage_taken":0,"relics_obtained":["Red Mask"],"max_hp_gain":0,"max_hp_loss":0,"event_name":"Tomb of Lord Red Mask","floor":39,"gold_loss":15},{"damage_healed":0,"gold_gain":0,"player_choice":"Copied","damage_taken":0,"max_hp_gain":0,"max_hp_loss":0,"event_name":"Duplicator","floor":45,"gold_loss":0,"cards_obtained":["Wraith Form v2"]}],"is_beta":false,"boss_relics":[{"not_picked":["Velvet Choker","Coffee Dripper"],"picked":"Philosopher\u0027s Stone"},{"not_picked":["Empty Cage","WristBlade"],"picked":"Busted Crown"}],"items_purged_floors":[13,24,36],"is_endless":false,"potions_floor_spawned":[1,2,7,11,14,22,25,30,31,35,40,46],"ascension_level":19}}