{"host":"s8ccp9jw4vzp58l1","time":1609157608,"event":{"mods":["BaseMod","Colored Map","Colored Powertips","Minty Spire (QoL Compilation)","Relic Stats"],"gold_per_floor":[113,125,38,57,7,7,19,19,19,37,67,77,77,110,110,215,215,233,10,10,10,26,26,44,44,69,69,82,82,82,102,102,205,205,221,221,232,232,85,85,85,85,112,128,178,138,138,156,156,156],"floor_reached":51,"playtime":11467,"items_purged":["Finisher"],"score":657,"play_id":"967150f6-7b28-4c9a-941b-b01b0617cc60","local_time":"20201228061328","is_ascension_mode":false,"campfire_choices":[{"data":"Discovery","floor":6,"key":"SMITH"},{"floor":15,"key":"REST"},{"data":"Distraction","floor":23,"key":"SMITH"},{"data":"Backflip","floor":25,"key":"SMITH"},{"floor":27,"key":"REST"},{"floor":32,"key":"REST"},{"floor":40,"key":"REST"},{"data":"After Image","floor":42,"key":"SMITH"},{"data":"Quick Slash","floor":47,"key":"SMITH"},{"floor":49,"key":"REST"}],"circlet_count":0,"master_deck":["Strike_G+1","Strike_G+1","Strike_G+1","Defend_G+1","Defend_G+1","Defend_G+1","Defend_G+1","Defend_G+1","Survivor","Neutralize","Heel Hook","Slice","Discovery+1","Deadly Poison","Poisoned Stab+1","Slice","Adrenaline","Sucker Punch+1","Prepared","Flying Knee","Crippling Poison+1","Reflex+1","Distraction+1","Backflip+1","All Out Attack","Outmaneuver+1","Outmaneuver","Infinite Blades+1","Outmaneuver+1","After Image+1","Slice","Deflect+1","Quick Slash+1","Acrobatics","Envenom"],"relics":["Ring of the Snake","NeowsBlessing","Paper Crane","Centennial Puzzle","Potion Belt","FossilizedHelix","SacredBark","Orrery","Regal Pillow","SlaversCollar","Toolbox","Orichalcum","Unceasing Top"],"acts_visited":["Exordium","TheCity","TheBeyond"],"potions_floor_usage":[14,14,14,16,33,35,41,50,50],"damage_taken":[{"damage":0,"enemies":"Cultist","floor":1,"turns":1},{"damage":0,"enemies":"2 Louse","floor":2,"turns":1},{"damage":0,"enemies":"Jaw Worm","floor":4,"turns":1},{"damage":12,"enemies":"2 Fungi Beasts","floor":7,"turns":5},{"damage":1,"enemies":"Exordium Wildlife","floor":10,"turns":5},{"damage":6,"enemies":"Gremlin Nob","floor":11,"turns":4},{"damage":2,"enemies":"Red Slaver","floor":12,"turns":4},{"damage":8,"enemies":"3 Sentries","floor":14,"turns":6},{"damage":23,"enemies":"Slime Boss","floor":16,"turns":11},{"damage":0,"enemies":"3 Byrds","floor":18,"turns":6},{"damage":9,"enemies":"2 Thieves","floor":22,"turns":4},{"damage":4,"enemies":"Centurion and Healer","floor":24,"turns":5},{"damage":11,"enemies":"Chosen and Byrds","floor":28,"turns":7},{"damage":0,"enemies":"Snecko","floor":31,"turns":4},{"damage":47,"enemies":"Automaton","floor":33,"turns":15},{"damage":23,"enemies":"3 Darklings","floor":35,"turns":10},{"damage":7,"enemies":"3 Shapes","floor":37,"turns":7},{"damage":0,"enemies":"Sphere and 2 Shapes","floor":41,"turns":1},{"damage":0,"enemies":"3 Darklings","floor":44,"turns":6},{"damage":3,"enemies":"Mind Bloom Boss Battle","floor":45,"turns":8},{"damage":28,"enemies":"4 Shapes","floor":48,"turns":12},{"damage":67,"enemies":"Donu and Deca","floor":50,"turns":12}],"seed_played":"8846069201645784844","potions_obtained":[{"floor":1,"key":"SteroidPotion"},{"floor":4,"key":"DuplicationPotion"},{"floor":7,"key":"SpeedPotion"},{"floor":10,"key":"SteroidPotion"},{"floor":11,"key":"Strength Potion"},{"floor":18,"key":"SmokeBomb"},{"floor":31,"key":"Regen Potion"},{"floor":33,"key":"Explosive Potion"},{"floor":44,"key":"PowerPotion"},{"floor":48,"key":"Block Potion"}],"is_trial":false,"path_per_floor":["M","M","$","M","?","R","M","?","T","M","E","M","?","E","R","B",null,"M","$","?","?","M","R","M","R","T","R","M","?","?","M","R","B",null,"M","?","M","?","$","R","M","R","T","M","?","?","R","M","R","B",null],"character_chosen":"THE_SILENT","items_purchased":["Discovery","Orrery","Toolbox"],"campfire_rested":5,"item_purchase_floors":[3,19,39],"current_hp_per_floor":[70,70,70,70,70,70,58,58,58,57,51,49,49,41,62,39,70,70,70,70,70,61,61,57,57,57,70,59,59,59,59,70,57,70,47,47,40,40,40,70,70,70,70,70,67,67,67,39,70,3],"gold":156,"neow_bonus":"THREE_ENEMY_KILL","is_daily":false,"chose_seed":false,"campfire_upgraded":5,"win_rate":0.0,"timestamp":1609157608,"path_taken":["M","M","$","M","?","R","M","?","T","M","E","?","?","E","R","BOSS","M","$","?","?","?","R","M","R","T","R","M","?","?","?","R","BOSS","M","?","?","?","?","R","?","R","T","M","?","?","R","?","R","BOSS"],"items_purchased_type":["Card","Relic","Relic"],"build_version":"2020-12-22","purchased_purges":1,"victory":true,"max_hp_per_floor":[70,70,70,70,70,70,70,70,70,70,70,70,70,70,70,70,70,70,70,70,70,70,70,70,70,70,70,70,70,70,70,70,70,70,70,70,70,70,70,70,70,70,70,70,70,70,70,70,70,70],"relic_stats":{"Centennial Puzzle":[42],"Regal Pillow":19,"counters":[22,135],"Orichalcum":[6],"obtain_stats":[{"Potion Belt":11,"Regal Pillow":26,"NeowsBlessing":0,"SacredBark":17,"Paper Crane":8,"Orichalcum":43,"SlaversCollar":34,"Centennial Puzzle":9,"Orrery":19,"Toolbox":39,"FossilizedHelix":14,"Unceasing Top":45,"Ring of the Snake":0},{"Potion Belt":6,"Regal Pillow":12,"NeowsBlessing":0,"SacredBark":9,"Paper Crane":4,"Orichalcum":18,"SlaversCollar":15,"Centennial Puzzle":4,"Orrery":10,"Toolbox":17,"FossilizedHelix":8,"Unceasing Top":20,"Ring of the Snake":0},{"Potion Belt":17,"Regal Pillow":53,"NeowsBlessing":0,"SacredBark":38,"Paper Crane":8,"Orichalcum":97,"SlaversCollar":79,"Centennial Puzzle":8,"Orrery":44,"Toolbox":96,"FossilizedHelix":27,"Unceasing Top":111,"Ring of the Snake":0}],"Unceasing Top":[9],"Ring of the Snake":[44]},"card_choices":[{"not_picked":["Bouncing Flask","Deadly Poison"],"picked":"Heel Hook","floor":1},{"not_picked":["Crippling Poison","Choke"],"picked":"Slice","floor":2},{"not_picked":["PiercingWail","Sucker Punch"],"picked":"Deadly Poison","floor":4},{"not_picked":["Underhanded Strike","Prepared"],"picked":"Poisoned Stab","floor":7},{"not_picked":["Envenom","Dagger Throw"],"picked":"Slice","floor":10},{"not_picked":["Envenom","Reflex","Skewer"],"picked":"SKIP","floor":11},{"not_picked":["Underhanded Strike","Blur"],"picked":"Finisher","floor":12},{"not_picked":["Footwork","Bouncing Flask"],"picked":"Finisher","floor":14},{"not_picked":["A Thousand Cuts","Wraith Form v2"],"picked":"Adrenaline","floor":16},{"not_picked":["Deadly Poison","Blade Dance"],"picked":"Sucker Punch+1","floor":18},{"not_picked":["All Out Attack","Dagger Spray"],"picked":"Prepared","floor":19},{"not_picked":["Underhanded Strike","Dagger Throw"],"picked":"Flying Knee","floor":19},{"not_picked":["Dodge and Roll","Blade Dance"],"picked":"Crippling Poison+1","floor":19},{"not_picked":["Poisoned Stab","Sucker Punch"],"picked":"Reflex+1","floor":19},{"not_picked":["Unload","Dodge and Roll"],"picked":"Distraction","floor":19},{"not_picked":["Quick Slash","Deflect"],"picked":"Outmaneuver+1","floor":22},{"not_picked":["Masterful Stab","Acrobatics"],"picked":"Outmaneuver","floor":24},{"not_picked":["Blade Dance","Flying Knee"],"picked":"Infinite Blades","floor":28},{"not_picked":["Deflect","Unload"],"picked":"Outmaneuver+1","floor":31},{"not_picked":["Venomology","Night Terror"],"picked":"After Image","floor":33},{"not_picked":["Underhanded Strike","PiercingWail+1"],"picked":"Slice","floor":35},{"not_picked":["Deadly Poison","Poisoned Stab"],"picked":"Deflect+1","floor":37},{"not_picked":["Bouncing Flask","Leg Sweep"],"picked":"Quick Slash","floor":44},{"not_picked":["Prepared","Backflip"],"picked":"Acrobatics","floor":45},{"not_picked":["Underhanded Strike+1","Deflect"],"picked":"Envenom","floor":48}],"player_experience":6344,"relics_obtained":[{"floor":9,"key":"Centennial Puzzle"},{"floor":11,"key":"Potion Belt"},{"floor":14,"key":"FossilizedHelix"},{"floor":26,"key":"Regal Pillow"},{"floor":43,"key":"Orichalcum"},{"floor":45,"key":"Unceasing Top"}],"event_choices":[{"cards_removed":["Strike_G"],"damage_healed":0,"gold_gain":0,"player_choice":"Card Removal","damage_taken":0,"max_hp_gain":0,"max_hp_loss":0,"event_name":"The Cleric","floor":5,"gold_loss":50},{"damage_healed":0,"gold_gain":0,"player_choice":"Gave Potion","damage_taken":0,"relics_obtained":["Paper Crane"],"max_hp_gain":0,"max_hp_loss":0,"event_name":"WeMeetAgain","floor":8,"gold_loss":0},{"damage_healed":0,"gold_gain":0,"player_choice":"Ignored","damage_taken":0,"max_hp_gain":0,"max_hp_loss":0,"event_name":"Liars Game","floor":13,"gold_loss":0},{"damage_healed":0,"gold_gain":0,"player_choice":"Read","damage_taken":0,"max_hp_gain":0,"max_hp_loss":0,"event_name":"The Library","floor":20,"gold_loss":0,"cards_obtained":["Backflip"]},{"damage_healed":0,"gold_gain":0,"cards_transformed":["Strike_G"],"player_choice":"Transformed","damage_taken":0,"max_hp_gain":0,"max_hp_loss":0,"event_name":"Transmorgrifier","floor":21,"gold_loss":0,"cards_obtained":["All Out Attack"]},{"damage_healed":0,"gold_gain":0,"player_choice":"Simplicity","damage_taken":0,"max_hp_gain":0,"max_hp_loss":0,"event_name":"Back to Basics","floor":29,"gold_loss":0,"cards_upgraded":["Strike_G","Strike_G","Strike_G","Defend_G","Defend_G","Defend_G","Defend_G","Defend_G"]},{"damage_healed":0,"gold_gain":0,"player_choice":"Upgraded","damage_taken":0,"max_hp_gain":0,"max_hp_loss":0,"event_name":"Upgrade Shrine","floor":30,"gold_loss":0,"cards_upgraded":["Infinite Blades"]},{"cards_removed":["Finisher"],"damage_healed":0,"gold_gain":0,"player_choice":"Purged","damage_taken":0,"max_hp_gain":0,"max_hp_loss":0,"event_name":"Purifier","floor":36,"gold_loss":0},{"damage_healed":0,"gold_gain":0,"player_choice":"Ignored","damage_taken":0,"max_hp_gain":0,"max_hp_loss":0,"event_name":"Mysterious Sphere","floor":38,"gold_loss":0},{"damage_healed":0,"gold_gain":0,"player_choice":"Fight","damage_taken":0,"max_hp_gain":0,"max_hp_loss":0,"event_name":"MindBloom","floor":45,"gold_loss":0},{"damage_healed":0,"gold_gain":0,"player_choice":"Upgrade","damage_taken":0,"max_hp_gain":0,"max_hp_loss":0,"event_name":"Designer","floor":46,"gold_loss":40,"cards_upgraded":["Poisoned Stab"]}],"is_beta":false,"boss_relics":[{"not_picked":["Runic Dome","Coffee Dripper"],"picked":"SacredBark"},{"not_picked":["Tiny House","Philosopher\u0027s Stone"],"picked":"SlaversCollar"}],"items_purged_floors":[19],"is_endless":false,"potions_floor_spawned":[1,4,7,10,11,18,31,33,41,44,48],"ascension_level":0}}