{"host":"agbyy69nq62afhwx","time":1609169784,"event":{"mods":["BaseMod","Colored Map","DeckTracker","Highlight Path","Keyboard Shortcuts","Minty Spire (QoL Compilation)","Quick Restart","StSLib","SuperFastMode","everything is the same but u backflip on backflip"],"gold_per_floor":[111,36,46,58,58,58,58,89,89,89,103,114,138,138,138,214,214,227,243,257,257,257],"floor_reached":21,"playtime":560,"items_purged":["Parasite"],"score":335,"play_id":"69bd9c01-feb4-4258-8660-fa47170d55fa","local_time":"20201229003624","is_ascension_mode":true,"campfire_choices":[{"data":"Deadly Poison","floor":6.0,"key":"SMITH"},{"floor":10.0,"key":"REST"},{"floor":15.0,"key":"REST"}],"circlet_count":0,"master_deck":["AscendersBane","Strike_G","Strike_G","Strike_G","Strike_G","Defend_G","Defend_G","Defend_G","Defend_G","Defend_G","Survivor","Neutralize","Poisoned Stab","Deadly Poison+1","Deadly Poison","Catalyst","Adrenaline","Escape Plan","Calculated Gamble"],"relics":["Ring of the Snake","Blue Candle","Snake Skull","Odd Mushroom","Sozu"],"acts_visited":["Exordium","TheCity"],"potions_floor_usage":[],"damage_taken":[{"damage":1.0,"enemies":"2 Louse","floor":1.0,"turns":4.0},{"damage":0.0,"enemies":"Small Slimes","floor":3.0,"turns":3.0},{"damage":2.0,"enemies":"Jaw Worm","floor":4.0,"turns":5.0},{"damage":32.0,"enemies":"3 Sentries","floor":8.0,"turns":11.0},{"damage":6.0,"enemies":"Blue Slaver","floor":11.0,"turns":3.0},{"damage":4.0,"enemies":"Large Slime","floor":12.0,"turns":6.0},{"damage":30.0,"enemies":"The Mushroom Lair","floor":13.0,"turns":6.0},{"damage":22.0,"enemies":"The Guardian","floor":16.0,"turns":8.0},{"damage":13.0,"enemies":"3 Byrds","floor":18.0,"turns":6.0},{"damage":11.0,"enemies":"Shell Parasite","floor":19.0,"turns":3.0},{"damage":25,"enemies":"3 Cultists","floor":20,"turns":6},{"damage":0,"enemies":"Cultist and Chosen","floor":21,"turns":3}],"seed_played":"7229918274993373380","potions_obtained":[{"floor":1.0,"key":"LiquidBronze"},{"floor":3.0,"key":"Strength Potion"}],"is_trial":false,"path_per_floor":["M","$","M","M","?","R","?","E","T","R","M","M","?","?","R","B",null,"M","M","M","M"],"character_chosen":"THE_SILENT","items_purchased":[],"campfire_rested":2,"item_purchase_floors":[],"current_hp_per_floor":[70,70,70,68,68,68,68,36,36,58,52,48,18,11,33,11,59,46,35,10,10,10],"gold":257,"neow_bonus":"TWENTY_PERCENT_HP_BONUS","is_daily":false,"chose_seed":false,"campfire_upgraded":1,"win_rate":0.0,"timestamp":1609169784,"path_taken":["M","$","M","M","?","R","?","E","T","R","M","M","?","?","R","BOSS","M","M","M","M"],"items_purchased_type":[],"build_version":"2020-12-22","purchased_purges":1,"victory":false,"max_hp_per_floor":[78,75,75,75,75,75,75,75,75,75,75,75,75,75,75,75,75,75,75,75,75,75],"card_choices":[{"not_picked":["Deflect","Flying Knee"],"picked":"Poisoned Stab","floor":1.0},{"not_picked":["Prepared","Caltrops"],"picked":"Deadly Poison","floor":3.0},{"not_picked":["Dagger Throw","Concentrate"],"picked":"Deadly Poison","floor":4.0},{"not_picked":["Concentrate","Doppelganger"],"picked":"Catalyst","floor":8.0},{"not_picked":["Quick Slash","PiercingWail","Masterful Stab"],"picked":"SKIP","floor":11.0},{"not_picked":["Underhanded Strike","Deflect","Heel Hook"],"picked":"SKIP","floor":12.0},{"not_picked":["Tools of the Trade","Wraith Form v2"],"picked":"Adrenaline","floor":16.0},{"not_picked":["Leg Sweep","Reflex"],"picked":"Escape Plan","floor":18.0},{"not_picked":["Deadly Poison","Sucker Punch","Acrobatics"],"picked":"SKIP","floor":19.0},{"not_picked":["Caltrops","Accuracy"],"picked":"Calculated Gamble","floor":20}],"player_experience":393916,"relics_obtained":[{"floor":8.0,"key":"Blue Candle"},{"floor":9.0,"key":"Snake Skull"},{"floor":13.0,"key":"Odd Mushroom"}],"event_choices":[{"damage_healed":0.0,"max_hp_gain":0.0,"max_hp_loss":0.0,"gold_gain":0.0,"event_name":"Shining Light","player_choice":"Ignored","floor":5.0,"gold_loss":0.0,"damage_taken":0.0},{"damage_healed":0.0,"max_hp_gain":0.0,"max_hp_loss":0.0,"gold_gain":0.0,"event_name":"The Cleric","player_choice":"Leave","floor":7.0,"gold_loss":0.0,"damage_taken":0.0},{"damage_healed":0.0,"max_hp_gain":0.0,"max_hp_loss":0.0,"gold_gain":0.0,"event_name":"Mushrooms","player_choice":"Fought Mushrooms","floor":13.0,"gold_loss":0.0,"damage_taken":0.0},{"cards_removed":["Strike_G"],"damage_healed":0.0,"max_hp_gain":0.0,"max_hp_loss":0.0,"gold_gain":0.0,"event_name":"Golden Wing","player_choice":"Card Removal","floor":14.0,"gold_loss":0.0,"damage_taken":7.0}],"is_beta":false,"boss_relics":[{"not_picked":["Snecko Eye","Black Star"],"picked":"Sozu"}],"items_purged_floors":[2],"is_endless":false,"potions_floor_spawned":[1,3,13,18,20],"killed_by":"Cultist and Chosen","ascension_level":17}}