{"host":"56ghxnzsglgdq727","time":1609133859,"event":{"mods":["AchievementEnabler","BaseMod","Minty Spire (QoL Compilation)"],"gold_per_floor":[116,41,41,51,70,70,96,96,96,127,77,77,95,109,109,204,204,214,164,176,101,101,101,128,128,128],"floor_reached":25,"playtime":633,"items_purged":["Survivor","Strike_G","Wraith Form v2"],"score":229,"play_id":"4c3fbc91-2f90-46d5-8e0d-08e7e5805c5a","local_time":"20201228003739","is_ascension_mode":false,"campfire_choices":[{"floor":6,"key":"REST"},{"floor":8,"key":"REST"},{"data":"Glass Knife","floor":12,"key":"SMITH"},{"floor":15,"key":"REST"},{"data":"Corpse Explosion","floor":23,"key":"SMITH"}],"circlet_count":0,"master_deck":["Neutralize","Glass Knife+1","Glass Knife","Distraction","Terror","Corpse Explosion+1","Heel Hook","Blade Dance","Slice","Malaise","Riddle With Holes","Dagger Throw"],"relics":["Ring of the Snake","Prayer Wheel","Pear","Smiling Mask","Pandora\u0027s Box","MealTicket"],"acts_visited":["Exordium","TheCity"],"potions_floor_usage":[7,10,16,16],"damage_taken":[{"damage":10,"enemies":"Small Slimes","floor":1,"turns":3},{"damage":0,"enemies":"Cultist","floor":4,"turns":2},{"damage":2,"enemies":"Jaw Worm","floor":5,"turns":3},{"damage":31,"enemies":"Lagavulin","floor":7,"turns":5},{"damage":28,"enemies":"3 Sentries","floor":10,"turns":9},{"damage":4,"enemies":"Blue Slaver","floor":13,"turns":2},{"damage":14,"enemies":"Lots of Slimes","floor":14,"turns":4},{"damage":49,"enemies":"The Guardian","floor":16,"turns":10},{"damage":10,"enemies":"Chosen","floor":18,"turns":2},{"damage":30,"enemies":"Spheric Guardian","floor":20,"turns":4},{"damage":27,"enemies":"Slavers","floor":24,"turns":2},{"damage":0,"enemies":"Centurion and Healer","floor":25,"turns":1}],"seed_played":"-6880624102997443251","potions_obtained":[{"floor":4,"key":"AttackPotion"},{"floor":5,"key":"EssenceOfSteel"},{"floor":7,"key":"Regen Potion"},{"floor":10,"key":"Swift Potion"},{"floor":24,"key":"Strength Potion"}],"is_trial":false,"path_per_floor":["M","$","?","M","M","R","E","R","T","E","$","R","M","M","R","B",null,"M","$","M","?","?","R","E","M"],"character_chosen":"THE_SILENT","items_purchased":[],"campfire_rested":3,"item_purchase_floors":[],"current_hp_per_floor":[39,39,39,39,37,58,27,48,58,45,45,45,41,27,51,2,80,70,70,40,40,40,40,13,13,13],"gold":128,"neow_bonus":"THREE_RARE_CARDS","is_daily":false,"chose_seed":false,"campfire_upgraded":2,"win_rate":0.0,"timestamp":1609133859,"path_taken":["M","$","?","M","M","R","E","R","T","E","$","R","?","M","R","BOSS","M","$","M","?","?","R","E","M"],"items_purchased_type":[],"build_version":"2020-12-22","purchased_purges":3,"victory":false,"max_hp_per_floor":[70,70,70,70,70,70,70,70,80,80,80,80,80,80,80,80,80,80,80,80,80,80,80,80,80,80],"card_choices":[{"not_picked":["After Image","Adrenaline"],"picked":"Glass Knife","floor":0},{"not_picked":["Dagger Throw","Backflip","Choke"],"picked":"SKIP","floor":1},{"not_picked":["Blade Dance","Leg Sweep","Outmaneuver"],"picked":"SKIP","floor":4},{"not_picked":["Quick Slash","Underhanded Strike","Backflip"],"picked":"SKIP","floor":5},{"not_picked":["Slice","Leg Sweep","Sucker Punch"],"picked":"SKIP","floor":7},{"not_picked":["Deadly Poison","Outmaneuver"],"picked":"Glass Knife","floor":10},{"not_picked":["Quick Slash","Backflip"],"picked":"Distraction","floor":13},{"not_picked":["Slice","Prepared","Cloak And Dagger"],"picked":"SKIP","floor":13},{"not_picked":["Blade Dance","Reflex"],"picked":"Terror","floor":14},{"not_picked":["Quick Slash","Flying Knee","Deadly Poison"],"picked":"SKIP","floor":14},{"not_picked":["Die Die Die","Venomology"],"picked":"Corpse Explosion","floor":16},{"not_picked":["Sucker Punch+1","Escape Plan","Backflip"],"picked":"SKIP","floor":18},{"not_picked":["Deflect","Escape Plan","Backflip+1"],"picked":"SKIP","floor":18},{"not_picked":["Acrobatics","Predator","Prepared+1"],"picked":"SKIP","floor":20},{"not_picked":["Flying Knee","Underhanded Strike","Escape Plan"],"picked":"SKIP","floor":20},{"not_picked":["Calculated Gamble","Bane+1","Underhanded Strike"],"picked":"SKIP","floor":24}],"player_experience":30966,"relics_obtained":[{"floor":7,"key":"Prayer Wheel"},{"floor":9,"key":"Pear"},{"floor":10,"key":"Smiling Mask"},{"floor":24,"key":"MealTicket"}],"event_choices":[{"cards_removed":["Defend_G"],"damage_healed":0,"gold_gain":0,"player_choice":"Purged","damage_taken":0,"max_hp_gain":0,"max_hp_loss":0,"event_name":"Purifier","floor":3,"gold_loss":0},{"cards_removed":["Predator"],"damage_healed":0,"gold_gain":0,"player_choice":"Gave Gold","damage_taken":0,"max_hp_gain":0,"max_hp_loss":0,"event_name":"Beggar","floor":21,"gold_loss":75},{"damage_healed":0,"gold_gain":0,"cards_transformed":["Predator"],"player_choice":"Transformed","damage_taken":0,"max_hp_gain":0,"max_hp_loss":0,"event_name":"Transmorgrifier","floor":22,"gold_loss":0,"cards_obtained":["Dagger Throw"]}],"is_beta":false,"boss_relics":[{"not_picked":["Black Star","Velvet Choker"],"picked":"Pandora\u0027s Box"}],"items_purged_floors":[2,11,19],"is_endless":false,"potions_floor_spawned":[4,5,7,10,24],"killed_by":"Centurion and Healer","ascension_level":0}}