{"host":"r7lw16gtaifltel5","time":1609151826,"event":{"mods":["BaseMod","Hermit","Lobotomy","Minty Spire (QoL Compilation)","Shade Mod","StSLib","The Bug Knight","The Cursed","The Gatherer","The Hierophant","The Jungle","The Runesmith","WarShipGirlsR/??á´Ò³R mod"],"gold_per_floor":[109,129,147,163,14,14,41,54,125,142,142,142,142,142,142,246,246,258,258,270,270,280,308,308,319,342,342,374,324,341,355,355,355,355],"floor_reached":33,"playtime":1830,"items_purged":["Expertise"],"score":464,"play_id":"e22d46fd-7018-44db-89b0-0b0eacf000a8","local_time":"20201228193706","daily_mods":["Draft","Heirloom"],"is_ascension_mode":false,"campfire_choices":[{"data":"Bouncing Flask","floor":6,"key":"SMITH"},{"data":"Deadly Poison","floor":12,"key":"SMITH"},{"data":"Deflect","floor":15,"key":"SMITH"},{"data":"Catalyst","floor":24,"key":"SMITH"},{"data":"Catalyst","floor":27,"key":"SMITH"},{"floor":32,"key":"REST"}],"circlet_count":0,"master_deck":["Blade Dance","Poisoned Stab","Deadly Poison","Deadly Poison","Slice","Terror","Dodge and Roll","Slice","Bouncing Flask+1","Poisoned Stab","Escape Plan","Deadly Poison","Deadly Poison+1","Blade Dance","Blade Dance","Deflect+1","Prepared","Bane","Poisoned Stab","Deadly Poison+1","Dodge and Roll","Adrenaline","Backstab","Blur","Adrenaline","Catalyst+1","theJungle:Gourd","theJungle:Gourd","theJungle:Gourd","theJungle:Gourd","theJungle:Gourd","Backflip+1","Catalyst+1","Catalyst+1","Catalyst","Prepared","Backflip+1"],"relics":["Ring of the Snake","Prayer Wheel","TwistedFunnel","Matryoshka","HollowMod:LifeEnderRelic","Question Card","Sozu","Lantern","Toy Ornithopter","Smiling Mask","Potion Belt"],"acts_visited":["Exordium","Exordium"],"potions_floor_usage":[4,10,16],"damage_taken":[{"damage":0,"enemies":"2 Louse","floor":1,"turns":1},{"damage":0,"enemies":"Small Slimes","floor":2,"turns":2},{"damage":11,"enemies":"Jaw Worm","floor":3,"turns":2},{"damage":25,"enemies":"Exordium Thugs","floor":4,"turns":3},{"damage":11,"enemies":"Lagavulin","floor":7,"turns":3},{"damage":2,"enemies":"Looter","floor":8,"turns":2},{"damage":2,"enemies":"3 Louse","floor":10,"turns":2},{"damage":11,"enemies":"The Guardian","floor":16,"turns":7},{"damage":4,"enemies":"theJungle:MUSHROOMGANG","floor":18,"turns":3},{"damage":13,"enemies":"theJungle:GiantWrat","floor":20,"turns":3},{"damage":22,"enemies":"Snake Plant","floor":22,"turns":3},{"damage":0,"enemies":"theJungle:2_Phrogs","floor":23,"turns":7},{"damage":0,"enemies":"theJungle:2_Snecko_Cultists","floor":25,"turns":2},{"damage":0,"enemies":"theJungle:MamaSnecko","floor":28,"turns":3},{"damage":0,"enemies":"theJungle:2_Flameangoes","floor":30,"turns":4},{"damage":10,"enemies":"Snake Plant","floor":31,"turns":2},{"damage":43,"enemies":"theJungle:TotemBoss","floor":33,"turns":4}],"seed_played":"1819784671512368288","potions_obtained":[{"floor":3,"key":"Regen Potion"},{"floor":7,"key":"Regen Potion"},{"floor":10,"key":"PowerPotion"}],"is_trial":true,"path_per_floor":["M","M","M","M","$","R","E","M","T","M","?","R","?","?","R","B",null,"M","?","M","?","M","E","R","M","T","R","E","$","M","M","R","B"],"character_chosen":"THE_SILENT","items_purchased":["TwistedFunnel"],"campfire_rested":1,"item_purchase_floors":[5],"current_hp_per_floor":[70,70,59,43,43,43,32,30,30,37,37,37,37,37,37,26,70,66,66,53,53,31,31,31,31,31,31,31,31,31,21,42,0,0],"gold":355,"neow_bonus":"","is_daily":false,"chose_seed":false,"campfire_upgraded":5,"win_rate":0.0,"timestamp":1609151826,"path_taken":["M","M","M","M","$","R","E","M","T","M","?","R","?","?","R","BOSS","M","?","M","?","M","E","R","M","T","R","E","$","M","M","R","BOSS"],"items_purchased_type":["Relic"],"build_version":"2020-12-22","purchased_purges":1,"victory":false,"max_hp_per_floor":[70,70,70,70,70,70,70,70,70,70,70,70,70,70,70,70,70,70,70,70,70,70,70,70,70,70,70,70,70,70,70,70,70,70],"card_choices":[{"not_picked":["Acrobatics","Tactician"],"picked":"Blade Dance","floor":0},{"not_picked":["Sucker Punch","Flying Knee"],"picked":"Poisoned Stab","floor":0},{"not_picked":["Deflect","Terror"],"picked":"Deadly Poison","floor":0},{"not_picked":["Heel Hook","Flechettes"],"picked":"Deadly Poison","floor":0},{"not_picked":["Quick Slash","Dagger Spray"],"picked":"Slice","floor":0},{"not_picked":["Accuracy","PiercingWail"],"picked":"Terror","floor":0},{"not_picked":["Heel Hook","PiercingWail"],"picked":"Dodge and Roll","floor":0},{"not_picked":["Acrobatics","Eviscerate"],"picked":"Slice","floor":0},{"not_picked":["Acrobatics","Outmaneuver"],"picked":"Bouncing Flask","floor":0},{"not_picked":["Eviscerate","Underhanded Strike"],"picked":"Expertise","floor":0},{"not_picked":["All Out Attack","Outmaneuver"],"picked":"Poisoned Stab","floor":0},{"not_picked":["Cloak And Dagger","Reflex"],"picked":"Escape Plan","floor":0},{"not_picked":["Infinite Blades","Acrobatics"],"picked":"Deadly Poison","floor":0},{"not_picked":["Outmaneuver","Quick Slash"],"picked":"Deadly Poison","floor":0},{"not_picked":["Sucker Punch","Dagger Spray"],"picked":"Blade Dance","floor":0},{"not_picked":["Outmaneuver","PiercingWail"],"picked":"Blade Dance","floor":1},{"not_picked":["Well Laid Plans","Flying Knee","Flechettes"],"picked":"SKIP","floor":1},{"not_picked":["Crippling Poison","Predator"],"picked":"Deflect","floor":2},{"not_picked":["Dodge and Roll","Sucker Punch"],"picked":"Prepared","floor":2},{"not_picked":["Flying Knee","Well Laid Plans"],"picked":"Bane","floor":3},{"not_picked":["Footwork","Dagger Throw","Bullet Time"],"picked":"SKIP","floor":3},{"not_picked":["Heel Hook","Slice","Dagger Throw"],"picked":"SKIP","floor":4},{"not_picked":["Crippling Poison","Accuracy","Underhanded Strike"],"picked":"SKIP","floor":4},{"not_picked":["Corpse Explosion","Terror"],"picked":"Poisoned Stab","floor":7},{"not_picked":["Flying Knee","Poisoned Stab","Caltrops"],"picked":"SKIP","floor":8},{"not_picked":["Setup","Dagger Throw","Distraction"],"picked":"SKIP","floor":8},{"not_picked":["Tactician","Poisoned Stab","Dagger Throw"],"picked":"Deadly Poison","floor":10},{"not_picked":["Venomology","Slice","Cloak And Dagger"],"picked":"Dodge and Roll","floor":10},{"not_picked":["Wraith Form v2","Night Terror","Bullet Time"],"picked":"Adrenaline","floor":16},{"not_picked":["Dagger Throw","Quick Slash","Terror"],"picked":"Backstab","floor":18},{"not_picked":["Crippling Poison","PiercingWail","Acrobatics"],"picked":"Blur","floor":18},{"not_picked":["Endless Agony+1","Infinite Blades","Quick Slash+1"],"picked":"Adrenaline","floor":20},{"not_picked":["Setup","Well Laid Plans","Deadly Poison"],"picked":"Catalyst+1","floor":20},{"not_picked":["Slice","Caltrops+1","Flying Knee"],"picked":"Backflip+1","floor":22},{"not_picked":["Quick Slash","Bouncing Flask","Eviscerate","Acrobatics+1"],"picked":"SKIP","floor":22},{"not_picked":["Footwork","Slice","Infinite Blades+1"],"picked":"Catalyst","floor":23},{"not_picked":["Dagger Spray+1","Predator+1","Flying Knee"],"picked":"Catalyst","floor":25},{"not_picked":["PiercingWail","Blade Dance","Masterful Stab","Flying Knee"],"picked":"SKIP","floor":25},{"not_picked":["Cloak And Dagger+1","PiercingWail","Well Laid Plans","Choke"],"picked":"SKIP","floor":28},{"not_picked":["Deflect","Poisoned Stab+1","Dagger Throw"],"picked":"Catalyst","floor":30},{"not_picked":["Unload","Predator+1","Quick Slash+1"],"picked":"Prepared","floor":30},{"not_picked":["Flying Knee","Poisoned Stab","Setup"],"picked":"Backflip+1","floor":31},{"not_picked":["Tactician","Masterful Stab","Caltrops","Flying Knee"],"picked":"SKIP","floor":31}],"player_experience":25452,"relics_obtained":[{"floor":7,"key":"Matryoshka"},{"floor":9,"key":"HollowMod:LifeEnderRelic"},{"floor":9,"key":"Question Card"},{"floor":23,"key":"Lantern"},{"floor":26,"key":"Toy Ornithopter"},{"floor":26,"key":"Smiling Mask"},{"floor":28,"key":"Potion Belt"}],"event_choices":[{"damage_healed":0,"gold_gain":0,"player_choice":"Grow","damage_taken":0,"max_hp_gain":0,"max_hp_loss":0,"event_name":"Living Wall","floor":11,"gold_loss":0,"cards_upgraded":["Deadly Poison"]},{"damage_healed":0,"gold_gain":0,"player_choice":"Ignored","damage_taken":0,"max_hp_gain":0,"max_hp_loss":0,"event_name":"Liars Game","floor":13,"gold_loss":0}],"is_beta":false,"boss_relics":[{"not_picked":["Empty Cage","SacredBark"],"picked":"Sozu"}],"items_purged_floors":[29],"is_endless":false,"potions_floor_spawned":[3,7,10,18,23,25,30],"killed_by":"theJungle:TotemBoss","ascension_level":0}}