{"host":"cvi30shpqg1ukvbr","time":1609134867,"event":{"mods":["Act Like it!","BaseMod","Better Altar","Better Match","Better Note","Better Sensory Stone","Better Skull","Better Third Choice","Conspire","GifTheSpireLib","Hubris","Infinite Spire","Minty Spire (QoL Compilation)","Relic Stats","Replay The Spire","Shop Mod","Spicy Shops","StSLib","Stuff the Spire"],"gold_per_floor":[112,131,147,164,180,209,226,226,250,280,304,341,3,13,13,114,114,134,147,147,147,163,163,197,208,208,208,55,55,68,68,68,164,164,175,193,293,309,321,352,53,78,101,118,133,133,133,133,133,133,133,133,21,48,48,48],"floor_reached":55,"playtime":3182,"items_purged":[],"score":802,"play_id":"6d6a091d-25ea-45e5-9dcd-bac5f9bc86ad","local_time":"20201228145427","is_ascension_mode":true,"campfire_choices":[{"data":"Armaments","floor":8,"key":"SMITH"},{"data":"Double Tap","floor":15,"key":"SMITH"},{"floor":23,"key":"RECALL"},{"floor":27,"key":"REST"},{"floor":32,"key":"REST"},{"floor":47,"key":"REST"},{"floor":49,"key":"REST"},{"floor":52,"key":"REST"}],"circlet_count":0,"master_deck":["Strike_R+1","Strike_R","Strike_R","Strike_R","Defend_R+1","Defend_R","Bash","Metallicize","Double Tap+1","Armaments+1","Disarm","Dual Wield","Cleave","Reaper","StuffTheSpire:Slingshot","Seeing Red+1","Hemokinesis","Disarm","conspire:Purge","Armaments+1","ReplayTheSpireMod:LeadingStrike+1","Apotheosis+1","Fire Breathing","Whirlwind+1","Power Through","Inflame+1","Inflame","Pain","Body Slam+1","infinitespire:Collect","Reaper","Twin Strike+1","infinitespire:Gouge","Body Slam+1","Flex+1","Bloodletting+1","Defy Death+1","Feel No Pain","Evolve","StuffTheSpire:Pyroclast+1","Demon Form","Berserk","Replay:Dark Deal+1","hubris:NaturalOne","conspire:Charge+1"],"relics":["Burning Blood","Blue Doll","MawBank","Gremlin Food","StrikeDummy","Paper Frog","Fusion Hammer","Lizard Tail","Replay:PocketPolymizer","StuffTheSpire:ForceGauntlet","King of Hearts","hubris:HollowSoul","Gambling Chip","Akabeko","Calipers","Bronze Scales","OrangePellets","StuffTheSpire:Expresso","hubris:Icosahedron","Bottled Lightning"],"acts_visited":["Exordium","TheCity","TheBeyond","TheEnding"],"potions_floor_usage":[12,12,25,33,33,50,55],"damage_taken":[{"damage":1,"enemies":"Jaw Worm","floor":1,"turns":5},{"damage":2,"enemies":"Small Slimes","floor":2,"turns":4},{"damage":6,"enemies":"Cultist","floor":3,"turns":4},{"damage":0,"enemies":"Large Slime","floor":4,"turns":8},{"damage":14,"enemies":"Gremlin Gang","floor":5,"turns":8},{"damage":27,"enemies":"Gremlin Nob","floor":6,"turns":5},{"damage":16,"enemies":"Red Slaver","floor":7,"turns":5},{"damage":5,"enemies":"2 Fungi Beasts","floor":10,"turns":5},{"damage":7,"enemies":"3 Louse","floor":11,"turns":3},{"damage":18,"enemies":"Lagavulin","floor":12,"turns":7},{"damage":7,"enemies":"Exordium Thugs","floor":14,"turns":4},{"damage":39,"enemies":"The Guardian","floor":16,"turns":15},{"damage":5,"enemies":"Chosen","floor":18,"turns":5},{"damage":19,"enemies":"Shell Parasite","floor":19,"turns":5},{"damage":16,"enemies":"Centurion and Healer","floor":22,"turns":7},{"damage":15,"enemies":"conspire:Head Lice","floor":24,"turns":10},{"damage":24,"enemies":"Sentry and Sphere","floor":25,"turns":4},{"damage":19,"enemies":"Snake Plant","floor":30,"turns":5},{"damage":58,"enemies":"Collector","floor":33,"turns":8},{"damage":10,"enemies":"Orb Walker","floor":35,"turns":3},{"damage":17,"enemies":"3 Darklings","floor":36,"turns":7},{"damage":22,"enemies":"infinitespire:Three Voidlings","floor":37,"turns":7},{"damage":5,"enemies":"Nightmare_Alpha","floor":37,"turns":13},{"damage":2,"enemies":"Sphere and 2 Shapes","floor":38,"turns":3},{"damage":24,"enemies":"Writhing Mass","floor":39,"turns":7},{"damage":31,"enemies":"Nemesis","floor":40,"turns":5},{"damage":98,"enemies":"Reptomancer","floor":42,"turns":9},{"damage":23,"enemies":"Transient","floor":44,"turns":5},{"damage":0,"enemies":"Sphere and 2 Shapes","floor":45,"turns":2},{"damage":45,"enemies":"hubris:GrandSnecko","floor":50,"turns":11},{"damage":79,"enemies":"Shield and Spear","floor":54,"turns":5},{"damage":26,"enemies":"The Heart","floor":55,"turns":5}],"seed_played":"-6879309397044279273","potions_obtained":[{"floor":3,"key":"ColorlessPotion"},{"floor":5,"key":"SpeedPotion"},{"floor":6,"key":"Fire Potion"},{"floor":12,"key":"Fire Potion"},{"floor":14,"key":"SkillPotion"},{"floor":22,"key":"infinitespire:BlackPotion"},{"floor":25,"key":"DuplicationPotion"},{"floor":30,"key":"FairyPotion"},{"floor":35,"key":"Elixir"},{"floor":37,"key":"BlessingOfTheForge"},{"floor":40,"key":"Venom Potion"},{"floor":42,"key":"Doom Potion"}],"is_trial":false,"path_per_floor":["M","M","M","M","M","E","M","R","T","M","M","E","$","M","R","B",null,"M","M","?","?","M","R","E","M","T","R","$","?","M","AVR","R","B",null,"M","M","?","M","M","E","$","E","T","M","M","?","R","?","R","B",null,"R","$","E","B"],"character_chosen":"IRONCLAD","items_purchased":["StrikeDummy","Paper Frog","Inflame","StuffTheSpire:ForceGauntlet","Calipers","Bronze Scales","OrangePellets","Feel No Pain","Replay:Dark Deal+1"],"campfire_rested":5,"item_purchase_floors":[13,13,28,28,41,41,41,41,53],"current_hp_per_floor":[72,72,72,72,64,43,37,37,37,46,56,56,56,55,55,30,72,72,66,66,66,61,61,52,34,34,55,55,55,42,42,63,21,72,68,63,72,72,68,60,60,12,12,15,21,21,42,42,63,47,72,72,72,35,0,0],"gold":48,"neow_bonus":"TRANSFORM_TWO_CARDS","is_daily":false,"chose_seed":false,"campfire_upgraded":2,"win_rate":0.0,"timestamp":1609134867,"path_taken":["M","M","M","M","M","E","M","R","T","M","M","E","$","M","R","BOSS","M","M","?","?","M","R","E","M","T","R","$","?","?","AVR","R","BOSS","M","M","?","M","M","E","$","E","T","M","M","?","R","?","R","BOSS","R","$","E","BOSS"],"items_purchased_type":["Relic","Relic","Card","Relic","Relic","Relic","Relic","Card","Card"],"build_version":"2020-12-22","purchased_purges":0,"victory":false,"max_hp_per_floor":[72,72,72,72,72,72,72,72,72,72,72,72,72,72,72,72,72,72,72,72,72,72,72,72,72,72,72,72,72,72,72,72,72,72,72,72,72,72,72,72,72,72,72,72,72,72,72,72,72,72,72,72,72,72,72,72],"relic_stats":{"OrangePellets":[13],"Lizard Tail":36,"counters":[32,203],"Gambling Chip":[12],"Bronze Scales":[156],"MawBank":48,"obtain_stats":[{"Gremlin Food":12,"Replay:PocketPolymizer":26,"Calipers":41,"StuffTheSpire:ForceGauntlet":28,"StuffTheSpire:Expresso":42,"Blue Doll":6,"King of Hearts":31,"hubris:HollowSoul":34,"MawBank":9,"Burning Blood":0,"Akabeko":40,"OrangePellets":41,"Lizard Tail":24,"hubris:Icosahedron":48,"Gambling Chip":37,"Bronze Scales":41,"Fusion Hammer":17,"Bottled Lightning":54,"StrikeDummy":13,"Paper Frog":13},{"Gremlin Food":10,"Replay:PocketPolymizer":17,"Calipers":26,"StuffTheSpire:ForceGauntlet":17,"StuffTheSpire:Expresso":27,"Blue Doll":6,"King of Hearts":18,"hubris:HollowSoul":19,"MawBank":7,"Burning Blood":0,"Akabeko":26,"OrangePellets":26,"Lizard Tail":16,"hubris:Icosahedron":29,"Gambling Chip":23,"Bronze Scales":26,"Fusion Hammer":12,"Bottled Lightning":31,"StrikeDummy":10,"Paper Frog":10},{"Gremlin Food":54,"Replay:PocketPolymizer":104,"Calipers":162,"StuffTheSpire:ForceGauntlet":104,"StuffTheSpire:Expresso":171,"Blue Doll":34,"King of Hearts":109,"hubris:HollowSoul":117,"MawBank":39,"Burning Blood":0,"Akabeko":162,"OrangePellets":162,"Lizard Tail":100,"hubris:Icosahedron":178,"Gambling Chip":147,"Bronze Scales":162,"Fusion Hammer":73,"Bottled Lightning":193,"StrikeDummy":54,"Paper Frog":54}],"Burning Blood":154},"card_choices":[{"not_picked":["Bloodletting","Replay:Undeath\u0027s Touch"],"picked":"Armaments","floor":1},{"not_picked":["Abandon","Run Through"],"picked":"Disarm","floor":2},{"not_picked":["StuffTheSpire:Incineration","Burning Pact"],"picked":"Dual Wield","floor":3},{"not_picked":["Sword Boomerang","Dual Wield","Thunderclap"],"picked":"SKIP","floor":4},{"not_picked":["Twin Strike","Thunderclap"],"picked":"Cleave","floor":5},{"not_picked":["Run Through","Heavy Blade"],"picked":"Reaper","floor":6},{"not_picked":["Perfected Strike","Armaments"],"picked":"StuffTheSpire:Slingshot","floor":7},{"not_picked":["hubris:ReadiedAction","Clash"],"picked":"Seeing Red","floor":10},{"not_picked":["StuffTheSpire:Pyroclast","StuffTheSpire:Slingshot"],"picked":"Hemokinesis","floor":11},{"not_picked":["Iron Wave","Eclipse"],"picked":"Disarm","floor":12},{"not_picked":["Havoc","hubris:SharpeningStone"],"picked":"Wild Strike","floor":14},{"not_picked":["Hemogenesis","StuffTheSpire:TitanForm"],"picked":"conspire:Purge","floor":16},{"not_picked":["Havoc","Bloodletting"],"picked":"Armaments+1","floor":18},{"not_picked":["hubris:ReadiedAction","Clash+1"],"picked":"ReplayTheSpireMod:LeadingStrike+1","floor":19},{"not_picked":["Warcry","StuffTheSpire:Slingshot+1"],"picked":"Fire Breathing","floor":22},{"not_picked":["Thunderclap+1","Anger+1"],"picked":"Whirlwind+1","floor":24},{"not_picked":["Cleave","Carnage"],"picked":"Power Through","floor":25},{"not_picked":["Armaments","Dropkick"],"picked":"Body Slam","floor":30},{"not_picked":["Demon Form","Offering"],"picked":"Reaper","floor":33},{"not_picked":["Perfected Strike","Thunderclap"],"picked":"Twin Strike+1","floor":35},{"not_picked":["Intimidate","Sword Boomerang+1","ReplayReversal+1"],"picked":"SKIP","floor":36},{"not_picked":["ReplayTheSpireMod:Haul","infinitespire:Execution"],"picked":"infinitespire:Gouge","floor":37},{"not_picked":["ReplayTheSpireMod:Stacked","Havoc+1"],"picked":"Body Slam+1","floor":37},{"not_picked":["Anger+1","Power Through"],"picked":"Flex+1","floor":38},{"not_picked":["StuffTheSpire:RockThrow","Clothesline+1"],"picked":"Bloodletting+1","floor":39},{"not_picked":["StuffTheSpire:RagingBull","Anger"],"picked":"Defy Death+1","floor":40},{"not_picked":["Replay:Undeath\u0027s Touch+1","hubris:CleavingFinish+1"],"picked":"Evolve","floor":42},{"not_picked":["StuffTheSpire:RockThrow+1","Wild Strike"],"picked":"StuffTheSpire:Pyroclast+1","floor":44},{"not_picked":["Dark Embrace+1","Searing Blow+1"],"picked":"Demon Form","floor":45},{"not_picked":["StuffTheSpire:RockThrow+1","Twin Strike"],"picked":"conspire:Charge+1","floor":54}],"player_experience":1777625,"relics_obtained":[{"floor":6,"key":"Blue Doll"},{"floor":9,"key":"MawBank"},{"floor":12,"key":"Gremlin Food"},{"floor":24,"key":"Lizard Tail"},{"floor":26,"key":"Replay:PocketPolymizer"},{"floor":37,"key":"Gambling Chip"},{"floor":40,"key":"Akabeko"},{"floor":42,"key":"StuffTheSpire:Expresso"},{"floor":54,"key":"Bottled Lightning"}],"event_choices":[{"cards_removed":["Normality"],"damage_healed":0,"gold_gain":0,"player_choice":"Purged","damage_taken":0,"max_hp_gain":0,"max_hp_loss":0,"event_name":"Purifier","floor":20,"gold_loss":0},{"cards_removed":["Double Tap"],"damage_healed":0,"gold_gain":0,"player_choice":"Take \u0026 Give","damage_taken":0,"max_hp_gain":0,"max_hp_loss":0,"event_name":"betterNote:BetterNote","floor":21,"gold_loss":0,"cards_obtained":["Apotheosis"]},{"damage_healed":0,"gold_gain":0,"cards_transformed":["Defend_R"],"player_choice":"Transformed","damage_taken":0,"max_hp_gain":0,"max_hp_loss":0,"event_name":"Transmorgrifier","floor":29,"gold_loss":0,"cards_obtained":["Iron Wave"]},{"cards_removed":["Wild Strike"],"damage_healed":0,"gold_gain":0,"player_choice":"Removed Attack","damage_taken":0,"max_hp_gain":0,"max_hp_loss":0,"event_name":"Falling","floor":46,"gold_loss":0}],"is_beta":false,"boss_relics":[{"not_picked":["ReplayTheSpireMod:DimensionalGlitch","Cursed Key"],"picked":"Fusion Hammer"},{"not_picked":["Snecko Heart","Velvet Choker"],"picked":"hubris:HollowSoul"}],"items_purged_floors":[],"is_endless":false,"potions_floor_spawned":[3,5,6,12,14,16,22,24,25,30,35,37,38,40,42],"killed_by":"The Heart","ascension_level":1}}