{"host":"qwv9nni2x0umspiu","time":1609141029,"event":{"mods":["BaseMod","Downfall","Minty Spire (QoL Compilation)","Replay The Spire","StSLib","The Hierophant","Wandering Minibosses"],"gold_per_floor":[112,112,127,127,127,9,9,35,35,34,60,40,56,56,65,79,79,88,88,98,84,84,84,84,84],"floor_reached":24,"playtime":801,"items_purged":["hierophant:Strike_Hierophant"],"score":524,"play_id":"aeaca258-14b0-4fac-a4b5-b5d66aaefc98","local_time":"20201227233709","is_ascension_mode":true,"campfire_choices":[{"data":"hierophant:Punish","floor":9,"key":"SMITH"},{"data":"hierophant:WrathOfGod","floor":14,"key":"SMITH"},{"floor":17,"key":"REST"}],"circlet_count":0,"master_deck":["AscendersBane","hierophant:Strike_Hierophant","hierophant:Strike_Hierophant","hierophant:Punish+1","hierophant:Defend_Hierophant+1","hierophant:Defend_Hierophant","hierophant:Defend_Hierophant","hierophant:ChurchCoffers+1","hierophant:HammerAndAnvil","hierophant:WrathOfGod+1","hierophant:SealAway+1","hierophant:Chorus","hierophant:Shelter","hierophant:Smite"],"relics":["hierophant:PropheticMaskRelic","NeowsBlessing","War Paint","Replay:Baseball","Tiny Chest","InkBottle","Philosopher\u0027s Stone","Replay:Bottled Steam"],"acts_visited":["Exordium","TheCity"],"potions_floor_usage":[18,18,21],"damage_taken":[{"damage":0,"enemies":"Small Slimes","floor":1,"turns":1},{"damage":0,"enemies":"Cultist","floor":3,"turns":1},{"damage":0,"enemies":"Gremlin Nob","floor":8,"turns":1},{"damage":34,"enemies":"Lagavulin","floor":10,"turns":5},{"damage":2,"enemies":"Jaw Worm","floor":13,"turns":2},{"damage":10,"enemies":"Blue Slaver","floor":15,"turns":1},{"damage":0,"enemies":"Gremlin Nob","floor":16,"turns":2},{"damage":51,"enemies":"Fading Forest","floor":18,"turns":13},{"damage":28,"enemies":"Shell Parasite","floor":20,"turns":2},{"damage":24,"enemies":"3 Byrds","floor":21,"turns":2},{"damage":0,"enemies":"Shelled Parasite and Fungi","floor":24,"turns":1}],"seed_played":"7372319979232184563","potions_obtained":[{"floor":3,"key":"EssenceOfSteel"},{"floor":10,"key":"Flashbang"},{"floor":12,"key":"Swift Potion"},{"floor":18,"key":"LifebloodPotion"}],"is_trial":false,"path_per_floor":["M","?","M","PTL","PTL","$","?","E","R","E","T","?","M","R","M","E","R","B",null,"M","M","?","T","M"],"character_chosen":"HIEROPHANT","items_purchased":["hierophant:SealAway+1"],"campfire_rested":1,"item_purchase_floors":[6],"current_hp_per_floor":[68,68,68,68,68,68,68,68,68,34,34,34,32,32,22,22,44,21,62,34,10,10,10,10,10],"gold":84,"neow_bonus":"THREE_ENEMY_KILL","is_daily":false,"chose_seed":false,"campfire_upgraded":2,"win_rate":0.0,"timestamp":1609141029,"path_taken":["M","?","?","PTL","PTL","$","?","E","R","E","T","?","?","R","M","E","R","BOSS","M","M","?","?","M"],"items_purchased_type":["Card"],"build_version":"2020-12-22","purchased_purges":1,"victory":false,"max_hp_per_floor":[75,75,75,75,75,75,75,75,75,75,75,75,75,75,75,75,75,75,75,75,75,75,75,75,75],"card_choices":[{"not_picked":["hierophant:MorningPrayer","hierophant:Blessing"],"picked":"hierophant:HammerAndAnvil","floor":1},{"not_picked":["hierophant:Patience","hierophant:Purify","hierophant:PassingBell"],"picked":"SKIP","floor":3},{"not_picked":["hierophant:ConvertCurrency","hierophant:Remorse","hierophant:Doomsaying"],"picked":"SKIP","floor":8},{"not_picked":["hierophant:RustyCrate","hierophant:Charity","hierophant:TollTheBells"],"picked":"SKIP","floor":10},{"not_picked":["hierophant:SealAway","hierophant:ThreeLashes"],"picked":"hierophant:Chorus","floor":13},{"not_picked":["hierophant:Doubloon","hierophant:Anathema"],"picked":"hierophant:Shelter","floor":15},{"not_picked":["hierophant:EyeForCoin","hierophant:Blessing","hierophant:RepressedViolence"],"picked":"SKIP","floor":16},{"not_picked":["hierophant:RepressedViolence","hierophant:Endure","hierophant:Purify"],"picked":"SKIP","floor":20},{"not_picked":["hierophant:DisplayOfPower","hierophant:EyeForCoin"],"picked":"hierophant:Smite","floor":21}],"player_experience":1321217,"relics_obtained":[{"floor":8,"key":"War Paint"},{"floor":10,"key":"Replay:Baseball"},{"floor":11,"key":"Tiny Chest"},{"floor":16,"key":"InkBottle"},{"floor":23,"key":"Replay:Bottled Steam"}],"event_choices":[{"damage_healed":0,"gold_gain":0,"cards_transformed":["hierophant:Defend_Hierophant"],"player_choice":"Transformed","damage_taken":0,"max_hp_gain":0,"max_hp_loss":0,"event_name":"Transmorgrifier","floor":2,"gold_loss":0,"cards_obtained":["hierophant:WrathOfGod"]},{"damage_healed":0,"gold_gain":0,"player_choice":"Bought 1 Potion","damage_taken":0,"max_hp_gain":0,"max_hp_loss":0,"event_name":"The Woman in Blue","floor":12,"gold_loss":0},{"damage_healed":0,"gold_gain":0,"player_choice":"Ignored","damage_taken":0,"max_hp_gain":0,"max_hp_loss":0,"event_name":"Vampires","floor":22,"gold_loss":0}],"is_beta":false,"boss_relics":[{"not_picked":["ChewingGum","Painkiller Herb"],"picked":"Philosopher\u0027s Stone"}],"items_purged_floors":[6],"is_endless":false,"potions_floor_spawned":[3,10,13,18],"killed_by":"Shelled Parasite and Fungi","ascension_level":20}}