{"host":"baymyijz6sxaqj5s","time":1609162595,"event":{"mods":["AchievementEnabler","BaseMod","Colored Map","Colored Powertips","DeckTracker","Highlight Path","KOR Keyword Fix","Keyboard Shortcuts","Minty Spire (QoL Compilation)","Quick Restart","StSLib","SuperFastMode"],"gold_per_floor":[119,69,69,87,87,87,87,106,131,144,144,161,176,188,188,291,341,351,351,351,361,387,387,405,320,320,320,237,251,265,279,279,380,380,394,441,456,474,486,486,116,130,130,145,162,174,174,0,0,0,0],"floor_reached":50,"playtime":2236,"items_purged":[],"score":467,"play_id":"38d76902-a1bd-4dc7-9106-74e27279420f","local_time":"20201228223635","is_ascension_mode":false,"campfire_choices":[{"data":"Zap","floor":7,"key":"SMITH"},{"data":"Redo","floor":11,"key":"SMITH"},{"data":"Darkness","floor":15,"key":"SMITH"},{"floor":23,"key":"REST"},{"data":"Redo","floor":27,"key":"SMITH"},{"floor":32,"key":"REST"},{"floor":40,"key":"REST"},{"floor":49,"key":"REST"}],"circlet_count":0,"master_deck":["Strike_B+1","Strike_B+1","Strike_B+1","Defend_B+1","Defend_B","Defend_B","Defend_B+1","Zap+1","Dualcast+1","Compile Driver","Stack","Redo+1","Coolheaded","Loop","Darkness+1","Redo+1","Double Energy+1","Cold Snap","Conserve Battery","Defragment","Steam","Electrodynamics","Biased Cognition","Auto Shields+1","Beam Cell","Ball Lightning","Capacitor","Leap+1","Leap+1"],"relics":["Cracked Core","Matryoshka","Art of War","MealTicket","Tiny House","Nilry\u0027s Codex","HornCleat","Tiny Chest","Bag of Preparation","Regal Pillow","Philosopher\u0027s Stone","Unceasing Top","War Paint","Whetstone","Toxic Egg 2","Pantograph","Red Mask"],"acts_visited":["Exordium","TheCity","TheBeyond"],"potions_floor_usage":[10,16,21,21,31,33,33,36,37,44,50,50,50],"damage_taken":[{"damage":5,"enemies":"Small Slimes","floor":1,"turns":3},{"damage":0,"enemies":"2 Louse","floor":4,"turns":2},{"damage":1,"enemies":"Cultist","floor":8,"turns":3},{"damage":2,"enemies":"Exordium Thugs","floor":10,"turns":3},{"damage":0,"enemies":"Large Slime","floor":12,"turns":5},{"damage":4,"enemies":"2 Fungi Beasts","floor":13,"turns":3},{"damage":5,"enemies":"Blue Slaver","floor":14,"turns":4},{"damage":20,"enemies":"Slime Boss","floor":16,"turns":9},{"damage":27,"enemies":"3 Byrds","floor":18,"turns":6},{"damage":18,"enemies":"2 Thieves","floor":21,"turns":4},{"damage":14,"enemies":"Shelled Parasite and Fungi","floor":24,"turns":8},{"damage":0,"enemies":"Cultist and Chosen","floor":29,"turns":4},{"damage":20,"enemies":"Snake Plant","floor":30,"turns":5},{"damage":33,"enemies":"3 Cultists","floor":31,"turns":9},{"damage":47,"enemies":"Collector","floor":33,"turns":11},{"damage":8,"enemies":"Orb Walker","floor":35,"turns":5},{"damage":34,"enemies":"2 Orb Walkers","floor":36,"turns":4},{"damage":1,"enemies":"3 Darklings","floor":37,"turns":3},{"damage":0,"enemies":"4 Shapes","floor":38,"turns":5},{"damage":31,"enemies":"Maw","floor":39,"turns":9},{"damage":2,"enemies":"Spire Growth","floor":42,"turns":4},{"damage":10,"enemies":"Jaw Worm Horde","floor":44,"turns":3},{"damage":13,"enemies":"Maw","floor":45,"turns":7},{"damage":24,"enemies":"Transient","floor":46,"turns":5},{"damage":108,"enemies":"Awakened One","floor":50,"turns":10}],"seed_played":"3315235191908582958","potions_obtained":[{"floor":4,"key":"SteroidPotion"},{"floor":8,"key":"Fire Potion"},{"floor":13,"key":"DistilledChaos"},{"floor":14,"key":"Ancient Potion"},{"floor":17,"key":"Fire Potion"},{"floor":24,"key":"Energy Potion"},{"floor":30,"key":"Dexterity Potion"},{"floor":33,"key":"PowerPotion"},{"floor":35,"key":"PowerPotion"},{"floor":36,"key":"SpeedPotion"},{"floor":39,"key":"FearPotion"},{"floor":46,"key":"Explosive Potion"}],"is_trial":false,"path_per_floor":["M","?","?","M","T","?","R","M","T","M","R","M","M","M","R","B",null,"M","?","?","M","T","R","M","?","T","R","$","M","M","M","R","B",null,"M","?","M","M","M","R","$","M","T","M","M","M","T","?","R","B"],"character_chosen":"DEFECT","items_purchased":["Conserve Battery","Defragment","War Paint","Whetstone","Block Potion","Ball Lightning"],"campfire_rested":4,"item_purchase_floors":[28,28,41,41,41,41],"current_hp_per_floor":[77,77,77,77,77,82,82,81,81,79,79,79,75,70,70,50,92,65,92,76,58,58,85,71,71,71,71,86,86,66,33,75,28,92,84,50,49,49,18,60,75,73,73,63,50,26,26,26,68,0,0],"gold":0,"neow_bonus":"TEN_PERCENT_HP_BONUS","is_daily":false,"chose_seed":false,"campfire_upgraded":4,"win_rate":0.0,"timestamp":1609162595,"path_taken":["M","?","?","?","?","?","R","M","T","M","R","M","M","M","R","BOSS","M","?","?","M","?","R","M","?","T","R","$","M","?","M","R","BOSS","M","?","M","M","M","R","$","M","T","M","M","M","?","?","R","BOSS"],"items_purchased_type":["Card","Card","Relic","Relic","Potion","Card"],"build_version":"2020-12-22","purchased_purges":0,"victory":false,"max_hp_per_floor":[82,82,82,82,82,87,87,87,87,87,87,87,87,87,87,87,92,92,92,92,92,92,92,92,92,92,92,92,92,92,92,92,92,92,92,92,92,92,92,92,92,92,92,92,92,92,92,92,92,92,92],"card_choices":[{"not_picked":["Steam","Skim"],"picked":"Compile Driver","floor":1},{"not_picked":["Streamline","Turbo"],"picked":"Stack","floor":4},{"not_picked":["Scrape","Barrage","White Noise"],"picked":"SKIP","floor":8},{"not_picked":["Conserve Battery","Streamline"],"picked":"Redo","floor":10},{"not_picked":["Rebound","FTL"],"picked":"Coolheaded","floor":12},{"not_picked":["BootSequence","Rip and Tear"],"picked":"Loop","floor":13},{"not_picked":["Glacier","Beam Cell"],"picked":"Darkness","floor":14},{"not_picked":["Barrage","Hologram"],"picked":"Redo","floor":17},{"not_picked":["Turbo","Force Field"],"picked":"Double Energy+1","floor":18},{"not_picked":["Streamline+1","Blizzard","Barrage"],"picked":"SKIP","floor":21},{"not_picked":["Go for the Eyes","Darkness+1"],"picked":"Cold Snap","floor":24},{"not_picked":["Conserve Battery+1","Coolheaded+1"],"picked":"Steam","floor":29},{"not_picked":["Consume","Turbo+1","Sunder+1"],"picked":"SKIP","floor":30},{"not_picked":["Go for the Eyes+1","Compile Driver"],"picked":"Electrodynamics","floor":31},{"not_picked":["Buffer","Amplify"],"picked":"Biased Cognition","floor":33},{"not_picked":["Compile Driver+1","Rebound","Beam Cell"],"picked":"SKIP","floor":35},{"not_picked":["Steam","Compile Driver+1","Thunder Strike"],"picked":"SKIP","floor":37},{"not_picked":["Ball Lightning","Steam+1"],"picked":"Auto Shields+1","floor":38},{"not_picked":["Gash+1","Compile Driver"],"picked":"Beam Cell","floor":39},{"not_picked":["Loop+1","Beam Cell+1","Melter+1"],"picked":"SKIP","floor":42},{"not_picked":["Loop+1","Beam Cell+1","Melter+1"],"picked":"SKIP","floor":42},{"not_picked":["Fusion+1","Sweeping Beam"],"picked":"Capacitor","floor":44},{"not_picked":["Amplify+1","Cold Snap+1"],"picked":"Leap+1","floor":45},{"not_picked":["Go for the Eyes+1","Cold Snap+1"],"picked":"Leap+1","floor":46}],"player_experience":283826,"relics_obtained":[{"floor":5,"key":"Matryoshka"},{"floor":9,"key":"Art of War"},{"floor":9,"key":"MealTicket"},{"floor":20,"key":"Nilry\u0027s Codex"},{"floor":22,"key":"HornCleat"},{"floor":22,"key":"Tiny Chest"},{"floor":26,"key":"Regal Pillow"},{"floor":36,"key":"Unceasing Top"},{"floor":43,"key":"Toxic Egg 2"},{"floor":47,"key":"Pantograph"}],"event_choices":[{"cards_removed":["Strike_B"],"damage_healed":0,"gold_gain":0,"player_choice":"Card Removal","damage_taken":0,"max_hp_gain":0,"max_hp_loss":0,"event_name":"The Cleric","floor":2,"gold_loss":50},{"damage_healed":0,"gold_gain":0,"player_choice":"Forge","damage_taken":0,"max_hp_gain":0,"max_hp_loss":0,"event_name":"Accursed Blacksmith","floor":3,"gold_loss":0,"cards_upgraded":["Dualcast"]},{"damage_healed":0,"gold_gain":0,"player_choice":"Donut","damage_taken":0,"max_hp_gain":5,"max_hp_loss":0,"event_name":"Big Fish","floor":6,"gold_loss":0},{"damage_healed":30,"gold_gain":0,"player_choice":"Heal","damage_taken":0,"max_hp_gain":0,"max_hp_loss":0,"event_name":"The Library","floor":19,"gold_loss":0},{"damage_healed":0,"gold_gain":0,"player_choice":"Obtained Book","damage_taken":16,"max_hp_gain":0,"max_hp_loss":0,"event_name":"Cursed Tome","floor":20,"gold_loss":0},{"damage_healed":0,"gold_gain":0,"player_choice":"Obtained Relic","damage_taken":0,"relics_obtained":["Bag of Preparation"],"max_hp_gain":0,"max_hp_loss":0,"event_name":"Addict","floor":25,"gold_loss":85},{"damage_healed":0,"gold_gain":0,"player_choice":"Fight","damage_taken":0,"max_hp_gain":0,"max_hp_loss":0,"event_name":"Mysterious Sphere","floor":36,"gold_loss":0},{"damage_healed":0,"gold_gain":0,"player_choice":"Paid","damage_taken":0,"relics_obtained":["Red Mask"],"max_hp_gain":0,"max_hp_loss":0,"event_name":"Tomb of Lord Red Mask","floor":48,"gold_loss":174}],"is_beta":false,"boss_relics":[{"not_picked":["Calling Bell","SacredBark"],"picked":"Tiny House"},{"not_picked":["Fusion Hammer","Cursed Key"],"picked":"Philosopher\u0027s Stone"}],"items_purged_floors":[],"is_endless":false,"potions_floor_spawned":[4,8,13,14,24,30,33,35,36,39,42,46],"killed_by":"Awakened One","ascension_level":0}}