{"host":"e9p60owc4sjzscoh","time":1609135638,"event":{"mods":["BaseMod","Downfall","Marisa????????","Minty Spire (QoL Compilation)","StSLib","The Animator","The Cursed","The Servant 0.9.4"],"gold_per_floor":[123,98,114,114,114,114,114,126,152,172,197,227,227,244,244,244,244],"floor_reached":16,"playtime":1026,"items_purged":[],"score":94,"play_id":"35b04493-9dd9-497b-acf4-8372255602c6","local_time":"20201227220718","is_ascension_mode":false,"campfire_choices":[{"floor":6,"key":"RECALL"},{"floor":15,"key":"REST"}],"circlet_count":0,"master_deck":["animator:Strike_Konosuba","animator:Defend_Konosuba","animator:Strike","animator:Strike","animator:Strike","animator:Defend","animator:Defend","animator:Defend","animator:Kazuma","animator:Aqua","animator:Scar","animator:ElricEdward","animator:Gluttony","animator:Shigure","animator:Shalltear","animator:WinryRockbell","animator:Shizu","animator:Alexander"],"relics":["animator:LivingPicture","animator:TheMissingPiece","NeowsBlessing","White Beast Statue"],"acts_visited":["Exordium"],"potions_floor_usage":[16,16],"damage_taken":[{"damage":0,"enemies":"Cultist","floor":1,"turns":2},{"damage":0,"enemies":"2 Louse","floor":3,"turns":2},{"damage":0,"enemies":"Jaw Worm","floor":8,"turns":1},{"damage":13,"enemies":"Red Slaver","floor":10,"turns":3},{"damage":11,"enemies":"3 Louse","floor":11,"turns":4},{"damage":7,"enemies":"2 Fungi Beasts","floor":12,"turns":4},{"damage":23,"enemies":"Large Slime","floor":14,"turns":7},{"damage":49,"enemies":"The Guardian","floor":16,"turns":6}],"seed_played":"-520192887754443864","potions_obtained":[{"floor":1,"key":"DuplicationPotion"},{"floor":10,"key":"Dexterity Potion"},{"floor":14,"key":"BlessingOfTheForge"}],"is_trial":false,"path_per_floor":["M","$","M","$","?","R","?","M","T","M","M","M","T","M","R","B"],"character_chosen":"THE_ANIMATOR","items_purchased":["animator:ElricEdward"],"campfire_rested":1,"item_purchase_floors":[2],"current_hp_per_floor":[66,66,67,67,67,67,67,67,67,56,47,42,42,25,45,0,0],"gold":244,"neow_bonus":"THREE_ENEMY_KILL","is_daily":false,"chose_seed":false,"campfire_upgraded":0,"win_rate":0.0,"timestamp":1609135638,"path_taken":["M","$","M","$","?","R","?","M","T","M","?","M","?","M","R","BOSS"],"items_purchased_type":["Card"],"build_version":"2020-12-22","purchased_purges":0,"victory":false,"max_hp_per_floor":[66,66,67,67,67,67,67,67,67,67,67,67,67,67,67,67,67],"card_choices":[{"not_picked":["animator:NarberalGamma","animator:Souei"],"picked":"animator:Scar","floor":1},{"not_picked":["animator:Benimaru","animator:Millim"],"picked":"animator:Gluttony","floor":3},{"not_picked":["animator:Rider","animator:Yoichi"],"picked":"animator:Shigure","floor":8},{"not_picked":["animator:Entoma","animator:Sebas"],"picked":"animator:Shalltear","floor":10},{"not_picked":["animator:Mikaela","animator:MaesHughes"],"picked":"animator:WinryRockbell","floor":11},{"not_picked":["animator:Vanir","animator:RinTohsaka"],"picked":"animator:Shizu","floor":12},{"not_picked":["animator:Vanir","animator:ElricEdward"],"picked":"animator:Alexander","floor":14}],"player_experience":22773,"relics_obtained":[{"floor":13,"key":"White Beast Statue"}],"event_choices":[{"damage_healed":0,"gold_gain":0,"player_choice":"Ignored","damage_taken":0,"max_hp_gain":0,"max_hp_loss":0,"event_name":"Golden Idol","floor":5,"gold_loss":0},{"damage_healed":0,"gold_gain":0,"player_choice":"Bought 0 Potions","damage_taken":0,"max_hp_gain":0,"max_hp_loss":0,"event_name":"The Woman in Blue","floor":7,"gold_loss":0}],"is_beta":false,"boss_relics":[],"items_purged_floors":[],"is_endless":false,"potions_floor_spawned":[1,10,14],"killed_by":"The Guardian","ascension_level":0}}