{"host":"5fasz840ryq7obdf","time":1609190283,"event":{"mods":["AchievementEnabler","BaseMod","Bestiary","Better Altar","Better Skull","Better Third Choice","BetterRewards","Block Reminder","Colored Powertips","Curses Come First","Highlight Path","Minty Spire (QoL Compilation)","Quick Restart","Rare Cards Sparkle","Relic Sorter","Relic Stats","Shop Mod","Slay-I","Spicy Shops","StSLib","SuperFastMode"],"gold_per_floor":[111,127,127,127,142,142,172,201,280,280,280,292,322,337,337,416,416,436,486,411,411,83,117,117,143,143,174,174,188,188,188,188,262,262,276,326,343,20,31,31,60,71,71,99,144,156,181,6,6,6,6],"floor_reached":50,"playtime":4208,"items_purged":["Defend_B","Strike_B"],"score":1357,"play_id":"bd5340ed-2f42-4294-9c87-9af90d3368b4","local_time":"20201228211803","is_ascension_mode":true,"campfire_choices":[{"data":"Redo","floor":6.0,"key":"SMITH"},{"data":"Dualcast","floor":10.0,"key":"SMITH"},{"data":"Buffer","floor":15.0,"key":"SMITH"},{"data":"Loop","floor":24.0,"key":"SMITH"},{"data":"Hologram","floor":30.0,"key":"SMITH"},{"floor":32.0,"key":"REST"},{"data":"Seek","floor":40,"key":"SMITH"},{"floor":46,"key":"RECALL"},{"data":"Machine Learning","floor":49,"key":"SMITH"}],"circlet_count":0,"master_deck":["AscendersBane","Strike_B","Defend_B","Defend_B+1","Zap","Dualcast+1","Loop","Self Repair","Steam","Redo+1","Darkness","Auto Shields","Cold Snap","Go for the Eyes","Seek+1","Genetic Algorithm","Self Repair","Leap","Hologram+1","Buffer+1","Machine Learning+1","Steam","Loop+1","Leap","Core Surge","Seek+1","Conserve Battery","Go for the Eyes","Hologram+1","Redo","Compile Driver","Compile Driver","Seek","Heatsinks","Rebound+1","Conserve Battery","BootSequence"],"relics":["Cracked Core","Symbiotic Virus","Anchor","Odd Mushroom","Matryoshka","Bird Faced Urn","Nuclear Battery","Orrery","War Paint","MealTicket","Letter Opener","Omamori","Akabeko","Busted Crown","Incense Burner","Sundial","MawBank","Orichalcum"],"acts_visited":["Exordium","TheCity","TheBeyond"],"potions_floor_usage":[33,33,45,45,50],"damage_taken":[{"damage":2.0,"enemies":"Small Slimes","floor":1.0,"turns":4.0},{"damage":4.0,"enemies":"Cultist","floor":2.0,"turns":3.0},{"damage":3.0,"enemies":"2 Louse","floor":5.0,"turns":3.0},{"damage":5.0,"enemies":"Lagavulin","floor":7.0,"turns":5.0},{"damage":10.0,"enemies":"The Mushroom Lair","floor":8.0,"turns":5.0},{"damage":0.0,"enemies":"2 Fungi Beasts","floor":12.0,"turns":4.0},{"damage":19.0,"enemies":"Gremlin Nob","floor":13.0,"turns":4.0},{"damage":0.0,"enemies":"Exordium Wildlife","floor":14.0,"turns":3.0},{"damage":0.0,"enemies":"Slime Boss","floor":16.0,"turns":9.0},{"damage":10.0,"enemies":"3 Byrds","floor":18.0,"turns":4.0},{"damage":55.0,"enemies":"Gremlin Leader","floor":23.0,"turns":12.0},{"damage":30.0,"enemies":"Slavers","floor":25.0,"turns":5.0},{"damage":38.0,"enemies":"Book of Stabbing","floor":27.0,"turns":6.0},{"damage":6.0,"enemies":"Spheric Guardian","floor":29.0,"turns":3.0},{"damage":8,"enemies":"Collector","floor":33,"turns":8},{"damage":3,"enemies":"3 Shapes","floor":35,"turns":5},{"damage":0,"enemies":"Orb Walker","floor":37,"turns":4},{"damage":9,"enemies":"Transient","floor":39,"turns":6},{"damage":0,"enemies":"Giant Head","floor":41,"turns":8},{"damage":15,"enemies":"4 Shapes","floor":42,"turns":5},{"damage":2,"enemies":"Writhing Mass","floor":44,"turns":5},{"damage":18,"enemies":"Reptomancer","floor":45,"turns":4},{"damage":0,"enemies":"Maw","floor":47,"turns":7},{"damage":84,"enemies":"Awakened One","floor":50,"turns":4}],"seed_played":"-4980460090454281272","potions_obtained":[{"floor":1.0,"key":"AttackPotion"},{"floor":8.0,"key":"GamblersBrew"},{"floor":13.0,"key":"Swift Potion"},{"floor":16.0,"key":"Block Potion"},{"floor":27.0,"key":"Fire Potion"},{"floor":29.0,"key":"EssenceOfSteel"},{"floor":37,"key":"FocusPotion"},{"floor":41,"key":"PowerPotion"},{"floor":47,"key":"LiquidBronze"}],"is_trial":false,"path_per_floor":["M","M","?","$","M","R","E","?","T","R","?","M","E","M","R","B",null,"M","?","?","?","$","E","R","E","T","E","?","M","R","$","R","B",null,"M","?","M","$","M","R","E","M","T","M","E","R","M","$","R","B"],"character_chosen":"DEFECT","items_purchased":["Loop","Symbiotic Virus","Self Repair","Steam","Redo","Darkness","Loop","Orrery","Incense Burner","BootSequence"],"campfire_rested":1,"item_purchase_floors":[0,0,0,0,0,0,22,22,38,48],"current_hp_per_floor":[37,40,40,40,44,44,46,50,50,50,50,64,59,61,61,71,71,71,71,71,71,71,40,40,32,32,18,18,27,27,42,63,70,71,71,71,71,71,71,71,71,71,71,71,71,71,71,71,71,0,0],"gold":6,"neow_bonus":"","is_daily":false,"chose_seed":false,"campfire_upgraded":7,"win_rate":0.0,"timestamp":1609190283,"path_taken":["M","M","?","$","?","R","E","?","T","R","?","M","E","M","R","BOSS","M","?","?","?","$","E","R","E","T","E","?","M","R","?","R","BOSS","M","?","?","?","M","R","E","M","T","M","E","R","M","$","R","BOSS"],"items_purchased_type":["Card","Relic","Card","Card","Card","Card","Card","Relic","Relic","Card"],"build_version":"2020-12-22","purchased_purges":2,"victory":false,"max_hp_per_floor":[71,71,71,71,71,71,71,71,71,71,71,71,71,71,71,71,71,71,71,71,71,71,71,71,71,71,71,71,71,71,71,71,71,71,71,71,71,71,71,71,71,71,71,71,71,71,71,71,71,71,71],"relic_stats":{"Busted Crown":16,"counters":[24,126],"Sundial":[0],"Bird Faced Urn":[85],"MealTicket":15,"Letter Opener":[327],"War Paint":["Defend_B","Hologram"],"Orichalcum":[0],"MawBank":60,"obtain_stats":[{"Lantern":0,"Gremlin Horn":0,"PreservedInsect":0,"Omamori":26,"Incense Burner":38,"Letter Opener":26,"War Paint":0,"Odd Mushroom":8,"Orichalcum":45,"MawBank":43,"Akabeko":27,"Nuclear Battery":17,"DataDisk":0,"Anchor":7,"Matryoshka":9,"Busted Crown":34,"Mummified Hand":0,"Sundial":41,"Bird Faced Urn":13,"Orrery":22,"MealTicket":25,"Cracked Core":0,"Symbiotic Virus":0},{"Lantern":0,"Gremlin Horn":0,"PreservedInsect":0,"Omamori":12,"Incense Burner":17,"Letter Opener":12,"War Paint":0,"Odd Mushroom":5,"Orichalcum":22,"MawBank":20,"Akabeko":13,"Nuclear Battery":9,"DataDisk":0,"Anchor":4,"Matryoshka":5,"Busted Crown":15,"Mummified Hand":0,"Sundial":19,"Bird Faced Urn":7,"Orrery":10,"MealTicket":12,"Cracked Core":0,"Symbiotic Virus":0},{"Lantern":0,"Gremlin Horn":0,"PreservedInsect":0,"Omamori":61,"Incense Burner":87,"Letter Opener":61,"War Paint":0,"Odd Mushroom":20,"Orichalcum":115,"MawBank":106,"Akabeko":67,"Nuclear Battery":40,"DataDisk":0,"Anchor":15,"Matryoshka":20,"Busted Crown":78,"Mummified Hand":0,"Sundial":101,"Bird Faced Urn":28,"Orrery":44,"MealTicket":61,"Cracked Core":0,"Symbiotic Virus":0}]},"card_choices":[{"not_picked":["Beam Cell","Sweeping Beam"],"picked":"Cold Snap","floor":1.0},{"not_picked":["Leap","Ball Lightning"],"picked":"Go for the Eyes","floor":2.0},{"not_picked":["Stack","Force Field"],"picked":"Genetic Algorithm","floor":5.0},{"not_picked":["Hologram","FTL"],"picked":"Self Repair","floor":7.0},{"not_picked":["Electrodynamics","Recycle"],"picked":"Leap","floor":8.0},{"not_picked":["Ball Lightning","Barrage","Stack"],"picked":"SKIP","floor":12.0},{"not_picked":["Self Repair","Go for the Eyes"],"picked":"Hologram","floor":13.0},{"not_picked":["Hologram","Barrage"],"picked":"Buffer","floor":14.0},{"not_picked":["Thunder Strike","Core Surge"],"picked":"Machine Learning","floor":16.0},{"not_picked":["Leap","Recycle"],"picked":"Steam","floor":18.0},{"not_picked":["Turbo","Steam"],"picked":"Leap","floor":22.0},{"not_picked":["Capacitor","Ball Lightning"],"picked":"Core Surge","floor":22.0},{"not_picked":["Ball Lightning","Static Discharge"],"picked":"Seek","floor":22.0},{"not_picked":["Steam","Stack"],"picked":"Conserve Battery","floor":22.0},{"not_picked":["Turbo","Barrage"],"picked":"Go for the Eyes","floor":22.0},{"not_picked":["Cold Snap","Storm","Sweeping Beam"],"picked":"SKIP","floor":23.0},{"not_picked":["Rainbow","Heatsinks+1"],"picked":"Hologram","floor":25.0},{"not_picked":["Ball Lightning","Rip and Tear"],"picked":"Redo","floor":27.0},{"not_picked":["Ball Lightning","Rebound"],"picked":"Compile Driver","floor":29.0},{"not_picked":["Biased Cognition","Electrodynamics"],"picked":"Seek","floor":33},{"not_picked":["Glacier"],"picked":"SKIP","floor":35},{"not_picked":[],"picked":"Heatsinks","floor":37},{"not_picked":[],"picked":"Rebound+1","floor":39},{"not_picked":["Recycle"],"picked":"SKIP","floor":41},{"not_picked":["Chill"],"picked":"SKIP","floor":42},{"not_picked":[],"picked":"Conserve Battery","floor":44},{"not_picked":["Chill"],"picked":"SKIP","floor":45},{"not_picked":["Storm+1"],"picked":"SKIP","floor":47}],"player_experience":1234220,"relics_obtained":[{"floor":7.0,"key":"Anchor"},{"floor":8.0,"key":"Odd Mushroom"},{"floor":9.0,"key":"Matryoshka"},{"floor":13.0,"key":"Bird Faced Urn"},{"floor":23.0,"key":"War Paint"},{"floor":25.0,"key":"MealTicket"},{"floor":26.0,"key":"Letter Opener"},{"floor":26.0,"key":"Omamori"},{"floor":27.0,"key":"Akabeko"},{"floor":41,"key":"Sundial"},{"floor":43,"key":"MawBank"},{"floor":45,"key":"Orichalcum"}],"event_choices":[{"damage_healed":0.0,"max_hp_gain":0.0,"max_hp_loss":0.0,"gold_gain":0.0,"cards_transformed":["Strike_B"],"event_name":"Transmorgrifier","player_choice":"Transformed","floor":3.0,"gold_loss":0.0,"damage_taken":0.0,"cards_obtained":["Seek"]},{"damage_healed":0.0,"max_hp_gain":0.0,"max_hp_loss":0.0,"gold_gain":0.0,"event_name":"Mushrooms","player_choice":"Fought Mushrooms","floor":8.0,"gold_loss":0.0,"damage_taken":0.0},{"damage_healed":0.0,"max_hp_gain":0.0,"max_hp_loss":0.0,"gold_gain":0.0,"event_name":"Living Wall","player_choice":"Grow","floor":11.0,"gold_loss":0.0,"damage_taken":0.0,"cards_upgraded":["Seek"]},{"damage_healed":0.0,"max_hp_gain":0.0,"max_hp_loss":0.0,"gold_gain":50.0,"event_name":"betterThird:BetterNest","player_choice":"Steal","floor":19.0,"gold_loss":0.0,"damage_taken":0.0},{"cards_removed":["Strike_B"],"damage_healed":0.0,"max_hp_gain":0.0,"max_hp_loss":0.0,"gold_gain":0.0,"event_name":"Beggar","player_choice":"Gave Gold","floor":20.0,"gold_loss":75.0,"damage_taken":0.0},{"damage_healed":0.0,"max_hp_gain":0.0,"max_hp_loss":0.0,"gold_gain":0.0,"event_name":"Vampires","player_choice":"Ignored","floor":21.0,"gold_loss":0.0,"damage_taken":0.0},{"damage_healed":0.0,"max_hp_gain":0.0,"max_hp_loss":0.0,"gold_gain":0.0,"event_name":"The Library","player_choice":"Read","floor":28.0,"gold_loss":0.0,"damage_taken":0.0,"cards_obtained":["Compile Driver"]},{"damage_healed":0,"gold_gain":50,"player_choice":"Pray","damage_taken":0,"max_hp_gain":0,"max_hp_loss":0,"event_name":"Golden Shrine","floor":36,"gold_loss":0}],"is_beta":false,"boss_relics":[{"not_picked":["FrozenCore","Coffee Dripper"],"picked":"Nuclear Battery"},{"not_picked":["Tiny House","Velvet Choker"],"picked":"Busted Crown"}],"items_purged_floors":[22,48],"is_endless":false,"potions_floor_spawned":[1,8,12,13,16,27,29,37,41,47],"killed_by":"Awakened One","ascension_level":20}}