{"host":"swaz73pp650inygv","time":1609152853,"event":{"mods":["BaseMod","BetterRewards","Minty Spire (QoL Compilation)","StSLib"],"gold_per_floor":[115,115,135,147,167,167,185,197,197,197,197,197,272,282,282,378,378,389,408,419,431,431,431,17,34,61,61,61,73,90,100,100,100,100],"floor_reached":33,"playtime":790,"items_purged":[],"score":270,"play_id":"9c2bc757-16f8-41f3-a287-2c6c8bf78cbb","local_time":"20201228035413","is_ascension_mode":false,"campfire_choices":[{"floor":6,"key":"REST"},{"data":"Anger","floor":11,"key":"SMITH"},{"data":"Anger","floor":15,"key":"SMITH"},{"data":"Anger","floor":23,"key":"SMITH"},{"floor":32,"key":"REST"}],"circlet_count":0,"master_deck":["Strike_R","Strike_R","Strike_R+1","Strike_R","Defend_R+1","Defend_R","Defend_R","Defend_R","Bash","Anger+1","Pommel Strike","Iron Wave","Anger+1","Anger+1","Heavy Blade+1","Reaper","Carnage+1","Anger+1","Thunderclap+1","Anger","Anger+1"],"relics":["Burning Blood","HornCleat","Sozu","Lee\u0027s Waffle","Meat on the Bone","Blood Vial"],"acts_visited":["Exordium","TheCity"],"potions_floor_usage":[16,33,33],"damage_taken":[{"damage":5,"enemies":"Jaw Worm","floor":1,"turns":5},{"damage":7,"enemies":"Small Slimes","floor":3,"turns":4},{"damage":2,"enemies":"2 Louse","floor":4,"turns":3},{"damage":8,"enemies":"2 Fungi Beasts","floor":5,"turns":3},{"damage":19,"enemies":"Exordium Thugs","floor":7,"turns":4},{"damage":0,"enemies":"Looter","floor":8,"turns":3},{"damage":0,"enemies":"2 Fungi Beasts","floor":14,"turns":3},{"damage":41,"enemies":"Slime Boss","floor":16,"turns":9},{"damage":16,"enemies":"Shell Parasite","floor":18,"turns":6},{"damage":14,"enemies":"Chosen","floor":19,"turns":5},{"damage":20,"enemies":"Snecko","floor":20,"turns":5},{"damage":16,"enemies":"Chosen and Byrds","floor":21,"turns":5},{"damage":31,"enemies":"Centurion and Healer","floor":25,"turns":4},{"damage":21,"enemies":"Snake Plant","floor":29,"turns":2},{"damage":23,"enemies":"Shelled Parasite and Fungi","floor":30,"turns":4},{"damage":13,"enemies":"Chosen and Byrds","floor":31,"turns":5},{"damage":96,"enemies":"Automaton","floor":33,"turns":6}],"seed_played":"6787297038406988697","potions_obtained":[{"floor":1,"key":"Weak Potion"},{"floor":7,"key":"BlessingOfTheForge"},{"floor":8,"key":"SteroidPotion"},{"floor":16,"key":"Swift Potion"}],"is_trial":false,"path_per_floor":["M","?","M","M","M","R","M","M","T","?","R","?","?","M","R","B",null,"M","M","M","M","?","R","$","M","T","$","?","M","M","M","R","B"],"character_chosen":"IRONCLAD","items_purchased":["Lee\u0027s Waffle","Meat on the Bone"],"campfire_rested":2,"item_purchase_floors":[24,24],"current_hp_per_floor":[80,64,63,67,65,80,67,73,73,73,73,73,62,68,68,33,80,74,70,60,54,54,54,87,62,62,62,45,44,41,54,81,0,0],"gold":100,"neow_bonus":"REMOVE_CARD","is_daily":false,"chose_seed":false,"campfire_upgraded":3,"win_rate":0.0,"timestamp":1609152853,"path_taken":["M","?","M","M","M","R","M","M","T","?","R","?","?","M","R","BOSS","M","M","M","M","?","R","?","M","T","$","?","M","M","M","R","BOSS"],"items_purchased_type":["Relic","Relic"],"build_version":"2020-12-22","purchased_purges":0,"victory":false,"max_hp_per_floor":[80,80,80,80,80,80,80,80,80,80,80,80,80,80,80,80,80,80,80,80,80,80,80,87,87,87,87,92,92,92,92,92,92,92],"card_choices":[{"not_picked":["Entrench","Body Slam"],"picked":"Anger","floor":1},{"not_picked":["Body Slam","Second Wind"],"picked":"Pommel Strike","floor":3},{"not_picked":["Warcry","Dropkick"],"picked":"Iron Wave","floor":4},{"not_picked":["Disarm","Headbutt"],"picked":"Anger","floor":5},{"not_picked":["Headbutt","Battle Trance"],"picked":"Anger","floor":7},{"not_picked":["Cleave","Flame Barrier"],"picked":"Heavy Blade","floor":8},{"not_picked":["Shrug It Off","Perfected Strike","Infernal Blade"],"picked":"SKIP","floor":14},{"not_picked":["Fiend Fire","Bludgeon"],"picked":"Reaper","floor":16},{"not_picked":["Clothesline","Warcry+1","Dropkick"],"picked":"SKIP","floor":18},{"not_picked":["Metallicize","True Grit","Clash"],"picked":"SKIP","floor":19},{"not_picked":["Pummel","Rupture"],"picked":"Carnage+1","floor":20},{"not_picked":["True Grit","Seeing Red"],"picked":"Anger","floor":21},{"not_picked":["Blood for Blood","Reckless Charge"],"picked":"Thunderclap+1","floor":25},{"not_picked":["Brutality","Thunderclap","Rampage"],"picked":"SKIP","floor":29},{"not_picked":["Iron Wave","Shrug It Off+1"],"picked":"Anger","floor":30},{"not_picked":["Body Slam","Perfected Strike"],"picked":"Anger+1","floor":31}],"player_experience":1724,"relics_obtained":[{"floor":9,"key":"HornCleat"},{"floor":26,"key":"Blood Vial"}],"event_choices":[{"damage_healed":0,"gold_gain":0,"player_choice":"Entered Light","damage_taken":16,"max_hp_gain":0,"max_hp_loss":0,"event_name":"Shining Light","floor":2,"gold_loss":0,"cards_upgraded":["Strike_R","Defend_R"]},{"damage_healed":0,"gold_gain":0,"player_choice":"Grow","damage_taken":0,"max_hp_gain":0,"max_hp_loss":0,"event_name":"Living Wall","floor":10,"gold_loss":0,"cards_upgraded":["Heavy Blade"]},{"damage_healed":0,"gold_gain":0,"player_choice":"Ignored","damage_taken":0,"max_hp_gain":0,"max_hp_loss":0,"event_name":"Golden Idol","floor":12,"gold_loss":0},{"damage_healed":0,"gold_gain":75,"player_choice":"Gather Gold","damage_taken":11,"max_hp_gain":0,"max_hp_loss":0,"event_name":"World of Goop","floor":13,"gold_loss":0},{"damage_healed":0,"gold_gain":0,"player_choice":"Upgraded","damage_taken":0,"max_hp_gain":0,"max_hp_loss":0,"event_name":"Upgrade Shrine","floor":22,"gold_loss":0,"cards_upgraded":["Anger"]},{"damage_healed":0,"gold_gain":0,"player_choice":"Shed Blood","damage_taken":22,"max_hp_gain":5,"max_hp_loss":0,"event_name":"Forgotten Altar","floor":28,"gold_loss":0}],"is_beta":false,"boss_relics":[{"not_picked":["Cursed Key","Velvet Choker"],"picked":"Sozu"}],"items_purged_floors":[],"is_endless":false,"potions_floor_spawned":[1,7,8,16,19,25,29],"killed_by":"Automaton","ascension_level":0}}