{"host":"dhlnk6yox2l1s6up","time":1609124950,"event":{"mods":["BaseMod","Colored Map","Highlight Path","Minty Spire (QoL Compilation)","Relic Stats","StSLib"],"gold_per_floor":[111,111,122,122,122,137,137,137,137,137,162,162,192,203,203,303,303,313,333,333,351,351,377,377,388,388,408,436,436,467,515,515,618,618,653,177,194,194,194,252,307,365,446,446,490,559,559,570,570,595,595,595,67,96,96],"floor_reached":56,"playtime":4560,"items_purged":["Defend_P","Defend_P"],"score":1781,"play_id":"82396738-3fa6-4495-9faf-488a6f1b23dd","local_time":"20201227210910","is_ascension_mode":true,"campfire_choices":[{"data":"FlurryOfBlows","floor":7,"key":"SMITH"},{"data":"WaveOfTheHand","floor":10,"key":"SMITH"},{"data":"FlyingSleeves","floor":12,"key":"SMITH"},{"data":"ClearTheMind","floor":15,"key":"SMITH"},{"data":"Meditate","floor":24,"key":"SMITH"},{"data":"Devotion","floor":29,"key":"SMITH"},{"floor":32,"key":"REST"},{"floor":44,"key":"RECALL"},{"data":"Devotion","floor":47,"key":"SMITH"},{"data":"Crescendo","floor":49,"key":"SMITH"},{"floor":52,"key":"REST"}],"circlet_count":0,"master_deck":["Defend_P+1","Defend_P+1","Eruption+1","Vigilance+1","FlurryOfBlows+1","WaveOfTheHand+1","Consecrate+1","FlyingSleeves+1","ClearTheMind+1","Halt","Meditate+1","Devotion+1","EmptyFist","Crescendo+1","Devotion+1","Bite","Bite","Bite","Prostrate","Tantrum+1","Consecrate+1","SpiritShield","Wish","Halt","Wallop","Fasting2+1","MentalFortress+1","Meditate+1","Tantrum","Adaptation","Halt"],"relics":["PureWater","War Paint","StoneCalendar","Akabeko","Prayer Wheel","Runic Pyramid","Potion Belt","Singing Bowl","Ginger","Strawberry","Busted Crown","OrangePellets","Mummified Hand","Thread and Needle","Bronze Scales","CeramicFish","Damaru","Sling","Gremlin Horn"],"acts_visited":["Exordium","TheCity","TheBeyond","TheEnding"],"potions_floor_usage":[16,40,46,48,54,55,55,55],"damage_taken":[{"damage":0,"enemies":"Jaw Worm","floor":1,"turns":6},{"damage":0,"enemies":"2 Louse","floor":3,"turns":3},{"damage":0,"enemies":"Cultist","floor":6,"turns":3},{"damage":16,"enemies":"Gremlin Nob","floor":11,"turns":3},{"damage":15,"enemies":"3 Sentries","floor":13,"turns":6},{"damage":6,"enemies":"Looter","floor":14,"turns":3},{"damage":4,"enemies":"Hexaghost","floor":16,"turns":7},{"damage":14,"enemies":"2 Thieves","floor":18,"turns":5},{"damage":1,"enemies":"3 Byrds","floor":19,"turns":5},{"damage":29,"enemies":"Snecko","floor":21,"turns":6},{"damage":16,"enemies":"Book of Stabbing","floor":23,"turns":5},{"damage":2,"enemies":"Shelled Parasite and Fungi","floor":25,"turns":4},{"damage":2,"enemies":"Centurion and Healer","floor":27,"turns":7},{"damage":0,"enemies":"Gremlin Leader","floor":28,"turns":3},{"damage":27,"enemies":"Slavers","floor":30,"turns":5},{"damage":18,"enemies":"Collector","floor":33,"turns":7},{"damage":8,"enemies":"Orb Walker","floor":35,"turns":3},{"damage":4,"enemies":"3 Shapes","floor":37,"turns":5},{"damage":17,"enemies":"Giant Head","floor":40,"turns":7},{"damage":7,"enemies":"2 Orb Walkers","floor":41,"turns":4},{"damage":0,"enemies":"Reptomancer","floor":42,"turns":6},{"damage":3,"enemies":"Writhing Mass","floor":45,"turns":6},{"damage":0,"enemies":"Giant Head","floor":46,"turns":6},{"damage":8,"enemies":"4 Shapes","floor":48,"turns":1},{"damage":55,"enemies":"Time Eater","floor":50,"turns":8},{"damage":0,"enemies":"Shield and Spear","floor":54,"turns":5},{"damage":26,"enemies":"The Heart","floor":55,"turns":6}],"seed_played":"-3080682144305662230","potions_obtained":[{"floor":3,"key":"GamblersBrew"},{"floor":11,"key":"LiquidBronze"},{"floor":14,"key":"Dexterity Potion"},{"floor":18,"key":"DuplicationPotion"},{"floor":30,"key":"LiquidBronze"},{"floor":37,"key":"Swift Potion"},{"floor":41,"key":"EssenceOfSteel"},{"floor":46,"key":"StancePotion"}],"is_trial":false,"path_per_floor":["M","?","M","?","?","M","R","?","T","R","E","R","E","M","R","B",null,"M","M","?","M","?","E","R","M","T","M","E","R","E","T","R","B",null,"M","$","M","?","?","E","?","E","T","R","M","E","R","M","R","B",null,"R","$","E","B",null],"character_chosen":"WATCHER","items_purchased":["OrangePellets","Mummified Hand","Damaru","Swift Potion","Sling","Adaptation","Halt"],"campfire_rested":2,"item_purchase_floors":[36,36,53,53,53,53,53],"current_hp_per_floor":[65,65,65,65,70,70,70,55,55,55,39,39,24,18,18,14,61,47,46,46,27,27,19,19,23,23,39,49,49,32,39,58,52,63,59,59,61,61,61,52,47,55,55,55,58,64,64,60,60,11,59,75,75,77,56],"gold":96,"neow_bonus":"RANDOM_COMMON_RELIC","is_daily":false,"chose_seed":false,"campfire_upgraded":8,"win_rate":0.0,"timestamp":1609124950,"path_taken":["M","?","M","?","?","M","R","?","T","R","E","R","E","M","R","BOSS","M","M","?","M","?","E","R","M","T","?","E","R","E","?","R","BOSS","M","$","M","?","?","E","?","E","T","R","M","E","R","M","R","BOSS","R","$","E","BOSS"],"items_purchased_type":["Relic","Relic","Relic","Potion","Relic","Card","Card"],"build_version":"2020-12-22","purchased_purges":2,"victory":true,"max_hp_per_floor":[72,72,72,72,77,77,77,77,77,77,77,77,77,77,77,77,77,77,77,53,53,53,53,53,53,53,57,57,57,59,66,66,66,66,66,66,68,68,65,67,67,69,69,69,71,71,71,75,75,75,75,75,75,77,77],"relic_stats":{"Singing Bowl":20,"Gremlin Horn":[0,0],"counters":[27,135],"CeramicFish":27,"StoneCalendar":[128],"Ginger":[15],"War Paint":["Defend_P","Defend_P"],"OrangePellets":[12],"Busted Crown":26,"Mummified Hand":[35],"Bronze Scales":[138],"Prayer Wheel":10,"obtain_stats":[{"Potion Belt":23,"Singing Bowl":26,"Gremlin Horn":54,"CeramicFish":46,"Damaru":53,"StoneCalendar":9,"Thread and Needle":41,"Ginger":30,"War Paint":0,"Sling":53,"Akabeko":11,"OrangePellets":36,"Busted Crown":34,"Mummified Hand":36,"Strawberry":31,"Bronze Scales":42,"Prayer Wheel":13,"PureWater":0,"Runic Pyramid":17},{"Potion Belt":11,"Singing Bowl":12,"Gremlin Horn":26,"CeramicFish":23,"Damaru":25,"StoneCalendar":3,"Thread and Needle":20,"Ginger":15,"War Paint":0,"Sling":25,"Akabeko":4,"OrangePellets":17,"Busted Crown":16,"Mummified Hand":17,"Strawberry":15,"Bronze Scales":21,"Prayer Wheel":5,"PureWater":0,"Runic Pyramid":7},{"Potion Belt":52,"Singing Bowl":56,"Gremlin Horn":129,"CeramicFish":115,"Damaru":124,"StoneCalendar":12,"Thread and Needle":97,"Ginger":71,"War Paint":0,"Sling":124,"Akabeko":15,"OrangePellets":81,"Busted Crown":78,"Mummified Hand":81,"Strawberry":71,"Bronze Scales":103,"Prayer Wheel":21,"PureWater":0,"Runic Pyramid":31}]},"card_choices":[{"not_picked":["ClearTheMind","Protect"],"picked":"FlurryOfBlows","floor":1},{"not_picked":["CrushJoints","BowlingBash"],"picked":"WaveOfTheHand","floor":3},{"not_picked":["ThirdEye","ConjureBlade"],"picked":"Consecrate","floor":6},{"not_picked":["Swivel","Crescendo"],"picked":"FlyingSleeves","floor":11},{"not_picked":["WaveOfTheHand","Protect"],"picked":"ClearTheMind","floor":13},{"not_picked":["ThirdEye","Protect"],"picked":"Halt","floor":14},{"not_picked":["Prostrate","Alpha"],"picked":"Meditate","floor":14},{"not_picked":["Establishment","Judgement"],"picked":"Devotion","floor":16},{"not_picked":["FlurryOfBlows+1","Swivel"],"picked":"EmptyFist","floor":18},{"not_picked":["WheelKick","FlurryOfBlows","CarveReality"],"picked":"SKIP","floor":18},{"not_picked":["Protect","JustLucky"],"picked":"Crescendo","floor":19},{"not_picked":["Crescendo","WindmillStrike"],"picked":"Devotion","floor":19},{"not_picked":["Evaluate","Consecrate"],"picked":"Prostrate","floor":21},{"not_picked":["Study","EmptyFist+1","BowlingBash"],"picked":"SKIP","floor":21},{"not_picked":["Crescendo","SignatureMove"],"picked":"Tantrum+1","floor":23},{"not_picked":["Wish","Worship","Perseverance"],"picked":"SKIP","floor":25},{"not_picked":["Worship","Vengeance+1","Consecrate+1"],"picked":"SKIP","floor":25},{"not_picked":["Worship","Vengeance+1"],"picked":"Consecrate+1","floor":25},{"not_picked":["Wish","Worship","Perseverance"],"picked":"SKIP","floor":25},{"not_picked":["Swivel","CarveReality","CrushJoints"],"picked":"Singing Bowl","floor":27},{"not_picked":["ForeignInfluence","ReachHeaven","Crescendo"],"picked":"Singing Bowl","floor":27},{"not_picked":["WreathOfFlame","Prostrate"],"picked":"SpiritShield","floor":28},{"not_picked":["ThirdEye","SashWhip+1","Protect"],"picked":"Singing Bowl","floor":30},{"not_picked":["Blasphemy","Ragnarok"],"picked":"Wish","floor":33},{"not_picked":[],"picked":"Halt","floor":35},{"not_picked":[],"picked":"Wallop","floor":35},{"not_picked":[],"picked":"Fasting2+1","floor":37},{"not_picked":["JustLucky+1"],"picked":"Singing Bowl","floor":37},{"not_picked":["ReachHeaven+1"],"picked":"Singing Bowl","floor":40},{"not_picked":[],"picked":"MentalFortress+1","floor":41},{"not_picked":["SashWhip+1"],"picked":"Singing Bowl","floor":42},{"not_picked":["FollowUp"],"picked":"Singing Bowl","floor":45},{"not_picked":[],"picked":"Meditate+1","floor":45},{"not_picked":[],"picked":"Tantrum","floor":46},{"not_picked":["Protect+1"],"picked":"Singing Bowl","floor":48},{"not_picked":["Meditate+1"],"picked":"Singing Bowl","floor":48},{"not_picked":["Vengeance+1"],"picked":"Singing Bowl","floor":54}],"player_experience":5674539,"relics_obtained":[{"floor":9,"key":"StoneCalendar"},{"floor":11,"key":"Akabeko"},{"floor":13,"key":"Prayer Wheel"},{"floor":23,"key":"Potion Belt"},{"floor":26,"key":"Singing Bowl"},{"floor":30,"key":"Ginger"},{"floor":31,"key":"Strawberry"},{"floor":41,"key":"Thread and Needle"},{"floor":42,"key":"Bronze Scales"},{"floor":46,"key":"CeramicFish"},{"floor":54,"key":"Gremlin Horn"}],"event_choices":[{"damage_healed":0,"gold_gain":0,"player_choice":"Grow","damage_taken":0,"max_hp_gain":0,"max_hp_loss":0,"event_name":"Living Wall","floor":2,"gold_loss":0,"cards_upgraded":["Eruption"]},{"damage_healed":0,"gold_gain":0,"player_choice":"Ignored","damage_taken":0,"max_hp_gain":0,"max_hp_loss":0,"event_name":"Liars Game","floor":4,"gold_loss":0},{"damage_healed":0,"gold_gain":0,"player_choice":"Donut","damage_taken":0,"max_hp_gain":5,"max_hp_loss":0,"event_name":"Big Fish","floor":5,"gold_loss":0},{"damage_healed":0,"gold_gain":0,"player_choice":"Entered Light","damage_taken":15,"max_hp_gain":0,"max_hp_loss":0,"event_name":"Shining Light","floor":8,"gold_loss":0,"cards_upgraded":["Vigilance","Consecrate"]},{"damage_healed":0,"gold_gain":0,"player_choice":"Became a vampire","damage_taken":0,"max_hp_gain":0,"max_hp_loss":24,"event_name":"Vampires","floor":20,"gold_loss":0,"cards_obtained":["Bite","Bite","Bite","Bite","Bite"]},{"cards_removed":["Bite"],"damage_healed":0,"gold_gain":0,"player_choice":"Elegance","damage_taken":0,"max_hp_gain":0,"max_hp_loss":0,"event_name":"Back to Basics","floor":22,"gold_loss":0},{"cards_removed":["Bite"],"damage_healed":0,"gold_gain":0,"player_choice":"Removed Attack","damage_taken":0,"max_hp_gain":0,"max_hp_loss":0,"event_name":"Falling","floor":38,"gold_loss":0},{"damage_healed":0,"gold_gain":0,"player_choice":"Max HP","damage_taken":0,"max_hp_gain":0,"max_hp_loss":3,"event_name":"Winding Halls","floor":39,"gold_loss":0},{"damage_healed":0,"gold_gain":0,"player_choice":"Fight","damage_taken":0,"max_hp_gain":0,"max_hp_loss":0,"event_name":"Mysterious Sphere","floor":41,"gold_loss":0}],"is_beta":false,"boss_relics":[{"not_picked":["Snecko Eye","Empty Cage"],"picked":"Runic Pyramid"},{"not_picked":["Astrolabe","Coffee Dripper"],"picked":"Busted Crown"}],"items_purged_floors":[36,53],"is_endless":false,"potions_floor_spawned":[3,11,14,18,19,21,30,37,41,42,46],"ascension_level":8}}