{"host":"tr12w2fixbnujl15","time":1609198693,"event":{"mods":["2.2 Compatiblity","BaseMod","Better Skull","BetterRewards","Colored Powertips","Hubris","Infinite Spire","Jorbs\u0027s Wanderer Trilogy","Melee Mod","Minty Spire (QoL Compilation)","Quick Restart","Railgun Mod","Replay The Spire","StSLib","SuperFastMode","The Animator","The Dragon Tamer","The Marked","WarShipGirlsR/????R mod"],"gold_per_floor":[112,112,112,112,131,151,151,151],"floor_reached":7,"playtime":156,"items_purged":[],"score":41,"play_id":"471a8769-dd7a-4e9f-ac91-d5e8fc7fe26e","local_time":"20201228183813","is_ascension_mode":false,"campfire_choices":[],"circlet_count":0,"master_deck":["rmod:strick","rmod:strick","rmod:strick","rmod:strick","rmod:defend","rmod:defend","rmod:defend","rmod:basicallowance+1","rmod:maingunfire","rmod:intelligenceanalysis","infinitespire:NeuralNetwork","rmod:diamondstrike","rmod:aviationdawn"],"relics":["rmod:firstchargereward","NeowsBlessing"],"acts_visited":["Exordium"],"potions_floor_usage":[7],"damage_taken":[{"damage":0,"enemies":"2 Louse","floor":1,"turns":2},{"damage":0,"enemies":"Jaw Worm","floor":5,"turns":1},{"damage":0,"enemies":"Cultist","floor":6,"turns":1},{"damage":18,"enemies":"Lagavulin","floor":7,"turns":3}],"seed_played":"-961506833414708024","potions_obtained":[{"floor":5,"key":"AttackPotion"}],"is_trial":false,"path_per_floor":["M","?","?","?","M","M","E"],"character_chosen":"PRAEFECT","items_purchased":[],"campfire_rested":0,"item_purchase_floors":[],"current_hp_per_floor":[75,75,57,57,57,57,39,39],"gold":151,"neow_bonus":"THREE_ENEMY_KILL","is_daily":false,"chose_seed":false,"campfire_upgraded":0,"win_rate":0.0,"timestamp":1609198693,"path_taken":["M","?","?","?","?","M","E"],"items_purchased_type":[],"build_version":"2020-12-22","purchased_purges":0,"victory":false,"max_hp_per_floor":[75,75,75,75,75,75,75,75],"card_choices":[{"not_picked":["rmod:ammunitionsupply","rmod:steelsupply"],"picked":"rmod:intelligenceanalysis","floor":1},{"not_picked":["infinitespire:SevenWalls","infinitespire:Menacing"],"picked":"infinitespire:NeuralNetwork","floor":3},{"not_picked":["rmod:tearstotiara","rmod:rockthrower"],"picked":"rmod:diamondstrike","floor":5},{"not_picked":["rmod:fuelsupply","rmod:unsinkable"],"picked":"rmod:aviationdawn","floor":6}],"player_experience":2863,"relics_obtained":[],"event_choices":[{"cards_removed":["rmod:defend"],"damage_healed":0,"gold_gain":0,"player_choice":"Purged","damage_taken":0,"max_hp_gain":0,"max_hp_loss":0,"event_name":"Purifier","floor":4,"gold_loss":0}],"is_beta":false,"boss_relics":[],"items_purged_floors":[],"is_endless":false,"potions_floor_spawned":[5],"killed_by":"Lagavulin","ascension_level":0}}