{"host":"51f0ad793vly1w6u","time":1609146620,"event":{"mods":["BaseMod","Colored Map","DeckTracker","Minty Spire (QoL Compilation)","StSLib","SuperFastMode"],"gold_per_floor":[14,14,31,106,125,125,138,138,165,180,74,108,143,162,162,162,162],"floor_reached":16,"playtime":291,"items_purged":["Strike_G"],"score":204,"play_id":"eb58fead-3512-4ac9-bcc3-d05ac6bd13d7","local_time":"20201228181020","is_ascension_mode":true,"campfire_choices":[{"data":"Prepared","floor":6,"key":"SMITH"},{"data":"Eviscerate","floor":8,"key":"SMITH"},{"data":"Reflex","floor":15,"key":"SMITH"}],"circlet_count":0,"master_deck":["AscendersBane","Strike_G","Strike_G","Strike_G","Defend_G","Defend_G","Defend_G","Defend_G","Survivor","Neutralize","Leg Sweep","A Thousand Cuts+1","Dagger Spray","Prepared+1","Eviscerate+1","Dagger Throw","Reflex+1","Corpse Explosion","Backflip"],"relics":["Ring of the Snake","CeramicFish","Tiny Chest","Odd Mushroom"],"acts_visited":["Exordium"],"potions_floor_usage":[12,13,16],"damage_taken":[{"damage":14,"enemies":"Jaw Worm","floor":1,"turns":6},{"damage":1,"enemies":"2 Louse","floor":3,"turns":3},{"damage":0,"enemies":"Small Slimes","floor":5,"turns":2},{"damage":0,"enemies":"Blue Slaver","floor":7,"turns":5},{"damage":8,"enemies":"Gremlin Gang","floor":10,"turns":3},{"damage":5,"enemies":"3 Sentries","floor":12,"turns":3},{"damage":0,"enemies":"The Mushroom Lair","floor":13,"turns":1},{"damage":0,"enemies":"2 Fungi Beasts","floor":14,"turns":2},{"damage":25,"enemies":"Slime Boss","floor":16,"turns":7}],"seed_played":"-5401799007539055348","potions_obtained":[{"floor":1,"key":"DistilledChaos"},{"floor":7,"key":"SmokeBomb"},{"floor":12,"key":"ColorlessPotion"},{"floor":14,"key":"Weak Potion"}],"is_trial":false,"path_per_floor":["M","?","M","?","M","R","M","R","T","M","$","E","?","M","R","B"],"character_chosen":"THE_SILENT","items_purchased":["Reflex"],"campfire_rested":0,"item_purchase_floors":[11],"current_hp_per_floor":[45,45,44,33,33,33,33,33,33,25,25,20,20,20,20,0,0],"gold":162,"neow_bonus":"TRANSFORM_TWO_CARDS","is_daily":false,"chose_seed":false,"campfire_upgraded":3,"win_rate":0.0,"timestamp":1609146620,"path_taken":["M","?","M","?","M","R","M","R","T","M","$","E","?","?","R","BOSS"],"items_purchased_type":["Card"],"build_version":"2020-12-22","purchased_purges":1,"victory":false,"max_hp_per_floor":[66,66,66,66,66,66,66,66,66,66,66,66,66,66,66,66,66],"card_choices":[{"not_picked":["Blur","Prepared"],"picked":"Dagger Spray","floor":1},{"not_picked":["Flying Knee","All Out Attack"],"picked":"Prepared","floor":3},{"not_picked":["Escape Plan","Well Laid Plans"],"picked":"Eviscerate","floor":5},{"not_picked":["Cloak And Dagger","Bane"],"picked":"Dagger Throw","floor":7},{"not_picked":["Dagger Throw","Flying Knee","Endless Agony"],"picked":"SKIP","floor":10},{"not_picked":["Dagger Spray","Masterful Stab"],"picked":"Corpse Explosion","floor":12},{"not_picked":["Quick Slash","Noxious Fumes"],"picked":"Backflip","floor":13},{"not_picked":["Prepared","Sucker Punch","Bane"],"picked":"SKIP","floor":14}],"player_experience":1377402,"relics_obtained":[{"floor":9,"key":"CeramicFish"},{"floor":12,"key":"Tiny Chest"},{"floor":13,"key":"Odd Mushroom"}],"event_choices":[{"damage_healed":0,"gold_gain":0,"player_choice":"Grow","damage_taken":0,"max_hp_gain":0,"max_hp_loss":0,"event_name":"Living Wall","floor":2,"gold_loss":0,"cards_upgraded":["A Thousand Cuts"]},{"damage_healed":0,"gold_gain":75,"player_choice":"Gather Gold","damage_taken":11,"max_hp_gain":0,"max_hp_loss":0,"event_name":"World of Goop","floor":4,"gold_loss":0},{"damage_healed":0,"gold_gain":0,"player_choice":"Fought Mushrooms","damage_taken":0,"max_hp_gain":0,"max_hp_loss":0,"event_name":"Mushrooms","floor":13,"gold_loss":0}],"is_beta":false,"boss_relics":[],"items_purged_floors":[11],"is_endless":false,"potions_floor_spawned":[1,7,12,14],"killed_by":"Slime Boss","ascension_level":20}}