{"host":"pl1fbpkom0aq337f","time":1609179083,"event":{"mods":["AchievementEnabler","BaseMod","Colored Map","Minty Spire (QoL Compilation)"],"gold_per_floor":[111,111,111,122,122,122,149,160,239,239,267,27,42,0,0,0,76,76,90,104,104,104,120,120,154,154,154,254,3,29,29,46,46,46,118,118,128,403,422,434,176,202,230,230,277,301,312,329,329,342,15,49,49,49,49,49],"floor_reached":57,"playtime":3204,"items_purged":["Strike_P","Regret"],"score":2041,"play_id":"b192489d-5f27-48e1-9945-be15881f32c2","local_time":"20201228191123","is_ascension_mode":true,"campfire_choices":[{"data":"Eruption","floor":6.0,"key":"SMITH"},{"floor":10.0,"key":"REST"},{"floor":15.0,"key":"REST"},{"data":"Wireheading","floor":16.0,"key":"SMITH"},{"floor":24.0,"key":"REST"},{"floor":26.0,"key":"REST"},{"floor":31.0,"key":"REST"},{"floor":33.0,"key":"REST"},{"floor":34.0,"key":"REST"},{"floor":44.0,"key":"REST"},{"floor":49.0,"key":"REST"},{"floor":53.0,"key":"REST"},{"floor":54.0,"key":"REST"}],"circlet_count":0,"master_deck":["AscendersBane","Strike_P","Strike_P+1","Defend_P","Defend_P","Defend_P","Defend_P","Eruption+1","Vigilance","BowlingBash","CutThroughFate","Wireheading+1","CutThroughFate+1","ReachHeaven","DevaForm","Prostrate+1","JustLucky","Fasting2+1","Pray","Protect+1","Wireheading","Brilliance","Ragnarok+1","TalkToTheHand+1","DeusExMachina","CutThroughFate+1","ThirdEye","Tantrum+1","ClearTheMind","Wallop+1","Wireheading"],"relics":["Black Star","Damaru","Torii","StrikeDummy","Mummified Hand","Vajra","Whetstone","Fusion Hammer","Dream Catcher","Tiny Chest","MealTicket","Pocketwatch","Mercury Hourglass","Molten Egg 2","Bottled Lightning","Sozu","Happy Flower","Centennial Puzzle","Bag of Marbles","The Courier","Mango","Omamori","FossilizedHelix","Blood Vial","Akabeko"],"acts_visited":["Exordium","TheCity","TheBeyond"],"potions_floor_usage":[56],"damage_taken":[{"damage":13.0,"enemies":"Small Slimes","floor":1.0,"turns":5.0},{"damage":0.0,"enemies":"2 Louse","floor":4.0,"turns":4.0},{"damage":35.0,"enemies":"3 Sentries","floor":7.0,"turns":7.0},{"damage":2.0,"enemies":"Cultist","floor":8.0,"turns":4.0},{"damage":27.0,"enemies":"Lagavulin","floor":11.0,"turns":5.0},{"damage":1.0,"enemies":"Blue Slaver","floor":13.0,"turns":2.0},{"damage":1.0,"enemies":"Hexaghost","floor":17.0,"turns":7.0},{"damage":37.0,"enemies":"Shell Parasite","floor":19.0,"turns":4.0},{"damage":0.0,"enemies":"Chosen","floor":20.0,"turns":3.0},{"damage":8.0,"enemies":"Centurion and Healer","floor":23.0,"turns":4.0},{"damage":29.0,"enemies":"Book of Stabbing","floor":25.0,"turns":4.0},{"damage":1.0,"enemies":"Colosseum Slavers","floor":28.0,"turns":3.0},{"damage":17.0,"enemies":"Colosseum Nobs","floor":28.0,"turns":3.0},{"damage":9.0,"enemies":"Gremlin Leader","floor":30.0,"turns":4.0},{"damage":0.0,"enemies":"Snake Plant","floor":32.0,"turns":1.0},{"damage":36.0,"enemies":"Collector","floor":35.0,"turns":5.0},{"damage":0.0,"enemies":"Orb Walker","floor":37.0,"turns":3.0},{"damage":31.0,"enemies":"3 Shapes","floor":39.0,"turns":3.0},{"damage":41.0,"enemies":"Spire Growth","floor":40.0,"turns":4.0},{"damage":7.0,"enemies":"Giant Head","floor":43.0,"turns":6.0},{"damage":10.0,"enemies":"2 Orb Walkers","floor":45.0,"turns":3.0},{"damage":21.0,"enemies":"Maw","floor":47.0,"turns":4.0},{"damage":1.0,"enemies":"3 Darklings","floor":48.0,"turns":3.0},{"damage":41.0,"enemies":"Spire Growth","floor":50.0,"turns":3.0},{"damage":14.0,"enemies":"Nemesis","floor":52.0,"turns":5.0},{"damage":15.0,"enemies":"Donu and Deca","floor":55.0,"turns":5.0},{"damage":55,"enemies":"Awakened One","floor":56,"turns":10}],"seed_played":"-4020633536672745753","potions_obtained":[{"floor":4.0,"key":"Strength Potion"},{"floor":11.0,"key":"SpeedPotion"},{"floor":13.0,"key":"PowerPotion"},{"floor":17.0,"key":"Fire Potion"},{"floor":25.0,"key":"EntropicBrew"},{"floor":30.0,"key":"CultistPotion"},{"floor":32.0,"key":"FairyPotion"}],"is_trial":false,"path_per_floor":["M","?","?","M","?","R","E","M","T","R","E","$","M","?","R","R","B",null,"M","M","?","$","M","R","E","R","T","?","$","E","R","M","R","R","B",null,"M","?","M","M","$","T","E","R","?","T","M","M","R","M","$","E","R","R","B","B",null],"character_chosen":"WATCHER","items_purchased":["Whetstone","Wireheading","Brilliance","Block Potion","Happy Flower","Wallop+1","FossilizedHelix"],"campfire_rested":11,"item_purchase_floors":[12,29,29,29,41,51,51],"current_hp_per_floor":[48,53,53,53,53,53,18,16,16,37,10,10,9,9,30,30,29,62,25,25,25,25,17,38,9,30,30,12,27,18,39,39,60,73,37,64,64,64,33,21,36,36,29,50,54,54,33,32,58,17,32,18,44,70,57,4],"gold":49,"neow_bonus":"BOSS_RELIC","is_daily":false,"chose_seed":false,"campfire_upgraded":2,"win_rate":0.0,"timestamp":1609179083,"path_taken":["M","?","?","?","?","R","E","M","T","R","E","$","?","?","R","R","BOSS","M","M","?","?","M","R","E","R","T","?","$","E","R","M","R","R","BOSS","M","?","?","M","$","?","E","R","?","T","M","M","R","M","$","E","R","R","BOSS","BOSS"],"items_purchased_type":["Relic","Card","Card","Potion","Relic","Card","Relic"],"build_version":"2020-12-22","purchased_purges":2,"victory":true,"max_hp_per_floor":[68,73,73,73,73,73,73,73,73,73,73,73,73,73,73,73,73,73,73,73,73,73,73,73,73,73,73,73,73,73,73,73,73,73,73,73,73,73,73,73,73,73,73,73,87,87,87,87,87,87,87,87,87,87,87,87],"card_choices":[{"not_picked":["Protect","Prostrate"],"picked":"BowlingBash","floor":1.0},{"not_picked":["Weave","DeceiveReality"],"picked":"CutThroughFate","floor":4.0},{"not_picked":["Indignation","WreathOfFlame"],"picked":"Wireheading","floor":7.0},{"not_picked":["Prostrate","SashWhip"],"picked":"CutThroughFate","floor":8.0},{"not_picked":["Halt","Crescendo"],"picked":"ReachHeaven","floor":11.0},{"not_picked":["EmptyFist","Perseverance","CarveReality"],"picked":"SKIP","floor":13.0},{"not_picked":["DeusExMachina","Scrawl"],"picked":"DevaForm","floor":17.0},{"not_picked":["InnerPeace","CutThroughFate"],"picked":"Prostrate+1","floor":19.0},{"not_picked":["CutThroughFate","Crescendo"],"picked":"JustLucky","floor":20.0},{"not_picked":["Indignation","FollowUp","BattleHymn"],"picked":"SKIP","floor":23.0},{"not_picked":["SashWhip","Crescendo"],"picked":"Fasting2+1","floor":25.0},{"not_picked":["Protect","FlyingSleeves"],"picked":"Pray","floor":26.0},{"not_picked":["Crescendo+1","FlurryOfBlows"],"picked":"Protect+1","floor":28.0},{"not_picked":["EmptyMind","InnerPeace","Evaluate"],"picked":"SKIP","floor":30.0},{"not_picked":["EmptyMind","InnerPeace","Evaluate"],"picked":"SKIP","floor":30.0},{"not_picked":["EmptyMind","InnerPeace","Evaluate"],"picked":"SKIP","floor":30.0},{"not_picked":["SashWhip+1","CrushJoints+1"],"picked":"Ragnarok+1","floor":31.0},{"not_picked":["Protect","EmptyBody","EmptyFist+1"],"picked":"SKIP","floor":32.0},{"not_picked":["Consecrate+1","WreathOfFlame"],"picked":"TalkToTheHand+1","floor":34.0},{"not_picked":["Establishment","Blasphemy"],"picked":"DeusExMachina","floor":35.0},{"not_picked":["Halt","PathToVictory"],"picked":"CutThroughFate+1","floor":37.0},{"not_picked":["CutThroughFate+1","EmptyMind","CarveReality+1"],"picked":"SKIP","floor":39.0},{"not_picked":["SashWhip+1","EmptyBody"],"picked":"ThirdEye","floor":40.0},{"not_picked":["Judgement","ReachHeaven+1"],"picked":"Tantrum+1","floor":43.0},{"not_picked":["SignatureMove+1","FollowUp+1","Swivel"],"picked":"SKIP","floor":47.0},{"not_picked":["ForeignInfluence","Consecrate+1","ClearTheMind"],"picked":"SKIP","floor":48.0},{"not_picked":["FlurryOfBlows+1","Ragnarok+1"],"picked":"ClearTheMind","floor":50.0},{"not_picked":["Indignation","PathToVictory","ReachHeaven+1"],"picked":"SKIP","floor":52.0},{"not_picked":["WheelKick+1","PathToVictory+1"],"picked":"Wireheading","floor":54.0}],"player_experience":411291,"relics_obtained":[{"floor":7.0,"key":"Damaru"},{"floor":7.0,"key":"Torii"},{"floor":9.0,"key":"StrikeDummy"},{"floor":11.0,"key":"Mummified Hand"},{"floor":11.0,"key":"Vajra"},{"floor":25.0,"key":"Dream Catcher"},{"floor":25.0,"key":"Tiny Chest"},{"floor":27.0,"key":"MealTicket"},{"floor":28.0,"key":"Pocketwatch"},{"floor":28.0,"key":"Mercury Hourglass"},{"floor":30.0,"key":"Molten Egg 2"},{"floor":30.0,"key":"Bottled Lightning"},{"floor":42.0,"key":"Centennial Puzzle"},{"floor":43.0,"key":"Bag of Marbles"},{"floor":43.0,"key":"The Courier"},{"floor":45.0,"key":"Mango"},{"floor":46.0,"key":"Omamori"},{"floor":52.0,"key":"Blood Vial"},{"floor":52.0,"key":"Akabeko"}],"event_choices":[{"damage_healed":0.0,"max_hp_gain":5.0,"max_hp_loss":0.0,"gold_gain":0.0,"event_name":"Big Fish","player_choice":"Donut","floor":2.0,"gold_loss":0.0,"damage_taken":0.0},{"damage_healed":0.0,"max_hp_gain":0.0,"max_hp_loss":0.0,"gold_gain":0.0,"event_name":"WeMeetAgain","player_choice":"Ignored","floor":3.0,"gold_loss":0.0,"damage_taken":0.0},{"damage_healed":0.0,"max_hp_gain":0.0,"max_hp_loss":0.0,"gold_gain":0.0,"event_name":"FaceTrader","player_choice":"Leave","floor":5.0,"gold_loss":0.0,"damage_taken":0.0},{"damage_healed":0.0,"max_hp_gain":0.0,"max_hp_loss":0.0,"gold_gain":0.0,"event_name":"World of Goop","player_choice":"Left Gold","floor":14.0,"gold_loss":42.0,"damage_taken":0.0},{"cards_removed":["Strike_P"],"damage_healed":0.0,"max_hp_gain":0.0,"max_hp_loss":0.0,"gold_gain":0.0,"event_name":"Bonfire Elementals","player_choice":"Offered Basic","floor":21.0,"gold_loss":0.0,"damage_taken":0.0},{"damage_healed":0.0,"max_hp_gain":0.0,"max_hp_loss":0.0,"gold_gain":0.0,"event_name":"Colosseum","player_choice":"Fight","floor":28.0,"gold_loss":0.0,"damage_taken":0.0},{"damage_healed":0.0,"max_hp_gain":0.0,"max_hp_loss":0.0,"gold_gain":0.0,"event_name":"Colosseum","player_choice":"Fought Nobs","floor":28.0,"gold_loss":0.0,"damage_taken":0.0},{"damage_healed":0.0,"max_hp_gain":0.0,"max_hp_loss":0.0,"gold_gain":275.0,"event_name":"Golden Shrine","player_choice":"Desecrate","floor":38.0,"gold_loss":0.0,"damage_taken":0.0,"cards_obtained":["Regret"]},{"damage_healed":0.0,"max_hp_gain":0.0,"max_hp_loss":0.0,"gold_gain":0.0,"event_name":"Mysterious Sphere","player_choice":"Fight","floor":45.0,"gold_loss":0.0,"damage_taken":0.0}],"is_beta":false,"boss_relics":[{"not_picked":["Empty Cage","Snecko Eye"],"picked":"Fusion Hammer"},{"not_picked":["SacredBark","Velvet Choker"],"picked":"Sozu"}],"items_purged_floors":[12,41],"is_endless":false,"potions_floor_spawned":[4,11,13,17,25,28,30,32,35,39,45,48,50,52],"ascension_level":20}}