{"host":"2nhpogk5xa0u9xre","time":1609125609,"event":{"mods":["Aspiration","BaseMod","Colored Powertips","Googly Eyes","Hubris","Infinite Spire","Minty Spire (QoL Compilation)","Rare Cards Sparkle","Replay The Spire","StSLib","The Construct","The Hayseed","The Hierophant","The Runesmith","The Senshi","everything is the same but u backflip on backflip"],"gold_per_floor":[118,128,139,152,167,200,200,213,213,246,246,26,26,42,42,144,144,159,177,177,191,201,201,212,249,249,249,268,268,281,281,281],"floor_reached":31,"playtime":2005,"items_purged":[],"score":278,"play_id":"966cc847-c05b-425c-b205-0b0816520b80","local_time":"20201227222009","is_ascension_mode":false,"campfire_choices":[{"floor":7,"key":"REST"},{"floor":13,"key":"REST"},{"floor":23,"key":"REST"},{"floor":29,"key":"REST"}],"circlet_count":0,"master_deck":["theSenshi:SailorKick","theSenshi:SailorKick","theSenshi:SailorKick","theSenshi:SailorKick","theSenshi:SailorBlock","theSenshi:SailorBlock","theSenshi:SailorBlock","theSenshi:SailorBlock","theSenshi:RoseThrow","theSenshi:MoonPrismPowerMakeUp","theSenshi:RainbowMoonHeartAche","theSenshi:SailorMarsAssists","theSenshi:TallSilhouette+1","theSenshi:YouCanTalk","theSenshi:SailorMercuryAssists","theSenshi:MoonTwilightFlash","theSenshi:MoonKick","theSenshi:SteeledNerves","ReplayTheSpireMod:Restless Dread","Delirium","infinitespire:Fortify","Sadistic Nature","theSenshi:Sidestep","theSenshi:SailorVenusAssists","theSenshi:ChibiMoonsLove","theSenshi:EncouragingSpeech+1","theSenshi:SailorPlanetAttack","hubris:EnhanceAbility","Bandage Up","Mind Blast","theSenshi:SaturnsMystery","theSenshi:LateForSchool","theSenshi:SailorMarsAssists","theSenshi:InTheNickOfTime+1","theSenshi:LateForSchool","theSenshi:SailorV+1","theSenshi:SailorMercuryAssists"],"relics":["theSenshi:TransformationBroochRelic","Replay:Arrowhead","infinitespire:EmpoweringShard","infinitespire:CursedDice","Black Star","construct:WeddingRing","ReplayTheSpireMod:ShopPack","Blood Vial","Du-Vu Doll","hubris:Towel"],"acts_visited":["Exordium","TheCity"],"potions_floor_usage":[10,10,16,21,22,28,30,31],"damage_taken":[{"damage":0,"enemies":"2 Louse","floor":1,"turns":4},{"damage":0,"enemies":"Small Slimes","floor":2,"turns":4},{"damage":2,"enemies":"Jaw Worm","floor":3,"turns":3},{"damage":9,"enemies":"Red Slaver","floor":4,"turns":4},{"damage":7,"enemies":"Blue Slaver","floor":5,"turns":4},{"damage":37,"enemies":"3 Sentries","floor":6,"turns":15},{"damage":0,"enemies":"Large Slime","floor":8,"turns":6},{"damage":19,"enemies":"Lagavulin","floor":10,"turns":6},{"damage":0,"enemies":"Looter","floor":14,"turns":3},{"damage":44,"enemies":"Hexaghost","floor":16,"turns":12},{"damage":18,"enemies":"2 Thieves","floor":18,"turns":5},{"damage":18,"enemies":"Spheric Guardian","floor":19,"turns":5},{"damage":29,"enemies":"Snake Plant","floor":21,"turns":6},{"damage":49,"enemies":"Cultist and Chosen","floor":22,"turns":9},{"damage":61,"enemies":"Chosen and Byrds","floor":24,"turns":10},{"damage":32,"enemies":"Sentry and Sphere","floor":28,"turns":8},{"damage":35,"enemies":"Shelled Parasite and Fungi","floor":30,"turns":8},{"damage":46,"enemies":"Chosen and Byrds","floor":31,"turns":8}],"seed_played":"-7576510042277027747","potions_obtained":[{"floor":3,"key":"SpeedPotion"},{"floor":5,"key":"FearPotion"},{"floor":10,"key":"EssenceOfSteel"},{"floor":16,"key":"Ancient Potion"},{"floor":18,"key":"EssenceOfSteel"},{"floor":19,"key":"Venom Potion"},{"floor":25,"key":"EssenceOfSteel"},{"floor":28,"key":"Adrenaline Potion"}],"is_trial":false,"path_per_floor":["M","M","M","M","M","E","R","M","T","E","?","$","R","M","R","B",null,"M","M","AVR","M","M","R","M","?","T","?","M","R","M","M"],"character_chosen":"THE_SENSHI","items_purchased":["Sadistic Nature","theSenshi:Sidestep"],"campfire_rested":4,"item_purchase_floors":[12,12],"current_hp_per_floor":[82,82,80,71,64,27,51,51,51,32,32,32,56,56,80,36,82,64,46,46,31,35,59,24,24,24,24,8,32,24,0,0],"gold":281,"neow_bonus":"TEN_PERCENT_HP_BONUS","is_daily":false,"chose_seed":false,"campfire_upgraded":0,"win_rate":0.0,"timestamp":1609125609,"path_taken":["M","M","M","M","M","E","R","M","T","E","?","$","R","M","R","BOSS","M","M","AVR","M","M","R","M","?","T","?","M","R","M","M"],"items_purchased_type":["Card","Card"],"build_version":"2020-12-22","purchased_purges":0,"victory":false,"max_hp_per_floor":[82,82,82,82,82,82,82,82,82,82,82,82,82,82,82,82,82,82,82,82,82,82,82,82,82,82,82,82,82,82,82,82],"card_choices":[{"not_picked":["theSenshi:MoonTiaraMagic","theSenshi:YouCanTalk"],"picked":"theSenshi:RainbowMoonHeartAche","floor":1},{"not_picked":["theSenshi:SailorMercuryAssists","theSenshi:TallSilhouette"],"picked":"theSenshi:SailorMarsAssists","floor":2},{"not_picked":["theSenshi:LunaWiseMentor","theSenshi:MoonSpiralHeartAttack"],"picked":"theSenshi:TallSilhouette","floor":3},{"not_picked":["theSenshi:MoonKick","theSenshi:SupersonicWaves"],"picked":"theSenshi:YouCanTalk","floor":4},{"not_picked":["theSenshi:EncouragingSpeech","theSenshi:SchoolBag"],"picked":"theSenshi:SailorMercuryAssists","floor":5},{"not_picked":["theSenshi:MoonPrincessHalation","theSenshi:SchoolBag"],"picked":"theSenshi:MoonTwilightFlash","floor":6},{"not_picked":["theSenshi:TuxedoSmokingBomber","theSenshi:SailorPlanetPower"],"picked":"theSenshi:MoonKick","floor":8},{"not_picked":["theSenshi:RainbowMoonHeartAche","theSenshi:SilverMoonCrystalPowerKiss"],"picked":"theSenshi:SteeledNerves","floor":10},{"not_picked":["infinitespire:Gouge","infinitespire:UltimateForm"],"picked":"infinitespire:Fortify","floor":11},{"not_picked":["theSenshi:CrisisMakeUp","theSenshi:SchoolBag"],"picked":"theSenshi:SailorVenusAssists","floor":14},{"not_picked":["theSenshi:SailorPlutoAssists","theSenshi:SailorCosmosAssists"],"picked":"theSenshi:ChibiMoonsLove","floor":16},{"not_picked":["theSenshi:LunasBite","theSenshi:MoonKick"],"picked":"theSenshi:EncouragingSpeech+1","floor":18},{"not_picked":["theSenshi:SailorPlanetPower+1","theSenshi:LunasBite"],"picked":"theSenshi:SailorPlanetAttack","floor":19},{"not_picked":["ReplayTheSpireMod:Necrogeddon","Secret Weapon"],"picked":"hubris:EnhanceAbility","floor":20},{"not_picked":["Replay:Bootleg Shield Generator","ReplayTheSpireMod:Private Reserves"],"picked":"Bandage Up","floor":20},{"not_picked":["Secret Technique","Apotheosis"],"picked":"Mind Blast","floor":20},{"not_picked":["theSenshi:LunasBite","theSenshi:SailorV"],"picked":"theSenshi:SaturnsMystery","floor":21},{"not_picked":["theSenshi:TallSilhouette","theSenshi:SailorVenusAssists"],"picked":"theSenshi:LateForSchool","floor":22},{"not_picked":["theSenshi:PlutosSolemnity+1","theSenshi:EncouragingSpeech"],"picked":"theSenshi:SailorMarsAssists","floor":24},{"not_picked":["theSenshi:UranusStrength","theSenshi:LateForSchool"],"picked":"theSenshi:InTheNickOfTime+1","floor":25},{"not_picked":["theSenshi:FatedKiss","theSenshi:MoonsReflection"],"picked":"theSenshi:LateForSchool","floor":25},{"not_picked":["theSenshi:LateForSchool","theSenshi:GatheringStrength+1"],"picked":"theSenshi:SailorV+1","floor":28},{"not_picked":["theSenshi:SailorMarsAssists","theSenshi:MoonlightKnight"],"picked":"theSenshi:SailorMercuryAssists","floor":30}],"player_experience":199954,"relics_obtained":[{"floor":6,"key":"Replay:Arrowhead"},{"floor":9,"key":"infinitespire:EmpoweringShard"},{"floor":10,"key":"infinitespire:CursedDice"},{"floor":25,"key":"Blood Vial"},{"floor":26,"key":"Du-Vu Doll"}],"event_choices":[],"is_beta":false,"boss_relics":[{"not_picked":["Painkiller Herb","Runic Pyramid"],"picked":"Black Star"}],"items_purged_floors":[],"is_endless":false,"potions_floor_spawned":[3,5,10,16,18,19,28],"killed_by":"Chosen and Byrds","ascension_level":0}}