{"host":"eemx8njkng76fu5x","time":1609159037,"event":{"mods":["2.2 Compatiblity","BaseMod","Downfall","Minty Spire (QoL Compilation)","Permanent Neow","StSLib","Unceasing Turn Reminder","Unknown Chances"],"gold_per_floor":[99,199,219,238,254,254,279,295,220,255,271,297,297,331,349,446,446,371,391,391,491,248,267,267,293,218,233,249,249,249,264,280,379,429,429,439,679,692,708,738,738,750,812,843,855,380,380,411,424,424,424,459,37,37,37],"floor_reached":56,"playtime":2798,"items_purged":["Slimebound:Strike_Slimebound","Slimebound:Tackle+1","Slimebound:CorrosiveSpit"],"score":1571,"play_id":"9906045f-0d4b-4a3e-914a-c54ebb9c0cab","local_time":"20201228203717","is_ascension_mode":true,"campfire_choices":[{"data":"Slimebound:Split","floor":1.0,"key":"SMITH"},{"floor":6.0,"key":"RECALL"},{"data":"Slimebound:SlimeSpikes","floor":9.0,"key":"SMITH"},{"data":"Slimebound:PrepareCrush","floor":18.0,"key":"PURGE"},{"data":"Slimebound:RallyTheTroops","floor":26.0,"key":"PURGE"},{"data":"Slimebound:RejuvenatingLick","floor":29.0,"key":"PURGE"},{"data":"Slimebound:SlimeBarrage","floor":35.0,"key":"SMITH"},{"data":"Slimebound:HauntingLick+1","floor":42.0,"key":"PURGE"},{"data":"Slimebound:WasteNot","floor":45.0,"key":"PURGE"},{"data":"Slimebound:SlimeBarrage","floor":54.0,"key":"PURGE"}],"circlet_count":0,"master_deck":["Slimebound:Defend_Slimebound","Slimebound:Defend_Slimebound","Slimebound:Defend_Slimebound","Slimebound:Split+1","Slimebound:Prepare","Slimebound:SlimeSpikes+1","Slimebound:SplitLeeching","Slimebound:SplitMire","Slimebound:SlimeBrawl","Slimebound:SlimeBarrage+1","Slimebound:SplitAcid","Slimebound:Repurpose","Slimebound:Prepare","Slimebound:SlimeSpikes","Slimebound:LevelUp","Slimebound:MassRepurpose","Slimebound:LevelUp","Slimebound:SlimeSpikes+1","Slimebound:RejuvenatingLick+1","Slimebound:SlimeSpikes+1","Slimebound:Overexert","expansioncontent:ManipulateTime","Slimebound:SlimeSpikes"],"relics":["Slimebound:AbsorbEndCombat","Vajra","downfall:HeartBlessingRed","Odd Mushroom","Slimebound:ScrapOozeRelic","White Beast Statue","Coffee Dripper","downfall:HeartBlessingGreen","Enchiridion","Slimebound:SlimedSkullRelic","Matryoshka","Lee\u0027s Waffle","Bronze Scales","Toy Ornithopter","downfall:HeartBlessingBlue","Tiny House","Du-Vu Doll","MawBank","Slimebound:SlimedTailRelic","Gambling Chip","Mummified Hand","Art of War","Lantern","Slimebound:MaxSlimesRelic"],"acts_visited":["Exordium","TheCity","TheBeyond","TheEnding"],"potions_floor_usage":[55,55,55],"damage_taken":[{"damage":11.0,"enemies":"Cultist","floor":3.0,"turns":2.0},{"damage":9.0,"enemies":"Jaw Worm","floor":4.0,"turns":3.0},{"damage":9.0,"enemies":"Small Slimes","floor":5.0,"turns":3.0},{"damage":18.0,"enemies":"3 Louse","floor":8.0,"turns":3.0},{"damage":15.0,"enemies":"3 Sentries","floor":10.0,"turns":8.0},{"damage":13.0,"enemies":"Exordium Wildlife","floor":11.0,"turns":4.0},{"damage":36.0,"enemies":"The Mushroom Lair","floor":12.0,"turns":4.0},{"damage":15.0,"enemies":"Lagavulin","floor":14.0,"turns":4.0},{"damage":15.0,"enemies":"Large Slime","floor":15.0,"turns":4.0},{"damage":59.0,"enemies":"downfall:Ironclad","floor":16.0,"turns":6.0},{"damage":16.0,"enemies":"3 Byrds","floor":19.0,"turns":3.0},{"damage":18.0,"enemies":"Colosseum Nobs","floor":21.0,"turns":3.0},{"damage":20.0,"enemies":"downfall:FleeingMerchant","floor":22.0,"turns":4.0},{"damage":20.0,"enemies":"Chosen","floor":23.0,"turns":2.0},{"damage":20.0,"enemies":"Book of Stabbing","floor":25.0,"turns":3.0},{"damage":17.0,"enemies":"Snake Plant","floor":27.0,"turns":3.0},{"damage":35.0,"enemies":"Sentry and Sphere","floor":28.0,"turns":3.0},{"damage":12.0,"enemies":"3 Cultists","floor":31.0,"turns":3.0},{"damage":16.0,"enemies":"Cultist and Chosen","floor":32.0,"turns":3.0},{"damage":22.0,"enemies":"downfall:Defect","floor":33.0,"turns":6.0},{"damage":8.0,"enemies":"Orb Walker","floor":36.0,"turns":3.0},{"damage":31.0,"enemies":"downfall:FleeingMerchant","floor":37.0,"turns":4.0},{"damage":42.0,"enemies":"3 Darklings","floor":38.0,"turns":3.0},{"damage":16.0,"enemies":"4 Shapes","floor":39.0,"turns":4.0},{"damage":43.0,"enemies":"Nemesis","floor":40.0,"turns":5.0},{"damage":16.0,"enemies":"Mind Bloom Boss Battle","floor":43.0,"turns":5.0},{"damage":41.0,"enemies":"Writhing Mass","floor":44.0,"turns":3.0},{"damage":23.0,"enemies":"Reptomancer","floor":48.0,"turns":3.0},{"damage":16.0,"enemies":"Jaw Worm Horde","floor":49.0,"turns":3.0},{"damage":29.0,"enemies":"downfall:Silent","floor":50.0,"turns":5.0},{"damage":39.0,"enemies":"downfall:CharBossMerchant","floor":52.0,"turns":6.0},{"damage":39,"enemies":"downfall:NeowBoss","floor":55,"turns":16}],"seed_played":"605098182994361811","potions_obtained":[{"floor":5.0,"key":"champ:CounterPotion"},{"floor":8.0,"key":"sneckomod:MuddlingPotion"},{"floor":11.0,"key":"Weak Potion"},{"floor":15.0,"key":"AttackPotion"},{"floor":16.0,"key":"SteroidPotion"},{"floor":19.0,"key":"BlessingOfTheForge"},{"floor":21.0,"key":"Ancient Potion"},{"floor":22.0,"key":"Guardian:BlockOnCardUsePotion"},{"floor":39.0,"key":"PowerPotion"},{"floor":40.0,"key":"Dexterity Potion"},{"floor":43.0,"key":"Slimebound:SlimyTonguePotion"},{"floor":48.0,"key":"PowerPotion"}],"is_trial":false,"path_per_floor":["R","?","M","M","M","R","T","M","R","E","M","?","?","E","M","B",null,"R","M","?","?","$","M","T","E","R","M","M","R","?","M","M","B",null,"R","M","$","M","M","E","T","R","?","M","R","?","?","E","M","B",null,"E","$","R","B",null],"character_chosen":"SLIMEBOUND","items_purchased":["Lee\u0027s Waffle","Slimebound:Prepare","Slimebound:Overexert","Mummified Hand","Slimebound:MaxSlimesRelic","Slimebound:SlimeSpikes"],"campfire_rested":0,"item_purchase_floors":[22,22,46,46,53,53],"current_hp_per_floor":[54,54,54,54,54,54,54,52,52,49,52,34,34,39,40,9,43,43,45,29,25,61,59,59,59,69,62,69,69,69,71,71,71,76,76,76,76,50,65,51,51,51,68,58,58,58,58,73,75,69,74,61,61,61,72],"gold":37,"neow_bonus":"REMOVE_TWO","is_daily":false,"chose_seed":false,"campfire_upgraded":3,"win_rate":0.0,"timestamp":1609159037,"path_taken":["R","?","M","M","M","R","T","M","R","E","?","?","?","E","M","BOSS","R","M","?","?","$","M","T","E","R","M","M","R","?","M","M","BOSS","R","M","$","M","M","E","T","R","?","M","R","?","?","E","M","BOSS","E","$","R","BOSS"],"items_purchased_type":["Relic","Card","Card","Relic","Relic","Card"],"build_version":"2020-12-22","purchased_purges":3,"victory":true,"max_hp_per_floor":[54,54,54,54,54,54,54,54,54,54,54,54,54,54,54,54,54,54,54,54,54,61,61,61,61,71,71,71,71,71,71,71,71,76,76,76,76,76,76,76,76,76,76,76,76,76,76,76,76,76,76,76,76,76,76],"card_choices":[{"not_picked":["Slimebound:ServeAndProtect","Slimebound:RejuvenatingLick"],"picked":"Slimebound:Prepare","floor":3.0},{"not_picked":["Slimebound:GrowthPunch","Slimebound:SlimeBrawl"],"picked":"Slimebound:SlimeSpikes","floor":4.0},{"not_picked":["Slimebound:GrowthPunch","Slimebound:DisruptingSlam"],"picked":"Slimebound:SplitLeeching","floor":5.0},{"not_picked":["Slimebound:Gluttony","Slimebound:PressTheAttack","Slimebound:GrowthPunch"],"picked":"SKIP","floor":8.0},{"not_picked":["Slimebound:ViciousTackle","Slimebound:LeechingTouch"],"picked":"Slimebound:RallyTheTroops","floor":10.0},{"not_picked":["Slimebound:GrowthPunch","Slimebound:FinishingTackle"],"picked":"Slimebound:SplitMire","floor":11.0},{"not_picked":["Slimebound:PressTheAttack","Slimebound:GoopTackle"],"picked":"Slimebound:SlimeBrawl","floor":12.0},{"not_picked":["Slimebound:SplitLeeching","Slimebound:DivideAndConquer"],"picked":"Slimebound:SlimeBarrage","floor":14.0},{"not_picked":["Slimebound:FirmFortitude","Slimebound:Schlurp"],"picked":"Slimebound:SplitAcid","floor":15.0},{"not_picked":["Slimebound:OozeBath","Slimebound:Recycling"],"picked":"Slimebound:PrepareCrush","floor":16.0},{"not_picked":["Slimebound:PressTheAttack","Slimebound:RainOfGoop","Slimebound:FlameTackle"],"picked":"SKIP","floor":19.0},{"not_picked":["Slimebound:GrowthPunch","Slimebound:LeadByExample"],"picked":"Slimebound:Repurpose","floor":21.0},{"not_picked":["Slimebound:HauntingLick+1","Slimebound:DivideAndConquer+1","Slimebound:SamplingLick"],"picked":"SKIP","floor":22.0},{"not_picked":["Slimebound:Chomp+1","Slimebound:ItLooksTasty"],"picked":"Slimebound:SlimeSpikes","floor":23.0},{"not_picked":["Slimebound:DivideAndConquer+1","Slimebound:ViciousTackle"],"picked":"Slimebound:LevelUp","floor":25.0},{"not_picked":["Slimebound:HungryTackle","Slimebound:GrowthPunch"],"picked":"Slimebound:RejuvenatingLick","floor":27.0},{"not_picked":["Slimebound:HungryTackle","Slimebound:SamplingLick","Slimebound:DivideAndConquer"],"picked":"SKIP","floor":28.0},{"not_picked":["Slimebound:Grow","Slimebound:SplitSpecialist","Slimebound:ItLooksTasty"],"picked":"SKIP","floor":31.0},{"not_picked":["Slimebound:ViciousTackle+1","Slimebound:SamplingLick","Slimebound:ServeAndProtect"],"picked":"SKIP","floor":32.0},{"not_picked":["Slimebound:MinionMaster","Slimebound:WasteNot"],"picked":"Slimebound:MassRepurpose","floor":33.0},{"not_picked":["Slimebound:SplitBruiser","Slimebound:GoopSpray"],"picked":"Slimebound:LevelUp","floor":34.0},{"not_picked":["Slimebound:SplitAcid+1","Slimebound:Grow+1"],"picked":"Slimebound:SlimeBarrage","floor":36.0},{"not_picked":["Slimebound:HungryTackle","Slimebound:PressTheAttack+1","Slimebound:SamplingLick"],"picked":"SKIP","floor":37.0},{"not_picked":["Slimebound:SplitAcid+1","Slimebound:Schlurp+1"],"picked":"Slimebound:HauntingLick+1","floor":38.0},{"not_picked":["Slimebound:GoopSpray","Slimebound:BestDefense"],"picked":"Slimebound:SlimeSpikes+1","floor":39.0},{"not_picked":["Slimebound:GoopTackle+1","Slimebound:BestDefense"],"picked":"Slimebound:RejuvenatingLick+1","floor":40.0},{"not_picked":["Slimebound:ViciousTackle","Slimebound:GoopTackle+1"],"picked":"Slimebound:WasteNot","floor":43.0},{"not_picked":["Slimebound:Repurpose","Slimebound:RollThrough+1"],"picked":"Slimebound:SlimeSpikes+1","floor":44.0},{"not_picked":["expansioncontent:CaCaw","expansioncontent:DonusPower"],"picked":"expansioncontent:ManipulateTime","floor":47.0},{"not_picked":["Slimebound:Grow+1","Slimebound:PrepareCrush","Slimebound:GrowthPunch"],"picked":"SKIP","floor":48.0},{"not_picked":["Slimebound:ServeAndProtect","Slimebound:FirmFortitude","Slimebound:Dissolve+1"],"picked":"SKIP","floor":49.0},{"not_picked":["Slimebound:AcidTongue","Slimebound:HauntingLick+1","Slimebound:GoopSpray+1"],"picked":"SKIP","floor":52.0}],"player_experience":406700,"relics_obtained":[{"floor":7.0,"key":"Vajra"},{"floor":10.0,"key":"Happy Flower"},{"floor":12.0,"key":"Odd Mushroom"},{"floor":14.0,"key":"White Beast Statue"},{"floor":20.0,"key":"Enchiridion"},{"floor":21.0,"key":"Slimebound:SlimedSkullRelic"},{"floor":21.0,"key":"Matryoshka"},{"floor":24.0,"key":"Bronze Scales"},{"floor":25.0,"key":"Toy Ornithopter"},{"floor":40.0,"key":"Du-Vu Doll"},{"floor":41.0,"key":"MawBank"},{"floor":41.0,"key":"Slimebound:SlimedTailRelic"},{"floor":43.0,"key":"Gambling Chip"},{"floor":48.0,"key":"Art of War"},{"floor":52.0,"key":"Lantern"}],"event_choices":[{"damage_healed":0.0,"max_hp_gain":0.0,"max_hp_loss":0.0,"gold_gain":0.0,"event_name":"Mushrooms","player_choice":"Fought Mushrooms","floor":12.0,"gold_loss":0.0,"damage_taken":0.0}],"is_beta":false,"boss_relics":[{"not_picked":["Busted Crown","Astrolabe"],"picked":"Coffee Dripper"},{"not_picked":["Philosopher\u0027s Stone","Black Star"],"picked":"Tiny House"}],"items_purged_floors":[37,46,53],"is_endless":false,"potions_floor_spawned":[5,8,11,15,16,19,21,22,23,25,27,28,31,32,33,36,37,38,39,40,43,44,48,49,52],"ascension_level":6}}