{"host":"fg6h2ig1bl4ozoaa","time":1609185378,"event":{"mods":["BaseMod","Colored Powertips","Hermit","Jorbs\u0027s Wanderer Trilogy","Marisa????????","Minty Spire (QoL Compilation)","StSLib","The Runesmith"],"gold_per_floor":[117,117,130,210,160,190,190,225,252,252,278,278,297,310,310,411,411,423,423,441,441,441,441],"floor_reached":22,"playtime":911,"items_purged":[],"score":227,"play_id":"bf6897e5-865d-4da8-b756-c094620dd35b","local_time":"20201228115618","is_ascension_mode":false,"campfire_choices":[{"data":"hermit:Snapshot","floor":7,"key":"SMITH"},{"data":"hermit:Misfire","floor":10,"key":"SMITH"},{"data":"hermit:Brawl","floor":15,"key":"SMITH"}],"circlet_count":0,"master_deck":["hermit:Strike_Hermit","hermit:Strike_Hermit","hermit:Strike_Hermit","hermit:Defend_Hermit","hermit:Defend_Hermit","hermit:Defend_Hermit","hermit:Defend_Hermit","hermit:Snapshot+1","hermit:Covet","hermit:Gestalt","hermit:Misfire+1","hermit:Enervate","hermit:SprayPray+1","hermit:HighCaliber+1","hermit:Maintenance","hermit:Brawl+1","hermit:HeroicBravado","hermit:Determination","hermit:LowProfile"],"relics":["hermit:Momento","NeowsBlessing","Ancient Tea Set","Molten Egg 2","Vajra","Letter Opener","Philosopher\u0027s Stone"],"acts_visited":["Exordium","TheCity"],"potions_floor_usage":[8],"damage_taken":[{"damage":0,"enemies":"Cultist","floor":1,"turns":1},{"damage":0,"enemies":"Small Slimes","floor":3,"turns":1},{"damage":0,"enemies":"3 Sentries","floor":6,"turns":2},{"damage":2,"enemies":"Lagavulin","floor":8,"turns":7},{"damage":2,"enemies":"Gremlin Nob","floor":11,"turns":4},{"damage":1,"enemies":"Jaw Worm","floor":13,"turns":2},{"damage":3,"enemies":"3 Louse","floor":14,"turns":3},{"damage":32,"enemies":"Slime Boss","floor":16,"turns":8},{"damage":2,"enemies":"Shell Parasite","floor":18,"turns":3},{"damage":29,"enemies":"2 Thieves","floor":20,"turns":3},{"damage":35,"enemies":"Chosen and Byrds","floor":22,"turns":4}],"seed_played":"-5623680052695750092","potions_obtained":[{"floor":3,"key":"Block Potion"},{"floor":6,"key":"Regen Potion"},{"floor":16,"key":"FearPotion"}],"is_trial":false,"path_per_floor":["M","$","M","?","?","E","R","E","T","R","E","?","M","M","R","B",null,"M","?","M","?","M"],"character_chosen":"HERMIT","items_purchased":[],"campfire_rested":0,"item_purchase_floors":[],"current_hp_per_floor":[75,75,75,75,75,75,75,73,73,73,71,64,63,60,60,28,75,73,59,30,30,0,0],"gold":441,"neow_bonus":"THREE_ENEMY_KILL","is_daily":false,"chose_seed":false,"campfire_upgraded":3,"win_rate":0.0,"timestamp":1609185378,"path_taken":["M","$","?","?","?","E","R","E","T","R","E","?","M","?","R","BOSS","M","?","M","?","M"],"items_purchased_type":[],"build_version":"2020-12-22","purchased_purges":0,"victory":false,"max_hp_per_floor":[75,75,75,75,75,75,75,75,75,75,75,75,75,75,75,75,75,75,80,80,80,80,80],"card_choices":[{"not_picked":["hermit:HoleUp","hermit:Determination"],"picked":"hermit:Gestalt","floor":1},{"not_picked":["hermit:Feint","hermit:Vantage"],"picked":"hermit:Misfire","floor":3},{"not_picked":["hermit:GhostlyPresence","hermit:TakeCover"],"picked":"hermit:Enervate","floor":6},{"not_picked":["hermit:TakeCover","hermit:Scavenge"],"picked":"hermit:SprayPray+1","floor":8},{"not_picked":["hermit:Adapt","hermit:Misfire+1"],"picked":"hermit:HighCaliber+1","floor":11},{"not_picked":["hermit:Dive","hermit:CalledShot+1"],"picked":"hermit:Maintenance","floor":13},{"not_picked":["hermit:Headshot+1","hermit:DeadMansHand"],"picked":"hermit:Brawl","floor":14},{"not_picked":["hermit:BlackWind+1","hermit:Dissolve"],"picked":"hermit:HeroicBravado","floor":16},{"not_picked":["hermit:CursedWeapon+1","hermit:Misfire+1"],"picked":"hermit:Determination","floor":18},{"not_picked":["hermit:Misfire+1","hermit:Feint"],"picked":"hermit:LowProfile","floor":20}],"player_experience":986344,"relics_obtained":[{"floor":6,"key":"Ancient Tea Set"},{"floor":8,"key":"Molten Egg 2"},{"floor":9,"key":"Vajra"},{"floor":11,"key":"Letter Opener"}],"event_choices":[{"damage_healed":0,"gold_gain":80,"player_choice":"Gained Gold","damage_taken":0,"max_hp_gain":0,"max_hp_loss":0,"event_name":"Golden Wing","floor":4,"gold_loss":0},{"cards_removed":["hermit:Strike_Hermit"],"damage_healed":0,"gold_gain":0,"player_choice":"Card Removal","damage_taken":0,"max_hp_gain":0,"max_hp_loss":0,"event_name":"The Cleric","floor":5,"gold_loss":50},{"damage_healed":0,"gold_gain":0,"player_choice":"Damaged","damage_taken":7,"max_hp_gain":0,"max_hp_loss":0,"event_name":"Wheel of Change","floor":12,"gold_loss":0},{"damage_healed":0,"gold_gain":0,"player_choice":"Shed Blood","damage_taken":19,"max_hp_gain":5,"max_hp_loss":0,"event_name":"Forgotten Altar","floor":19,"gold_loss":0},{"damage_healed":0,"gold_gain":0,"player_choice":"Ignored","damage_taken":0,"max_hp_gain":0,"max_hp_loss":0,"event_name":"The Mausoleum","floor":21,"gold_loss":0}],"is_beta":false,"boss_relics":[{"not_picked":["Astrolabe","Sozu"],"picked":"Philosopher\u0027s Stone"}],"items_purged_floors":[],"is_endless":false,"potions_floor_spawned":[3,6,16],"killed_by":"Chosen and Byrds","ascension_level":0}}