{"host":"3a1ypf1irl30q4k8","time":1609180011,"event":{"mods":["AchievementEnabler","BaseMod","Bestiary","Colored Map","Minty Spire (QoL Compilation)","Relic Stats"],"gold_per_floor":[163,180,199,8,23,49,49,78,149,149,149,169,189,267,267,344,344,361,374,374,389,389,420,420,451,451,123,133,232,232,51,51,122,122,133,133,133,133],"floor_reached":37,"playtime":2004,"items_purged":["Strike_G"],"score":738,"play_id":"4338d77f-9700-47ed-b234-db5119add4d7","local_time":"20201228182651","is_ascension_mode":true,"campfire_choices":[{"data":"Predator","floor":7.0,"key":"SMITH"},{"data":"Backstab","floor":10.0,"key":"SMITH"},{"data":"Noxious Fumes","floor":15.0,"key":"SMITH"},{"data":"After Image","floor":24.0,"key":"SMITH"},{"floor":32.0,"key":"REST"}],"circlet_count":0,"master_deck":["AscendersBane","Strike_G","Strike_G","Defend_G","Defend_G+1","Defend_G","Defend_G","Defend_G","Survivor","Neutralize","Dagger Throw","Predator+1","Flying Knee","Die Die Die","Backstab+1","Bane+1","Slice+1","Noxious Fumes+1","Deadly Poison","Wraith Form v2","Slice+1","Acrobatics","Ghostly","Ghostly","Ghostly","Ghostly","Ghostly","Quick Slash+1","Grand Finale+1","After Image+1","Dagger Throw+1","Endless Agony+1","Predator+1","Bouncing Flask","Die Die Die+1"],"relics":["Tiny House","Pen Nib","Molten Egg 2","Mango","Sundial","Snecko Eye","Bag of Marbles","Nunchaku","Ornamental Fan","OrangePellets","Cursed Key"],"acts_visited":["Exordium","TheCity","TheBeyond"],"potions_floor_usage":[],"damage_taken":[{"damage":10.0,"enemies":"2 Louse","floor":1.0,"turns":3.0},{"damage":3.0,"enemies":"Jaw Worm","floor":2.0,"turns":4.0},{"damage":3.0,"enemies":"Small Slimes","floor":3.0,"turns":4.0},{"damage":5.0,"enemies":"Red Slaver","floor":5.0,"turns":3.0},{"damage":7.0,"enemies":"3 Sentries","floor":6.0,"turns":4.0},{"damage":19.0,"enemies":"Gremlin Nob","floor":8.0,"turns":4.0},{"damage":0.0,"enemies":"Exordium Thugs","floor":12.0,"turns":2.0},{"damage":5.0,"enemies":"Gremlin Gang","floor":13.0,"turns":3.0},{"damage":26.0,"enemies":"The Guardian","floor":16.0,"turns":10.0},{"damage":2.0,"enemies":"Spheric Guardian","floor":18.0,"turns":5.0},{"damage":28.0,"enemies":"Shell Parasite","floor":19.0,"turns":4.0},{"damage":5.0,"enemies":"Shelled Parasite and Fungi","floor":21.0,"turns":6.0},{"damage":4.0,"enemies":"Slavers","floor":23.0,"turns":4.0},{"damage":21.0,"enemies":"Book of Stabbing","floor":25.0,"turns":7.0},{"damage":0.0,"enemies":"Snecko","floor":28.0,"turns":5.0},{"damage":11.0,"enemies":"Colosseum Slavers","floor":30.0,"turns":3.0},{"damage":15.0,"enemies":"Automaton","floor":33.0,"turns":10.0},{"damage":0,"enemies":"Orb Walker","floor":35,"turns":2},{"damage":53,"enemies":"Donu and Deca","floor":37,"turns":9}],"seed_played":"-7383613615290603522","potions_obtained":[{"floor":0.0,"key":"Ancient Potion"},{"floor":2.0,"key":"Energy Potion"},{"floor":13.0,"key":"CultistPotion"},{"floor":16.0,"key":"Explosive Potion"}],"is_trial":false,"path_per_floor":["M","M","M","$","M","E","R","E","T","R","?","M","M","?","R","B",null,"M","M","?","M","?","E","R","E","T","$","M","?","?","$","R","B",null,"M","?","B"],"character_chosen":"THE_SILENT","items_purchased":["Pen Nib","Fire Potion","Endless Agony+1","Predator+1","Fruit Juice","Fire Potion","OrangePellets","Bouncing Flask"],"campfire_rested":1,"item_purchase_floors":[4,4,27,27,27,27,31,31],"current_hp_per_floor":[58,55,52,52,47,40,40,35,35,35,35,35,30,30,30,4,68,66,38,38,33,33,29,29,8,8,13,13,13,2,2,16,1,37,37,37,0,0],"gold":133,"neow_bonus":"BOSS_RELIC","is_daily":false,"chose_seed":false,"campfire_upgraded":4,"win_rate":0.0,"timestamp":1609180011,"path_taken":["M","M","M","$","M","E","R","E","T","R","?","M","M","?","R","BOSS","M","M","?","M","?","E","R","E","T","$","M","?","?","$","R","BOSS","M","?","BOSS"],"items_purchased_type":["Relic","Potion","Card","Card","Potion","Potion","Relic","Card"],"build_version":"2020-12-22","purchased_purges":1,"victory":false,"max_hp_per_floor":[75,75,75,75,75,75,75,89,89,89,89,89,89,89,89,89,89,89,89,44,44,44,44,44,44,44,49,49,49,49,49,49,49,49,49,49,49,49],"relic_stats":{"OrangePellets":[3],"Nunchaku":[7],"counters":[19,92],"Sundial":[8],"Ornamental Fan":[48],"Snecko Eye":[70,63,83,62],"Pen Nib":[17],"Cursed Key":0,"obtain_stats":[{"OrangePellets":31,"Nunchaku":25,"Tiny House":0,"Sundial":9,"Ornamental Fan":26,"Snecko Eye":17,"Molten Egg 2":6,"Mango":8,"Pen Nib":4,"Bag of Marbles":23,"Cursed Key":34,"Ring of the Snake":0},{"OrangePellets":16,"Nunchaku":14,"Tiny House":0,"Sundial":6,"Ornamental Fan":14,"Snecko Eye":9,"Molten Egg 2":5,"Mango":6,"Pen Nib":3,"Bag of Marbles":13,"Cursed Key":17,"Ring of the Snake":0},{"OrangePellets":71,"Nunchaku":63,"Tiny House":0,"Sundial":22,"Ornamental Fan":63,"Snecko Eye":37,"Molten Egg 2":18,"Mango":22,"Pen Nib":11,"Bag of Marbles":56,"Cursed Key":81,"Ring of the Snake":0}]},"card_choices":[{"not_picked":["Dagger Spray","Backflip"],"picked":"Dagger Throw","floor":0.0},{"not_picked":["Concentrate","Accuracy"],"picked":"Predator","floor":1.0},{"not_picked":["Quick Slash","Concentrate"],"picked":"Flying Knee","floor":2.0},{"not_picked":["Choke","Sucker Punch"],"picked":"Die Die Die","floor":3.0},{"not_picked":["Dodge and Roll","Acrobatics"],"picked":"Backstab","floor":5.0},{"not_picked":["Infinite Blades","Crippling Poison"],"picked":"Bane+1","floor":6.0},{"not_picked":["Caltrops","Predator+1"],"picked":"Slice+1","floor":8.0},{"not_picked":["Cloak And Dagger","Underhanded Strike+1"],"picked":"Noxious Fumes","floor":12.0},{"not_picked":["Eviscerate+1","Backstab+1"],"picked":"Deadly Poison","floor":13.0},{"not_picked":["After Image","Storm of Steel"],"picked":"Wraith Form v2","floor":16.0},{"not_picked":["Outmaneuver","Terror"],"picked":"Slice+1","floor":18.0},{"not_picked":["Cloak And Dagger","Distraction"],"picked":"Acrobatics","floor":19.0},{"not_picked":["Deflect","Expertise","Prepared"],"picked":"SKIP","floor":21.0},{"not_picked":["Concentrate","Flechettes+1"],"picked":"After Image","floor":23.0},{"not_picked":["Sucker Punch+1","Caltrops"],"picked":"Dagger Throw+1","floor":25.0},{"not_picked":["Setup","Bouncing Flask","Calculated Gamble"],"picked":"SKIP","floor":28.0},{"not_picked":["Venomology","Doppelganger"],"picked":"Die Die Die+1","floor":33.0},{"not_picked":["Dagger Spray+1","Reflex","Endless Agony+1"],"picked":"SKIP","floor":35}],"player_experience":900321,"relics_obtained":[{"floor":6.0,"key":"Molten Egg 2"},{"floor":8.0,"key":"Mango"},{"floor":9.0,"key":"Sundial"},{"floor":23.0,"key":"Bag of Marbles"},{"floor":25.0,"key":"Nunchaku"},{"floor":26.0,"key":"Ornamental Fan"}],"event_choices":[{"damage_healed":0.0,"max_hp_gain":0.0,"max_hp_loss":0.0,"gold_gain":0.0,"event_name":"Scrap Ooze","player_choice":"Fled","floor":11.0,"gold_loss":0.0,"damage_taken":0.0},{"damage_healed":0.0,"max_hp_gain":0.0,"max_hp_loss":0.0,"gold_gain":78.0,"event_name":"Golden Wing","player_choice":"Gained Gold","floor":14.0,"gold_loss":0.0,"damage_taken":0.0},{"damage_healed":0.0,"max_hp_gain":0.0,"max_hp_loss":45.0,"gold_gain":0.0,"event_name":"Ghosts","player_choice":"Became a Ghost","floor":20.0,"gold_loss":0.0,"damage_taken":0.0,"cards_obtained":["Ghostly","Ghostly","Ghostly","Ghostly","Ghostly"]},{"damage_healed":0.0,"max_hp_gain":0.0,"max_hp_loss":0.0,"gold_gain":0.0,"cards_transformed":["Strike_G","Strike_G"],"event_name":"Drug Dealer","player_choice":"Became Test Subject","floor":22.0,"gold_loss":0.0,"damage_taken":0.0,"cards_obtained":["Quick Slash","Grand Finale"]},{"damage_healed":0.0,"max_hp_gain":0.0,"max_hp_loss":0.0,"gold_gain":99.0,"event_name":"Nest","player_choice":"Stole From Cult","floor":29.0,"gold_loss":0.0,"damage_taken":0.0},{"damage_healed":0.0,"max_hp_gain":0.0,"max_hp_loss":0.0,"gold_gain":0.0,"event_name":"Colosseum","player_choice":"Fight","floor":30.0,"gold_loss":0.0,"damage_taken":0.0},{"damage_healed":0.0,"max_hp_gain":0.0,"max_hp_loss":0.0,"gold_gain":0.0,"event_name":"Colosseum","player_choice":"Fled From Nobs","floor":30.0,"gold_loss":0.0,"damage_taken":0.0},{"damage_healed":0,"gold_gain":0,"player_choice":"Took Portal","damage_taken":0,"max_hp_gain":0,"max_hp_loss":0,"event_name":"SecretPortal","floor":36,"gold_loss":0}],"is_beta":false,"boss_relics":[{"not_picked":["Pandora\u0027s Box","Empty Cage"],"picked":"Snecko Eye"},{"not_picked":["Velvet Choker","Runic Pyramid"],"picked":"Cursed Key"}],"items_purged_floors":[27],"is_endless":false,"potions_floor_spawned":[2,5,13,16,18,21,28],"killed_by":"Donu and Deca","ascension_level":13}}