{"host":"08sn1703g14rasc1","time":1609198617,"event":{"mods":["AchievementEnabler","BaseMod","Colored Map","Colored Powertips","Hermit","Minty Spire (QoL Compilation)","StSLib"],"gold_per_floor":[116,130,45,45,45,74,74,36,36,36,55,66,82,357,357,357,357],"floor_reached":16,"playtime":335,"items_purged":[],"score":169,"play_id":"dba8edaf-a327-42e3-ad2e-2b7706dca116","local_time":"20201228153657","is_ascension_mode":true,"campfire_choices":[{"floor":7,"key":"REST"},{"data":"Panacea","floor":10,"key":"SMITH"},{"floor":15,"key":"REST"}],"circlet_count":0,"master_deck":["hermit:Strike_Hermit","hermit:Strike_Hermit","hermit:Strike_Hermit","hermit:Defend_Hermit","hermit:Defend_Hermit","hermit:Defend_Hermit","hermit:Defend_Hermit","hermit:Snapshot","hermit:Covet","hermit:Snipe","hermit:Quickdraw","Panacea+1","hermit:ItchyTrigger","hermit:ShadowCloak","hermit:Brawl","hermit:TrackingShot","hermit:BlackWind","Regret"],"relics":["hermit:Momento","NeowsBlessing","Bronze Scales","Regal Pillow","Mummified Hand"],"acts_visited":["Exordium"],"potions_floor_usage":[12,16],"damage_taken":[{"damage":0,"enemies":"2 Louse","floor":1,"turns":1},{"damage":0,"enemies":"Small Slimes","floor":2,"turns":2},{"damage":0,"enemies":"Lagavulin","floor":6,"turns":1},{"damage":6,"enemies":"Cultist","floor":11,"turns":4},{"damage":28,"enemies":"Gremlin Gang","floor":12,"turns":5},{"damage":13,"enemies":"3 Louse","floor":13,"turns":3},{"damage":70,"enemies":"The Guardian","floor":16,"turns":8}],"seed_played":"2553372117111794427","potions_obtained":[{"floor":2,"key":"Block Potion"},{"floor":12,"key":"PowerPotion"}],"is_trial":false,"path_per_floor":["M","M","$","?","?","E","R","$","T","R","M","M","M","?","R","B"],"character_chosen":"HERMIT","items_purchased":["Panacea","hermit:ShadowCloak"],"campfire_rested":2,"item_purchase_floors":[3,8],"current_hp_per_floor":[68,68,68,43,43,43,75,75,75,75,69,41,28,28,65,0,0],"gold":357,"neow_bonus":"THREE_ENEMY_KILL","is_daily":false,"chose_seed":false,"campfire_upgraded":1,"win_rate":0.0,"timestamp":1609198617,"path_taken":["M","M","$","?","?","E","R","$","T","R","?","M","?","?","R","BOSS"],"items_purchased_type":["Card","Card"],"build_version":"2020-12-22","purchased_purges":0,"victory":false,"max_hp_per_floor":[75,75,75,75,75,75,75,75,75,75,75,75,75,75,75,75,75],"card_choices":[{"not_picked":["hermit:Quickdraw","hermit:CalledShot"],"picked":"hermit:Snipe","floor":1},{"not_picked":["hermit:Manifest","hermit:Malice"],"picked":"hermit:Quickdraw","floor":2},{"not_picked":["hermit:Desperado","hermit:HoleUp"],"picked":"hermit:ItchyTrigger","floor":6},{"not_picked":["hermit:Snipe","hermit:LuckOfTheDraw"],"picked":"hermit:Brawl","floor":11},{"not_picked":["hermit:Feint","hermit:Snipe"],"picked":"hermit:TrackingShot","floor":12},{"not_picked":["hermit:Coalescence","hermit:Quickdraw"],"picked":"hermit:BlackWind","floor":13}],"player_experience":441590,"relics_obtained":[{"floor":6,"key":"Regal Pillow"},{"floor":9,"key":"Mummified Hand"}],"event_choices":[{"damage_healed":0,"gold_gain":0,"player_choice":"Success","damage_taken":25,"relics_obtained":["Bronze Scales"],"max_hp_gain":0,"max_hp_loss":0,"event_name":"Scrap Ooze","floor":4,"gold_loss":0},{"cards_removed":["hermit:Strike_Hermit"],"damage_healed":0,"gold_gain":0,"player_choice":"Offered Basic","damage_taken":0,"max_hp_gain":0,"max_hp_loss":0,"event_name":"Bonfire Elementals","floor":5,"gold_loss":0},{"damage_healed":0,"gold_gain":275,"player_choice":"Desecrate","damage_taken":0,"max_hp_gain":0,"max_hp_loss":0,"event_name":"Golden Shrine","floor":14,"gold_loss":0,"cards_obtained":["Regret"]}],"is_beta":false,"boss_relics":[],"items_purged_floors":[],"is_endless":false,"potions_floor_spawned":[2,12],"killed_by":"The Guardian","ascension_level":7}}