{"host":"jkgg7n5hn1slsm35","time":1609146334,"event":{"mods":["Aspiration","BaseMod","BetterRewards","Conspire","Googly Eyes","Gremlin Skip","Halation","Highlight Path","Hubris","Infinite Spire","Minty Spire (QoL Compilation)","Permanent Neow","StSLib","SuperFastMode","vexMod"],"gold_per_floor":[212,212,223,223,238,238,249,56,56,56,76,91,107,119,119,119,119],"floor_reached":16,"playtime":521,"items_purged":[],"score":178,"play_id":"45252be8-0817-412f-95b6-3b35562ff97d","local_time":"20201228100534","is_ascension_mode":true,"campfire_choices":[{"data":"Masterful Stab","floor":6,"key":"SMITH"},{"floor":10,"key":"REST"},{"floor":15,"key":"REST"}],"circlet_count":0,"master_deck":["AscendersBane","Strike_G","Strike_G","Strike_G","Strike_G","Strike_G","Defend_G","Defend_G","Defend_G","Defend_G","Defend_G","Survivor","Neutralize","conspire:DoublingDagger","Cloak And Dagger","Masterful Stab+1","Panache","Cloak And Dagger","After Image"],"relics":["Ring of the Snake","hubris:Icosahedron","hubris:AstralHammer"],"acts_visited":["Exordium"],"potions_floor_usage":[7],"damage_taken":[{"damage":0,"enemies":"2 Louse","floor":1,"turns":4},{"damage":13,"enemies":"Small Slimes","floor":3,"turns":6},{"damage":1,"enemies":"Jaw Worm","floor":5,"turns":5},{"damage":19,"enemies":"Exordium Thugs","floor":7,"turns":9},{"damage":6,"enemies":"2 Fungi Beasts","floor":11,"turns":4},{"damage":0,"enemies":"Lots of Slimes","floor":12,"turns":2},{"damage":3,"enemies":"3 Louse","floor":13,"turns":4},{"damage":0,"enemies":"Looter","floor":14,"turns":2},{"damage":64,"enemies":"Slime Boss","floor":16,"turns":7}],"seed_played":"-8089339925931488846","potions_obtained":[{"floor":1,"key":"Fire Potion"},{"floor":7,"key":"DuplicationPotion"},{"floor":12,"key":"SkillPotion"}],"is_trial":false,"path_per_floor":["M","?","M","?","M","R","M","$","T","R","M","M","M","M","R","B"],"character_chosen":"THE_SILENT","items_purchased":["Panache"],"campfire_rested":2,"item_purchase_floors":[8],"current_hp_per_floor":[59,59,46,46,45,45,26,26,26,45,39,39,36,36,55,0,0],"gold":119,"neow_bonus":"HUNDRED_GOLD","is_daily":false,"chose_seed":false,"campfire_upgraded":1,"win_rate":0.0,"timestamp":1609146334,"path_taken":["M","?","M","?","?","R","M","?","T","R","?","M","M","M","R","BOSS"],"items_purchased_type":["Card"],"build_version":"2020-12-22","purchased_purges":0,"victory":false,"max_hp_per_floor":[66,66,66,66,66,66,66,66,66,66,66,66,66,66,66,66,66],"card_choices":[{"not_picked":["Backflip","Underhanded Strike"],"picked":"conspire:DoublingDagger","floor":1},{"not_picked":["Calculated Gamble","Flying Knee"],"picked":"Cloak And Dagger","floor":3},{"not_picked":["Reflex","Dagger Spray"],"picked":"Masterful Stab","floor":5},{"not_picked":["Sucker Punch","Bouncing Flask","Outmaneuver"],"picked":"SKIP","floor":7},{"not_picked":["Sucker Punch","Dodge and Roll"],"picked":"Cloak And Dagger","floor":11},{"not_picked":["Acrobatics","conspire:PoisonWeapons","Well Laid Plans"],"picked":"SKIP","floor":12},{"not_picked":["Tactician","Eviscerate","Flying Knee"],"picked":"SKIP","floor":13},{"not_picked":["Heel Hook","Calculated Gamble"],"picked":"After Image","floor":14}],"player_experience":1793169,"relics_obtained":[{"floor":9,"key":"hubris:AstralHammer"}],"event_choices":[{"damage_healed":0,"gold_gain":0,"player_choice":"Ignored","damage_taken":0,"max_hp_gain":0,"max_hp_loss":0,"event_name":"Liars Game","floor":2,"gold_loss":0}],"is_beta":false,"boss_relics":[],"items_purged_floors":[],"is_endless":false,"potions_floor_spawned":[1,7,12,13,14],"killed_by":"Slime Boss","ascension_level":17}}