{"host":"dh4nu8nelr2izibb","time":1609184895,"event":{"mods":["Act Like it!","BaseMod","Better Third Choice","Card Forge","Displayed Cursed Tome","HololiveMod","Marisa????????","Minty Spire (QoL Compilation)","Puzzle Mod","Quick Restart","Relic Filter","StSLib","The Marked","The Poker Player","The Servant 0.9.4","WarShipGirlsR/????R mod","Yakumo Yukari mod"],"gold_per_floor":[18,31,41,41,61,61,94,94,94,124,141,161,181,191,191,269,269,269],"floor_reached":17,"playtime":611,"items_purged":[],"score":342,"play_id":"14b4dec1-7c6d-41a3-9eed-bc94bda1a508","local_time":"20201228144815","is_ascension_mode":true,"campfire_choices":[{"data":"Dagger Spray","floor":6.0,"key":"SMITH"},{"floor":8.0,"key":"REST"},{"floor":15,"key":"REST"}],"circlet_count":0,"master_deck":["AscendersBane","Strike_G","Strike_G","Strike_G","Strike_G","Defend_G","Defend_G","Defend_G","Defend_G","Survivor","Neutralize+1","Sadistic Nature","PiercingWail","Prepared","Deflect","Neutralize+1","Dagger Spray+1","Skewer","Dagger Throw","Blur","Cloak And Dagger","Cloak And Dagger","Blade Dance","Malaise","CurseOfTheBell"],"relics":["Ring of the Snake","Hammer of Thor","Seething Fire","Anvil of the Gods","Thread and Needle","Ornamental Fan","Bag of Marbles","Calling Bell","Dream Catcher","Pear","TungstenRod"],"acts_visited":["Exordium","TheCity"],"potions_floor_usage":[16],"damage_taken":[{"damage":2.0,"enemies":"Jaw Worm","floor":1.0,"turns":4.0},{"damage":0.0,"enemies":"Cultist","floor":2.0,"turns":4.0},{"damage":1.0,"enemies":"Small Slimes","floor":3.0,"turns":5.0},{"damage":0.0,"enemies":"Looter","floor":5.0,"turns":3.0},{"damage":34.0,"enemies":"Lagavulin","floor":7.0,"turns":9.0},{"damage":32.0,"enemies":"Gremlin Nob","floor":10.0,"turns":5.0},{"damage":0,"enemies":"Gremlin Gang","floor":11,"turns":4},{"damage":0,"enemies":"Exordium Thugs","floor":12,"turns":2},{"damage":0,"enemies":"Lots of Slimes","floor":13,"turns":3},{"damage":0,"enemies":"Large Slime","floor":14,"turns":4},{"damage":3,"enemies":"The Guardian","floor":16,"turns":12}],"seed_played":"8740820163211741900","potions_obtained":[{"floor":1.0,"key":"Poison Potion"},{"floor":2.0,"key":"Weak Potion"},{"floor":7.0,"key":"LiquidBronze"},{"floor":10.0,"key":"DuplicationPotion"},{"floor":16,"key":"Ancient Potion"}],"is_trial":false,"path_per_floor":["M","M","M","?","M","R","E","R","T","E","M","M","M","M","R","B",null],"character_chosen":"THE_SILENT","items_purchased":[],"campfire_rested":2,"item_purchase_floors":[],"current_hp_per_floor":[57,57,56,56,56,56,22,41,41,9,9,9,9,9,28,25,66,66],"gold":269,"neow_bonus":"RANDOM_COLORLESS_2","is_daily":false,"chose_seed":false,"campfire_upgraded":1,"win_rate":0.0,"timestamp":1609184895,"path_taken":["M","M","M","?","M","R","E","R","T","E","M","?","M","M","R","BOSS"],"items_purchased_type":[],"build_version":"2020-12-22","purchased_purges":0,"victory":false,"max_hp_per_floor":[66,66,66,66,66,66,66,66,66,66,66,66,66,66,66,66,76,76],"card_choices":[{"not_picked":["Magnetism","Metamorphosis"],"picked":"Sadistic Nature","floor":0.0},{"not_picked":["Masterful Stab","Quick Slash"],"picked":"PiercingWail","floor":1.0},{"not_picked":["PiercingWail","Dodge and Roll"],"picked":"Prepared","floor":2.0},{"not_picked":["Acrobatics","Prepared"],"picked":"Deflect","floor":3.0},{"not_picked":["Backflip","Calculated Gamble"],"picked":"Dagger Spray","floor":5.0},{"not_picked":["Deflect","Outmaneuver"],"picked":"Skewer","floor":7.0},{"not_picked":["Sucker Punch","Unload"],"picked":"Dagger Throw","floor":10.0},{"not_picked":["Catalyst","PiercingWail"],"picked":"Blur","floor":11},{"not_picked":["Slice","Escape Plan"],"picked":"Cloak And Dagger","floor":12},{"not_picked":["Acrobatics","Outmaneuver"],"picked":"Cloak And Dagger","floor":13},{"not_picked":["Bane","All Out Attack"],"picked":"Blade Dance","floor":14},{"not_picked":["Venomology","Burst"],"picked":"Malaise","floor":16}],"player_experience":1124485,"relics_obtained":[{"floor":7.0,"key":"Thread and Needle"},{"floor":9.0,"key":"Ornamental Fan"},{"floor":10.0,"key":"Bag of Marbles"},{"floor":17,"key":"Dream Catcher"},{"floor":17,"key":"Pear"},{"floor":17,"key":"TungstenRod"}],"event_choices":[{"damage_healed":0.0,"max_hp_gain":0.0,"max_hp_loss":0.0,"gold_gain":0.0,"event_name":"Match and Keep!","player_choice":"2 cards matched","floor":4.0,"gold_loss":0.0,"damage_taken":0.0,"cards_obtained":["Neutralize","Doppelganger"]}],"is_beta":false,"boss_relics":[{"not_picked":["Runic Dome","Pandora\u0027s Box"],"picked":"Calling Bell"}],"items_purged_floors":[],"is_endless":false,"potions_floor_spawned":[1,2,7,10,13,14,16],"ascension_level":20}}