{"host":"49c2zf0lajbcs427","time":1609146607,"event":{"mods":["AchievementEnabler","BaseMod","Colored Map","Colored Powertips","Highlight Path","Key Reminder","Minty Spire (QoL Compilation)","Relic Stats","StSLib"],"gold_per_floor":[110,126,126,126,0,31,53,65,128,140,187,199,270,323,335,467,479,510,522,508,520,520],"floor_reached":21,"playtime":1155,"items_purged":[],"score":296,"play_id":"63c5b38f-e894-4f9a-9cc1-11754941fb55","local_time":"20201228221007","is_ascension_mode":true,"campfire_choices":[{"data":"Perfected Strike","floor":8,"key":"SMITH"},{"data":"Bash","floor":10,"key":"SMITH"},{"floor":15,"key":"REST"}],"circlet_count":0,"master_deck":["AscendersBane","Strike_R","Strike_R","Strike_R","Strike_R","Strike_R","Defend_R","Defend_R","Defend_R","Defend_R","Bash+1","Perfected Strike+1","Pommel Strike","Pommel Strike","Clothesline","Limit Break+1","Shrug It Off","Limit Break","CurseOfTheBell","Second Wind+1","Iron Wave"],"relics":["SacredBark","MawBank","Toy Ornithopter","Boot","Golden Idol","Peace Pipe","Calling Bell","Happy Flower","Shuriken","Torii"],"acts_visited":["Exordium","TheCity"],"potions_floor_usage":[6,11,13,16,21],"damage_taken":[{"damage":8,"enemies":"Jaw Worm","floor":1,"turns":5},{"damage":9,"enemies":"2 Louse","floor":2,"turns":3},{"damage":52,"enemies":"Lagavulin","floor":6,"turns":8},{"damage":3,"enemies":"Small Slimes","floor":7,"turns":2},{"damage":5,"enemies":"3 Sentries","floor":11,"turns":7},{"damage":13,"enemies":"Gremlin Gang","floor":13,"turns":4},{"damage":20,"enemies":"Lagavulin","floor":14,"turns":7},{"damage":45,"enemies":"The Guardian","floor":16,"turns":13},{"damage":13,"enemies":"Chosen","floor":18,"turns":5},{"damage":33,"enemies":"2 Thieves","floor":20,"turns":5},{"damage":19,"enemies":"Centurion and Healer","floor":21,"turns":3}],"seed_played":"6424714207774518613","potions_obtained":[{"floor":1,"key":"EssenceOfSteel"},{"floor":2,"key":"Ancient Potion"},{"floor":6,"key":"ColorlessPotion"},{"floor":7,"key":"PowerPotion"},{"floor":20,"key":"ElixirPotion"}],"is_trial":false,"path_per_floor":["M","M","?","?","$","E","M","R","T","R","E","?","M","E","R","B",null,"M","?","M","M"],"character_chosen":"IRONCLAD","items_purchased":["Regen Potion","Pommel Strike"],"campfire_rested":1,"item_purchase_floors":[5,5],"current_hp_per_floor":[64,55,55,60,60,51,48,48,48,48,48,48,40,20,43,3,60,47,47,14,0,0],"gold":520,"neow_bonus":"BOSS_RELIC","is_daily":false,"chose_seed":false,"campfire_upgraded":2,"win_rate":0.0,"timestamp":1609146607,"path_taken":["M","M","?","?","$","E","M","R","T","R","E","?","?","E","R","BOSS","M","?","M","?"],"items_purchased_type":["Potion","Card"],"build_version":"2020-12-22","purchased_purges":0,"victory":false,"max_hp_per_floor":[80,80,80,85,85,85,85,85,85,85,85,79,79,79,79,79,79,79,79,79,79,79],"relic_stats":{"Peace Pipe":0,"Happy Flower":[4],"Torii":16,"counters":[11,62],"Golden Idol":44,"Shuriken":[2],"MawBank":180,"Boot":[6],"obtain_stats":[{"Peace Pipe":14,"Calling Bell":17,"Happy Flower":17,"Torii":17,"Golden Idol":12,"Shuriken":17,"SacredBark":0,"MawBank":6,"Boot":11,"Burning Blood":0,"Toy Ornithopter":9},{"Peace Pipe":7,"Calling Bell":8,"Happy Flower":8,"Torii":8,"Golden Idol":5,"Shuriken":8,"SacredBark":0,"MawBank":3,"Boot":5,"Burning Blood":0,"Toy Ornithopter":4},{"Peace Pipe":36,"Calling Bell":49,"Happy Flower":49,"Torii":49,"Golden Idol":25,"Shuriken":49,"SacredBark":0,"MawBank":16,"Boot":25,"Burning Blood":0,"Toy Ornithopter":18}],"Toy Ornithopter":20},"card_choices":[{"not_picked":["Flame Barrier","Sentinel"],"picked":"Perfected Strike","floor":1},{"not_picked":["Warcry","Pummel"],"picked":"Pommel Strike","floor":2},{"not_picked":["Entrench","Headbutt"],"picked":"Clothesline","floor":6},{"not_picked":["Warcry","Heavy Blade","Anger"],"picked":"SKIP","floor":7},{"not_picked":["Armaments","Sword Boomerang"],"picked":"Limit Break","floor":11},{"not_picked":["True Grit","Warcry","Clothesline"],"picked":"SKIP","floor":13},{"not_picked":["Intimidate","Wild Strike"],"picked":"Shrug It Off","floor":14},{"not_picked":["Immolate","Juggernaut"],"picked":"Limit Break","floor":16},{"not_picked":["Thunderclap","Wild Strike+1"],"picked":"Second Wind+1","floor":18},{"not_picked":["Infernal Blade","Clothesline+1"],"picked":"Iron Wave","floor":20}],"player_experience":2193928,"relics_obtained":[{"floor":6,"key":"MawBank"},{"floor":9,"key":"Toy Ornithopter"},{"floor":11,"key":"Boot"},{"floor":14,"key":"Peace Pipe"},{"floor":17,"key":"Happy Flower"},{"floor":17,"key":"Shuriken"},{"floor":17,"key":"Torii"}],"event_choices":[{"damage_healed":0,"gold_gain":0,"player_choice":"Ignored","damage_taken":0,"max_hp_gain":0,"max_hp_loss":0,"event_name":"Golden Wing","floor":3,"gold_loss":0},{"damage_healed":0,"gold_gain":0,"player_choice":"Donut","damage_taken":0,"max_hp_gain":5,"max_hp_loss":0,"event_name":"Big Fish","floor":4,"gold_loss":0},{"damage_healed":0,"gold_gain":0,"player_choice":"Lose Max HP","damage_taken":0,"relics_obtained":["Golden Idol"],"max_hp_gain":0,"max_hp_loss":6,"event_name":"Golden Idol","floor":12,"gold_loss":0},{"damage_healed":0,"gold_gain":0,"player_choice":"Forge","damage_taken":0,"max_hp_gain":0,"max_hp_loss":0,"event_name":"Accursed Blacksmith","floor":19,"gold_loss":0,"cards_upgraded":["Limit Break"]}],"is_beta":false,"boss_relics":[{"not_picked":["Sozu","Astrolabe"],"picked":"Calling Bell"}],"items_purged_floors":[],"is_endless":false,"potions_floor_spawned":[1,2,6,7,20],"killed_by":"Centurion and Healer","ascension_level":10}}