{"host":"wy5pcbg592uilh9l","time":1609192652,"event":{"mods":["AchievementEnabler","BaseMod","BetterRewards","Hubris","Infinite Spire","Minty Spire (QoL Compilation)","Permanent Neow","Replay The Spire","StSLib","The Servant 0.9.4"],"gold_per_floor":[111,286,286,299,299,326,101,101,101,129,76,96,96,113,113,113,113],"floor_reached":16,"playtime":1943,"items_purged":[],"score":119,"play_id":"22cab05c-2bec-4b50-b7ff-16a3cfe6610a","local_time":"20201228155732","is_ascension_mode":true,"campfire_choices":[{"floor":8,"key":"REST"},{"floor":13,"key":"REST"},{"floor":15,"key":"REST"}],"circlet_count":0,"master_deck":["Strike_G","Strike_G","Strike_G","Strike_G","Strike_G","Defend_G","Defend_G","Defend_G","Defend_G","Defend_G","Survivor","Neutralize","Acrobatics","Crippling Poison","Doubt","Regret","Noxious Fumes","Dodge and Roll","Poison Darts","Finisher","PiercingWail","Deadly Poison","Prepared","Backflip"],"relics":["Ring of the Snake","Sundial","hubris:Towel","Strawberry","Kunai","TungstenRod"],"acts_visited":["Exordium"],"potions_floor_usage":[6,10],"damage_taken":[{"damage":0,"enemies":"Jaw Worm","floor":1,"turns":5},{"damage":2,"enemies":"2 Louse","floor":4,"turns":4},{"damage":43,"enemies":"Lagavulin","floor":6,"turns":9},{"damage":20,"enemies":"3 Sentries","floor":10,"turns":8},{"damage":0,"enemies":"Small Slimes","floor":12,"turns":4},{"damage":7,"enemies":"Blue Slaver","floor":14,"turns":3},{"damage":75,"enemies":"Slime Boss","floor":16,"turns":11}],"seed_played":"3666557015781195005","potions_obtained":[{"floor":4,"key":"SkillPotion"},{"floor":6,"key":"EssenceOfSteel"}],"is_trial":false,"path_per_floor":["M","?","?","M","?","E","$","R","T","E","$","M","R","M","R","B"],"character_chosen":"THE_SILENT","items_purchased":["Poison Darts","Finisher","Deadly Poison"],"campfire_rested":3,"item_purchase_floors":[7,7,11],"current_hp_per_floor":[70,70,70,68,68,32,32,55,55,35,35,35,58,51,74,0,0],"gold":113,"neow_bonus":"RANDOM_EVENT","is_daily":false,"chose_seed":false,"campfire_upgraded":0,"win_rate":0.0,"timestamp":1609192652,"path_taken":["M","?","?","M","?","E","$","R","T","E","?","M","R","M","R","BOSS"],"items_purchased_type":["Card","Card","Card"],"build_version":"2020-12-22","purchased_purges":0,"victory":false,"max_hp_per_floor":[70,70,70,70,70,77,77,77,77,77,77,77,77,77,77,77,77],"card_choices":[{"not_picked":["Deflect","Backflip"],"picked":"Crippling Poison","floor":1},{"not_picked":["Cloak And Dagger","Riddle With Holes"],"picked":"Noxious Fumes","floor":4},{"not_picked":["Masterful Stab","Outmaneuver"],"picked":"Dodge and Roll","floor":6},{"not_picked":["Eviscerate","Expertise"],"picked":"PiercingWail","floor":10},{"not_picked":["Dagger Throw","Tactician"],"picked":"Prepared","floor":12},{"not_picked":["PiercingWail","Sucker Punch"],"picked":"Backflip","floor":14}],"player_experience":169628,"relics_obtained":[{"floor":6,"key":"Strawberry"},{"floor":9,"key":"Kunai"},{"floor":10,"key":"TungstenRod"}],"event_choices":[{"damage_healed":0,"gold_gain":175,"player_choice":"AGREE","damage_taken":0,"max_hp_gain":0,"max_hp_loss":0,"event_name":"Liars Game","floor":2,"gold_loss":0,"cards_obtained":["Doubt"]},{"damage_healed":0,"gold_gain":0,"player_choice":"Box","damage_taken":0,"relics_obtained":["Sundial"],"max_hp_gain":0,"max_hp_loss":0,"event_name":"Big Fish","floor":3,"gold_loss":0,"cards_obtained":["Regret"]}],"is_beta":false,"boss_relics":[],"items_purged_floors":[],"is_endless":false,"potions_floor_spawned":[4,6],"killed_by":"Slime Boss","ascension_level":2}}