{"host":"xkmvu47k9fdstweo","time":1609182042,"event":{"mods":["BaseMod","Colored Map","Conspire","Hubris","Minty Spire (QoL Compilation)","Quick Restart","Railgun Mod","Shop Mod","StSLib","The Alterego","The Servant 0.9.4","The Wild Card","TheBandit","WarShipGirlsR/??è≠èóR mod","vexMod"],"gold_per_floor":[109,109,109,84,84,123,123,166,190,211,244,257,257,273,273,402,402,416,430,451,299,259,299,299,52,52,72,72,72,87,105,105,231,231,255,155,155,175,175,208,208,239,239,239,239,259,282,321,321,321],"floor_reached":51,"playtime":1516,"items_purged":["Strike_B"],"score":1132,"play_id":"78c6a5a9-4ff4-4e54-9bf8-0f5d3f8ddeda","local_time":"20201228140042","is_ascension_mode":true,"campfire_choices":[{"data":"Barrage","floor":7,"key":"SMITH"},{"floor":13,"key":"REST"},{"data":"Machine Learning","floor":15,"key":"SMITH"},{"data":"Coolheaded","floor":24,"key":"SMITH"},{"data":"Machine Learning","floor":28,"key":"SMITH"},{"data":"hubris:Ukulele","floor":32,"key":"SMITH"},{"floor":41,"key":"REST"},{"floor":45,"key":"RECALL"},{"floor":49,"key":"REST"}],"circlet_count":0,"master_deck":["Strike_B","Defend_B+1","Defend_B","Defend_B","Zap+1","Dualcast+1","Barrage+1","Sweeping Beam","Conserve Battery","Hologram","Machine Learning+1","Redo","Machine Learning+1","Leap","Loop","hubris:Ukulele+1","Coolheaded+1","Chill+1","Meteor Strike","Sunder+1","Zap+1","Apotheosis","Gash","Gash","Cold Snap+1","Gash+1","Core Surge","BootSequence+1","Coolheaded"],"relics":["Cracked Core","Bag of Preparation","hubris:OldNail","Golden Idol","DataDisk","Matryoshka","War Paint","Lantern","Eternal Feather","Philosopher\u0027s Stone","Emotion Chip","Shuriken","Potion Belt","HornCleat","Fusion Hammer","Mercury Hourglass","Prayer Wheel","Mango","Kunai","Vajra"],"acts_visited":["Exordium","TheCity","TheBeyond"],"potions_floor_usage":[6,11,16,20,23,23,23,23,30,33,46,50,50,50,50,50],"damage_taken":[{"damage":0,"enemies":"Small Slimes","floor":1,"turns":2},{"damage":0,"enemies":"3 Sentries","floor":6,"turns":3},{"damage":25,"enemies":"Lagavulin","floor":8,"turns":6},{"damage":0,"enemies":"conspire:RoseBush","floor":10,"turns":2},{"damage":6,"enemies":"3 Sentries","floor":11,"turns":5},{"damage":0,"enemies":"Jaw Worm","floor":12,"turns":3},{"damage":14,"enemies":"Exordium Thugs","floor":14,"turns":5},{"damage":18,"enemies":"Hexaghost","floor":16,"turns":8},{"damage":8,"enemies":"3 Byrds","floor":18,"turns":4},{"damage":4,"enemies":"Spheric Guardian","floor":19,"turns":4},{"damage":18,"enemies":"Chosen and Byrds","floor":20,"turns":6},{"damage":13,"enemies":"conspire:SneckoGhost","floor":23,"turns":4},{"damage":19,"enemies":"Snake Plant","floor":27,"turns":4},{"damage":1,"enemies":"Sentry and Sphere","floor":30,"turns":4},{"damage":2,"enemies":"conspire:HollyBat","floor":31,"turns":5},{"damage":25,"enemies":"conspire:MysteriousRune","floor":33,"turns":10},{"damage":0,"enemies":"3 Darklings","floor":35,"turns":6},{"damage":0,"enemies":"Orb Walker","floor":38,"turns":3},{"damage":3,"enemies":"Giant Head","floor":40,"turns":5},{"damage":3,"enemies":"Reptomancer","floor":42,"turns":5},{"damage":4,"enemies":"Maw","floor":46,"turns":5},{"damage":0,"enemies":"3 Darklings","floor":47,"turns":3},{"damage":3,"enemies":"Nemesis","floor":48,"turns":5},{"damage":16,"enemies":"Awakened One","floor":50,"turns":6}],"seed_played":"4667304134763642723","potions_obtained":[{"floor":0,"key":"Weak Potion"},{"floor":0,"key":"FocusPotion"},{"floor":0,"key":"FearPotion"},{"floor":1,"key":"PowerPotion"},{"floor":6,"key":"EntropicBrew"},{"floor":14,"key":"DistilledChaos"},{"floor":18,"key":"SpeedPotion"},{"floor":23,"key":"AttackPotion"},{"floor":31,"key":"EssenceOfSteel"},{"floor":33,"key":"Weak Potion"},{"floor":35,"key":"Block Potion"},{"floor":42,"key":"PowerPotion"},{"floor":46,"key":"FearPotion"},{"floor":48,"key":"LiquidBronze"}],"is_trial":false,"path_per_floor":["M","?","?","?","?","E","R","E","T","M","E","M","R","M","R","B",null,"M","M","M","$","?","E","R","$","T","M","R","?","M","M","R","B",null,"M","NS","?","M","?","E","R","E","T","T","R","M","M","E","R","B",null],"character_chosen":"DEFECT","items_purchased":["hubris:Ukulele","Shuriken"],"campfire_rested":3,"item_purchase_floors":[21,25],"current_hp_per_floor":[68,50,50,50,50,50,50,25,25,25,19,19,48,34,43,25,58,50,46,28,28,28,24,36,36,36,17,29,29,28,26,38,13,55,55,55,55,55,55,52,69,66,80,80,83,79,79,76,83,67],"gold":321,"neow_bonus":"THREE_SMALL_POTIONS","is_daily":false,"chose_seed":false,"campfire_upgraded":5,"win_rate":0.0,"timestamp":1609182042,"path_taken":["M","?","?","?","?","E","R","E","T","M","E","M","R","M","R","BOSS","M","M","M","$","?","E","R","?","T","M","R","?","?","M","R","BOSS","M","NS","?","?","?","E","R","E","T","?","R","M","M","E","R","BOSS"],"items_purchased_type":["Card","Relic"],"build_version":"2020-12-22","purchased_purges":1,"victory":true,"max_hp_per_floor":[75,75,75,75,69,69,69,69,69,69,69,69,69,69,69,69,69,69,69,69,69,69,69,69,69,69,69,69,69,69,69,69,69,69,69,69,69,69,69,69,69,69,83,83,83,83,83,83,83,83],"card_choices":[{"not_picked":["Beam Cell","Streamline"],"picked":"Barrage","floor":1},{"not_picked":["conspire:Rain","Redo"],"picked":"Sweeping Beam","floor":6},{"not_picked":["Rebound","Redo"],"picked":"Conserve Battery","floor":8},{"not_picked":["Beam Cell","Stack","Steam"],"picked":"SKIP","floor":10},{"not_picked":["Melter","Conserve Battery"],"picked":"Hologram","floor":11},{"not_picked":["Melter","Stack"],"picked":"Machine Learning","floor":12},{"not_picked":["Steam","Skim"],"picked":"Redo","floor":14},{"not_picked":["Hyperbeam","Meteor Strike"],"picked":"Machine Learning","floor":16},{"not_picked":["Sweeping Beam+1","Steam"],"picked":"Leap","floor":18},{"not_picked":["Redo","Sweeping Beam"],"picked":"Loop","floor":19},{"not_picked":["Steam Power","Recycle+1","Static Discharge"],"picked":"SKIP","floor":20},{"not_picked":["Barrage","conspire:SharedLibrary"],"picked":"Coolheaded","floor":23},{"not_picked":["Redo","Scrape","Rebound"],"picked":"SKIP","floor":27},{"not_picked":["Rebound+1","Sweeping Beam","hubris:SpecializedCircuitry"],"picked":"SKIP","floor":30},{"not_picked":["Coolheaded","Cold Snap"],"picked":"Chill+1","floor":31},{"not_picked":["Multi-Cast","hubris:Prefetch"],"picked":"Meteor Strike","floor":33},{"not_picked":["Streamline","Genetic Algorithm+1"],"picked":"Sunder+1","floor":35},{"not_picked":["Stack+1","Steam","Go for the Eyes"],"picked":"SKIP","floor":38},{"not_picked":["Metamorphosis","Flash of Steel"],"picked":"Apotheosis","floor":39},{"not_picked":["Steam+1","Redo"],"picked":"Gash","floor":40},{"not_picked":["Genetic Algorithm","Compile Driver"],"picked":"Gash","floor":42},{"not_picked":["Steam+1","Barrage+1"],"picked":"Cold Snap+1","floor":46},{"not_picked":["Blizzard","Hologram+1"],"picked":"Gash+1","floor":46},{"not_picked":["Auto Shields","Static Discharge+1"],"picked":"Core Surge","floor":47},{"not_picked":["Beam Cell","Rebound"],"picked":"BootSequence+1","floor":47},{"not_picked":["Aggregate","Barrage"],"picked":"Coolheaded","floor":48}],"player_experience":346220,"relics_obtained":[{"floor":6,"key":"DataDisk"},{"floor":8,"key":"Matryoshka"},{"floor":9,"key":"War Paint"},{"floor":9,"key":"Lantern"},{"floor":11,"key":"Eternal Feather"},{"floor":23,"key":"Emotion Chip"},{"floor":26,"key":"Potion Belt"},{"floor":26,"key":"HornCleat"},{"floor":40,"key":"Mercury Hourglass"},{"floor":42,"key":"Prayer Wheel"},{"floor":43,"key":"Mango"},{"floor":44,"key":"Kunai"},{"floor":48,"key":"Vajra"}],"event_choices":[{"damage_healed":0,"gold_gain":0,"player_choice":"Success","damage_taken":18,"relics_obtained":["Bag of Preparation"],"max_hp_gain":0,"max_hp_loss":0,"event_name":"Scrap Ooze","floor":2,"gold_loss":0},{"damage_healed":0,"gold_gain":0,"player_choice":"Grow","damage_taken":0,"max_hp_gain":0,"max_hp_loss":0,"event_name":"Living Wall","floor":3,"gold_loss":0,"cards_upgraded":["Zap"]},{"damage_healed":0,"gold_gain":0,"player_choice":"Lose Max HP","damage_taken":0,"relics_obtained":["Golden Idol"],"max_hp_gain":0,"max_hp_loss":6,"event_name":"Golden Idol","floor":5,"gold_loss":0},{"damage_healed":0,"gold_gain":0,"player_choice":"Upgraded Two","damage_taken":0,"max_hp_gain":0,"max_hp_loss":0,"event_name":"Designer","floor":22,"gold_loss":40,"cards_upgraded":["Dualcast","Strike_B"]},{"cards_removed":["Strike_B"],"damage_healed":0,"gold_gain":0,"player_choice":"Card Removal","damage_taken":0,"max_hp_gain":0,"max_hp_loss":0,"event_name":"Wheel of Change","floor":29,"gold_loss":0},{"damage_healed":0,"gold_gain":0,"player_choice":"Copied","damage_taken":0,"max_hp_gain":0,"max_hp_loss":0,"event_name":"Duplicator","floor":37,"gold_loss":0,"cards_obtained":["Zap"]},{"damage_healed":0,"gold_gain":0,"player_choice":"Memory 1","damage_taken":0,"max_hp_gain":0,"max_hp_loss":0,"event_name":"SensoryStone","floor":39,"gold_loss":0}],"is_beta":false,"boss_relics":[{"not_picked":["conspire:SeveredTorchhead","vexMod:TanglingVine"],"picked":"Philosopher\u0027s Stone"},{"not_picked":["Runic Pyramid","Coffee Dripper"],"picked":"Fusion Hammer"}],"items_purged_floors":[21],"is_endless":false,"potions_floor_spawned":[1,6,14,18,23,31,33,35,42,46,48],"ascension_level":8}}