{"host":"mvlqq966zh3ccmv5","time":1609190156,"event":{"mods":["AchievementEnabler","BaseMod","DeckTracker","Minty Spire (QoL Compilation)","SuperFastMode"],"gold_per_floor":[111,36,56,6,6,36,36,54,54,72,85,85,18,37,37,139,139,159,170,70,84,95,95,95],"floor_reached":23,"playtime":462,"items_purged":["Strike_B","Strike_B"],"score":297,"play_id":"2918602d-3e4e-4325-be12-3df310626e69","local_time":"20201229061556","is_ascension_mode":true,"campfire_choices":[{"data":"Zap","floor":7,"key":"SMITH"},{"data":"Chaos","floor":12,"key":"SMITH"},{"data":"Barrage","floor":15,"key":"SMITH"}],"circlet_count":0,"master_deck":["Strike_B","Defend_B","Defend_B","Defend_B","Defend_B","Zap+1","Dualcast","Barrage+1","Sweeping Beam","Chaos+1","Rainbow","Hologram+1","Rainbow+1","Fission+1","Seek+1","Hologram+1","Compile Driver+1","Undo+1"],"relics":["Cracked Core","NeowsBlessing","Bird Faced Urn","Toxic Egg 2","Busted Crown"],"acts_visited":["Exordium","TheCity"],"potions_floor_usage":[16,22],"damage_taken":[{"damage":0,"enemies":"Cultist","floor":1,"turns":1},{"damage":0,"enemies":"Jaw Worm","floor":3,"turns":1},{"damage":0,"enemies":"Gremlin Nob","floor":6,"turns":1},{"damage":4,"enemies":"2 Louse","floor":8,"turns":3},{"damage":12,"enemies":"Exordium Wildlife","floor":10,"turns":4},{"damage":17,"enemies":"Lots of Slimes","floor":11,"turns":3},{"damage":1,"enemies":"2 Fungi Beasts","floor":14,"turns":2},{"damage":27,"enemies":"Hexaghost","floor":16,"turns":9},{"damage":6,"enemies":"3 Byrds","floor":18,"turns":3},{"damage":0,"enemies":"Shell Parasite","floor":19,"turns":2},{"damage":14,"enemies":"Snecko","floor":21,"turns":4},{"damage":2,"enemies":"Snake Plant","floor":22,"turns":3},{"damage":9,"enemies":"Slavers","floor":23,"turns":2}],"seed_played":"-6726494500275005010","potions_obtained":[{"floor":3,"key":"SkillPotion"},{"floor":10,"key":"FearPotion"},{"floor":11,"key":"Block Potion"},{"floor":16,"key":"SpeedPotion"}],"is_trial":false,"path_per_floor":["M","$","M","?","?","E","R","M","T","M","M","R","$","M","R","B",null,"M","M","$","M","M","E"],"character_chosen":"DEFECT","items_purchased":["Rainbow+1"],"campfire_rested":0,"item_purchase_floors":[13],"current_hp_per_floor":[68,68,68,68,73,73,73,69,69,57,40,40,40,39,39,12,63,57,57,57,43,41,32,32],"gold":95,"neow_bonus":"THREE_ENEMY_KILL","is_daily":false,"chose_seed":false,"campfire_upgraded":3,"win_rate":0.0,"timestamp":1609190156,"path_taken":["M","$","M","?","?","E","R","M","T","M","M","R","?","M","R","BOSS","M","M","$","M","M","E"],"items_purchased_type":["Card"],"build_version":"2020-12-22","purchased_purges":2,"victory":false,"max_hp_per_floor":[75,75,75,75,80,80,80,80,80,80,80,80,80,80,80,80,80,80,80,80,80,80,80,80],"card_choices":[{"not_picked":["Turbo","White Noise"],"picked":"Barrage","floor":1},{"not_picked":["Compile Driver","Recycle"],"picked":"Sweeping Beam","floor":3},{"not_picked":["Rip and Tear","Undo"],"picked":"Chaos","floor":6},{"not_picked":["Melter","Turbo"],"picked":"Rainbow","floor":8},{"not_picked":["Go for the Eyes","Rebound"],"picked":"Hologram+1","floor":10},{"not_picked":["Beam Cell","Leap+1","Force Field+1"],"picked":"SKIP","floor":11},{"not_picked":["BootSequence+1","Consume+1"],"picked":"Fission+1","floor":14},{"not_picked":["Buffer","Echo Form"],"picked":"Seek+1","floor":16},{"not_picked":[],"picked":"Hologram+1","floor":18},{"not_picked":[],"picked":"Compile Driver+1","floor":19},{"not_picked":[],"picked":"Undo+1","floor":21},{"not_picked":["Undo+1"],"picked":"SKIP","floor":22}],"player_experience":226299,"relics_obtained":[{"floor":6,"key":"Bird Faced Urn"},{"floor":9,"key":"Toxic Egg 2"}],"event_choices":[{"cards_removed":["Strike_B"],"damage_healed":0,"gold_gain":0,"player_choice":"Card Removal","damage_taken":0,"max_hp_gain":0,"max_hp_loss":0,"event_name":"The Cleric","floor":4,"gold_loss":50},{"damage_healed":0,"gold_gain":0,"player_choice":"Donut","damage_taken":0,"max_hp_gain":5,"max_hp_loss":0,"event_name":"Big Fish","floor":5,"gold_loss":0}],"is_beta":false,"boss_relics":[{"not_picked":["Coffee Dripper","Tiny House"],"picked":"Busted Crown"}],"items_purged_floors":[2,20],"is_endless":false,"potions_floor_spawned":[3,10,11,14,16],"killed_by":"Slavers","ascension_level":7}}