{"host":"s6mlqkqtr3ey2mm2","time":1609169310,"event":{"mods":["2.2 Compatiblity","AchievementEnabler","Aspiration","BaseMod","Beaked The Cultist","Better Note","BetterRewards","Challenge The Spire","Colored Map","Colored Powertips","Conspire","Curses Come First","Downfall","Emptier Cage","Energized Spire","GifTheSpireLib","Halation","Hermit","Hubris","Infinite Spire","Ironclad Rager","Marked Mod","Minty Spire (QoL Compilation)","Quick Restart","RatMod","Replay The Spire","Retaliation","Shade Mod","Somnambulant","Spicy Shops","StSLib","Stuff the Spire","The Blue Laboratory","The Construct","The Druid","The IronCluck","The Marked","The Mystic","The Necromancer","The Poker Player","The Runesmith","The Valiant","vexMod"],"gold_per_floor":[109,119,131,131,34,53,69,83,83,97,97,108,108,139,139,139,139],"floor_reached":16,"playtime":1404,"items_purged":[],"score":106,"play_id":"ec3e72fd-d845-43b6-9391-3663050711e4","local_time":"20201228102830","is_ascension_mode":false,"campfire_choices":[{"floor":11,"key":"REST"},{"floor":13,"key":"REST"},{"floor":15,"key":"REST"}],"circlet_count":0,"master_deck":["Shade:Strike_Shade","Shade:Strike_Shade","Shade:Strike_Shade","Shade:Strike_Shade","Shade:Defend_Shade","Shade:Defend_Shade","Shade:Defend_Shade","Shade:Defend_Shade","Shade:AnimateDead","Shade:CarefulCut","Shade:SkeletonHug","Shade:OpenGraves","Shade:Brains","Shade:TouchOfTheGrave+1","Shade:CommandSoldier","Shade:Doomsay","Shade:Patience","Shade:CommandSoldier","Shade:FingerOfDeath","Shade:Carnophage","Shade:FingerOfDeath"],"relics":["Shade:YorickSkull","infinitespire:Eraser","hubris:DeckOfHolding"],"acts_visited":["Exordium"],"potions_floor_usage":[],"damage_taken":[{"damage":0,"enemies":"Cultist","floor":1,"turns":4},{"damage":12,"enemies":"infinitespire:Voidling","floor":2,"turns":4},{"damage":4,"enemies":"conspire:RoseBush","floor":3,"turns":2},{"damage":21,"enemies":"Exordium Wildlife","floor":6,"turns":6},{"damage":5,"enemies":"Red Slaver","floor":7,"turns":4},{"damage":3,"enemies":"Looter","floor":8,"turns":3},{"damage":10,"enemies":"2 Fungi Beasts","floor":10,"turns":3},{"damage":26,"enemies":"Gremlin Gang","floor":12,"turns":5},{"damage":21,"enemies":"3 Sentries","floor":14,"turns":7},{"damage":0,"enemies":"Hexaghost","floor":16,"turns":1}],"seed_played":"2793188643781009215","potions_obtained":[{"floor":1,"key":"SteroidPotion"},{"floor":2,"key":"GamblersBrew"},{"floor":8,"key":"Block Potion"},{"floor":10,"key":"BlessingOfTheForge"}],"is_trial":false,"path_per_floor":["M","M","M","?","$","M","M","M","T","M","R","M","R","E","R_BF","B"],"character_chosen":"SHADE","items_purchased":["Shade:TouchOfTheGrave+1","Shade:CommandSoldier"],"campfire_rested":3,"item_purchase_floors":[5,5],"current_hp_per_floor":[71,66,62,69,69,48,43,40,40,30,51,25,46,25,46,46,46],"gold":139,"neow_bonus":"TEN_PERCENT_HP_BONUS","is_daily":false,"chose_seed":false,"campfire_upgraded":0,"win_rate":0.0,"timestamp":1609169310,"path_taken":["M","?","?","?","?","M","M","?","T","M","R","M","R","E","R_BF","BOSS"],"items_purchased_type":["Card","Card"],"build_version":"2020-12-22","purchased_purges":0,"victory":false,"max_hp_per_floor":[71,71,71,71,71,71,71,71,71,71,71,71,71,71,71,71,71],"card_choices":[{"not_picked":["Shade:CloudOfShrapnel","Shade:Haruspicy"],"picked":"Shade:SkeletonHug","floor":1},{"not_picked":["Shade:CloudOfShrapnel","Shade:AuraOfUnlife"],"picked":"Shade:OpenGraves","floor":2},{"not_picked":["Shade:FuneraryArmor","Shade:Trample"],"picked":"Shade:Brains","floor":3},{"not_picked":["Shade:SoulToxin","Shade:Patience"],"picked":"Shade:Doomsay","floor":6},{"not_picked":["Shade:SpontaneousRitual","Shade:Premonition"],"picked":"Shade:Patience","floor":7},{"not_picked":["Shade:LoseControl","Shade:CoffinDance"],"picked":"Shade:CommandSoldier","floor":8},{"not_picked":["Shade:Frenzy","Shade:Premonition"],"picked":"Shade:FingerOfDeath","floor":10},{"not_picked":["Shade:ClawBack","Shade:TouchOfTheGrave"],"picked":"Shade:Carnophage","floor":12},{"not_picked":["Shade:SkeletonHug","Shade:DarkOfNight"],"picked":"Shade:FingerOfDeath","floor":14}],"player_experience":36501,"relics_obtained":[{"floor":9,"key":"infinitespire:Eraser"},{"floor":14,"key":"hubris:DeckOfHolding"}],"event_choices":[],"is_beta":false,"boss_relics":[],"items_purged_floors":[],"is_endless":false,"potions_floor_spawned":[1,2,8,10,14],"killed_by":"Hexaghost","ascension_level":0}}