{"host":"j3h0p3l2xgzxhnx7","time":1609140401,"event":{"mods":["BaseMod","Luminous","Marisa????????","Minty Spire (QoL Compilation)","StSLib","The Bug Knight","The Cursed","The Servant 0.9.4"],"gold_per_floor":[114,130,130,142,160,160,160],"floor_reached":6,"playtime":351,"items_purged":[],"score":38,"play_id":"3a54d42c-b857-4ebc-b2d1-b938eb195985","local_time":"20201228152641","is_ascension_mode":false,"campfire_choices":[],"circlet_count":0,"master_deck":["HollowMod:NailStrikeStart","HollowMod:NailStrikeStart","HollowMod:NailStrikeStart","HollowMod:NailStrikeStart","HollowMod:QuickDashStart","HollowMod:QuickDashStart","HollowMod:QuickDashStart","HollowMod:QuickDashStart","HollowMod:FocusHealStart","HollowMod:PogoStrike","HollowMod:DescendingDark","HollowMod:SharpenedShadows","HollowMod:MantisMark","HollowMod:LifebloodCocoon"],"relics":["HollowMod:VesselMask","NeowsBlessing"],"acts_visited":["Exordium"],"potions_floor_usage":[6],"damage_taken":[{"damage":0,"enemies":"Cultist","floor":1,"turns":1},{"damage":0,"enemies":"2 Louse","floor":2,"turns":1},{"damage":0,"enemies":"Jaw Worm","floor":4,"turns":1},{"damage":17,"enemies":"Blue Slaver","floor":5,"turns":4},{"damage":72,"enemies":"Lagavulin","floor":6,"turns":8}],"seed_played":"7591576850412902709","potions_obtained":[{"floor":2,"key":"LiquidMemories"}],"is_trial":false,"path_per_floor":["M","M","?","M","M","E"],"character_chosen":"THE_BUGKNIGHT","items_purchased":[],"campfire_rested":0,"item_purchase_floors":[],"current_hp_per_floor":[75,75,75,75,58,0,0],"gold":160,"neow_bonus":"THREE_ENEMY_KILL","is_daily":false,"chose_seed":false,"campfire_upgraded":0,"win_rate":0.0,"timestamp":1609140401,"path_taken":["M","M","?","M","M","E"],"items_purchased_type":[],"build_version":"2020-12-22","purchased_purges":0,"victory":false,"max_hp_per_floor":[75,75,75,75,75,75,75],"card_choices":[{"not_picked":["HollowMod:SoulSplash","HollowMod:HowlingWraiths"],"picked":"HollowMod:DescendingDark","floor":1},{"not_picked":["HollowMod:BlackTendrils","HollowMod:RecoilStrike"],"picked":"HollowMod:SharpenedShadows","floor":2},{"not_picked":["HollowMod:InfectedAttack","HollowMod:HeavyBlow"],"picked":"HollowMod:MantisMark","floor":4},{"not_picked":["HollowMod:GreatSlash","HollowMod:HeavyBlow"],"picked":"HollowMod:LifebloodCocoon","floor":5}],"player_experience":4160,"relics_obtained":[],"event_choices":[{"damage_healed":0,"gold_gain":0,"player_choice":"Bought 0 Potions","damage_taken":0,"max_hp_gain":0,"max_hp_loss":0,"event_name":"The Woman in Blue","floor":3,"gold_loss":0}],"is_beta":false,"boss_relics":[],"items_purged_floors":[],"is_endless":false,"potions_floor_spawned":[2],"killed_by":"Lagavulin","ascension_level":0}}