{"host":"ft2xazkv7v30fddt","time":1609172692,"event":{"mods":["AchievementEnabler","Act Like it!","Aspiration","Astrologer","Bard","BaseMod","Better Altar","Better Match","Better Note","Better Sensory Stone","Better Skull","CapriCore","Chen","Colored Powertips","Downfall","Elementarium","Energized Spire","GifTheSpireLib","Gremlin Mod","Hermit","Hubris","Infinite Spire","KinomotoSakuraMod(????)","Koishi","Marisa????????","Minty Spire (QoL Compilation)","Pale of the Ancients","Permanent Neow","Potionbrewer","Prisma Mod","Replay The Spire","StSLib","Stuff the Spire","The Blackbeard","The Bladedancer","The Construct","The Cursed","The Forsaken","The Gatherer","The Hayseed","The Immortal","The Runesmith","The Servant 0.9.4","The Showman","The Vixen","TheArtist","TheSwordswoman","Wandering Minibosses","thorton","vexMod"],"gold_per_floor":[99,116,116,266,276,276,276,276,303,323,44,61,61,61,61,46,57,57,57,57],"floor_reached":18,"playtime":1006,"items_purged":["Slimebound:Icky"],"score":116,"play_id":"0887db03-b861-4bd7-8e78-5295ae0032cf","local_time":"20201229002452","is_ascension_mode":true,"campfire_choices":[{"data":"Guardian:BronzeOrb","floor":6,"key":"SMITH"},{"data":"Guardian:SentryBeam","floor":15,"key":"SMITH"}],"circlet_count":0,"master_deck":["Guardian:Strike_Guardian","Guardian:Strike_Guardian","Guardian:Strike_Guardian","Guardian:Defend_Guardian","Guardian:Defend_Guardian","Guardian:Defend_Guardian","Guardian:Defend_Guardian","Guardian:CurlUp","Guardian:TwinSlam","Guardian:BronzeOrb+1","Guardian:PrismaticBarrier","Guardian:ChargeUp","Guardian:PiercingHide","Guardian:HyperBeam_Guardian","Guardian:BronzeArmor","Guardian:SentryBeam+1","Guardian:EvasiveProtocol","Guardian:Gem_Crimson"],"relics":["Guardian:ModeShifter","hubris:Towel","downfall:BrokenWingStatue","aspiration:ChemicalBlood","hubris:MedicalManual","StuffTheSpire:Saxophone"],"acts_visited":["Exordium"],"potions_floor_usage":[10,11,11,18],"damage_taken":[{"damage":1,"enemies":"2 Louse","floor":2,"turns":2},{"damage":0,"enemies":"Small Slimes","floor":5,"turns":3},{"damage":20,"enemies":"Gremlin Nob","floor":9,"turns":5},{"damage":8,"enemies":"infinitespire:Voidling","floor":10,"turns":7},{"damage":0,"enemies":"downfall:FleeingMerchant","floor":11,"turns":4},{"damage":0,"enemies":"2 Fungi Beasts","floor":12,"turns":3},{"damage":0,"enemies":"downfall:FleeingMerchant","floor":16,"turns":4},{"damage":0,"enemies":"Gremlin Gang","floor":17,"turns":3},{"damage":51,"enemies":"downfall:Defect","floor":18,"turns":8}],"seed_played":"4856392608394201575","potions_obtained":[{"floor":5,"key":"champ:CounterPotion"},{"floor":9,"key":"Guardian:DefensiveModePotion"},{"floor":17,"key":"SteroidPotion"}],"is_trial":false,"path_per_floor":["R","M","?","?","M","R","T","?","E","M","$","M","PTL","PTL","R","$","M","B"],"character_chosen":"GUARDIAN","items_purchased":["Guardian:BronzeArmor","StuffTheSpire:Saxophone"],"campfire_rested":0,"item_purchase_floors":[11,11],"current_hp_per_floor":[80,79,79,79,79,79,79,79,59,51,51,51,51,51,51,51,51,0,0,0],"gold":57,"neow_bonus":"THREE_CARDS","is_daily":false,"chose_seed":false,"campfire_upgraded":2,"win_rate":0.0,"timestamp":1609172692,"path_taken":["R","M","?","?","M","R","T","?","E","M","$","?","PTL","PTL","R","$","M","BOSS"],"items_purchased_type":["Card","Relic"],"build_version":"2020-12-22","purchased_purges":1,"victory":false,"max_hp_per_floor":[80,80,80,80,80,80,80,80,80,80,80,80,80,80,80,80,80,80,80,80],"card_choices":[{"not_picked":["Guardian:Preprogram","Guardian:Suspension"],"picked":"Guardian:BronzeOrb","floor":0},{"not_picked":["Guardian:Recover","Guardian:Reroute"],"picked":"Guardian:Gem_Purple","floor":2},{"not_picked":["Guardian:WalkerClaw","Guardian:Planning"],"picked":"Guardian:PrismaticBarrier","floor":5},{"not_picked":["Guardian:Preprogram","Guardian:SpikerProtocol"],"picked":"Guardian:Gem_Yellow","floor":9},{"not_picked":["Guardian:Suspension","Guardian:PrimingBeam"],"picked":"Guardian:PiercingHide","floor":10},{"not_picked":["Guardian:Incinerate","Guardian:Suspension"],"picked":"Guardian:HyperBeam_Guardian","floor":11},{"not_picked":["Guardian:Reroute","Guardian:Suspension"],"picked":"Guardian:SentryBeam","floor":12},{"not_picked":["Guardian:TemporalStrike","Guardian:TemporalShield"],"picked":"Guardian:EvasiveProtocol","floor":16},{"not_picked":["Guardian:Clone","Guardian:Gem_Red"],"picked":"Guardian:Gem_Crimson","floor":17}],"player_experience":1634853,"relics_obtained":[{"floor":7,"key":"aspiration:ChemicalBlood"},{"floor":9,"key":"hubris:MedicalManual"}],"event_choices":[{"damage_healed":0,"gold_gain":0,"cards_transformed":["Guardian:Strike_Guardian"],"player_choice":"Transformed","damage_taken":0,"max_hp_gain":0,"max_hp_loss":0,"event_name":"Transmorgrifier","floor":8,"gold_loss":0,"cards_obtained":["Guardian:ChargeUp"]}],"is_beta":false,"boss_relics":[],"items_purged_floors":[11],"is_endless":false,"potions_floor_spawned":[5,9,17],"killed_by":"downfall:Defect","ascension_level":1}}