{"host":"ilxricga2547gmyy","time":1609168658,"event":{"mods":["AchievementEnabler","BaseMod","Minty Spire (QoL Compilation)","Quick Restart","StSLib"],"gold_per_floor":[366,378,158,178,195,195,220,220,220,220,26,26,59,9,9,106,106,117,67,166,81,93,93,129,129,199,242,167,77,177,203,203,203,203],"floor_reached":33,"playtime":1201,"items_purged":["Strike_R","Defend_R","Strike_R","Strike_R"],"score":434,"play_id":"2db9b22b-6764-4d30-a648-3e6aca796677","local_time":"20201228161738","is_ascension_mode":true,"campfire_choices":[{"floor":6,"key":"REST"},{"floor":10,"key":"REST"},{"data":"Mayhem","floor":12,"key":"SMITH"},{"floor":15,"key":"REST"},{"floor":23,"key":"REST"},{"floor":25,"key":"REST"},{"floor":32,"key":"REST"}],"circlet_count":0,"master_deck":["AscendersBane","Strike_R","Defend_R","Defend_R","Defend_R+1","Bash+1","Headbutt","Cleave","Shrug It Off","Iron Wave","Mayhem+1","Pommel Strike","Barricade","Anger","Reckless Charge+1","Uppercut+1","Whirlwind+1","Warcry+1","Evolve+1"],"relics":["Burning Blood","Toy Ornithopter","Smiling Mask","Shuriken","Kunai","Philosopher\u0027s Stone","Frozen Egg 2","CeramicFish","Toxic Egg 2","Anchor"],"acts_visited":["Exordium","TheCity"],"potions_floor_usage":[13,27,27,33],"damage_taken":[{"damage":9,"enemies":"Jaw Worm","floor":1,"turns":4},{"damage":10,"enemies":"2 Louse","floor":2,"turns":3},{"damage":11,"enemies":"Small Slimes","floor":4,"turns":3},{"damage":6,"enemies":"2 Fungi Beasts","floor":5,"turns":2},{"damage":32,"enemies":"3 Sentries","floor":7,"turns":8},{"damage":32,"enemies":"Gremlin Nob","floor":13,"turns":5},{"damage":28,"enemies":"Slime Boss","floor":16,"turns":8},{"damage":20,"enemies":"Shell Parasite","floor":18,"turns":5},{"damage":6,"enemies":"3 Byrds","floor":22,"turns":5},{"damage":75,"enemies":"Book of Stabbing","floor":24,"turns":7},{"damage":26,"enemies":"Gremlin Leader","floor":27,"turns":7},{"damage":11,"enemies":"Centurion and Healer","floor":31,"turns":5},{"damage":50,"enemies":"Champ","floor":33,"turns":8}],"seed_played":"1644407456770636252","potions_obtained":[{"floor":2,"key":"FearPotion"},{"floor":7,"key":"Dexterity Potion"},{"floor":13,"key":"SpeedPotion"},{"floor":18,"key":"AttackPotion"}],"is_trial":false,"path_per_floor":["M","M","$","M","M","R","E","?","T","R","$","R","E","$","R","B",null,"M","$","?","?","M","R","E","R","T","E","?","$","?","M","R","B"],"character_chosen":"IRONCLAD","items_purchased":["Toy Ornithopter","Mayhem","Warcry+1"],"campfire_rested":6,"item_purchase_floors":[3,11,29],"current_hp_per_floor":[48,44,44,39,39,63,37,21,21,45,45,45,24,24,48,26,67,53,53,53,53,53,77,8,32,32,22,22,22,22,17,41,0,0],"gold":203,"neow_bonus":"TWO_FIFTY_GOLD","is_daily":false,"chose_seed":false,"campfire_upgraded":1,"win_rate":0.0,"timestamp":1609168658,"path_taken":["M","M","$","M","M","R","E","?","T","R","$","R","E","$","R","BOSS","M","$","?","?","M","R","E","R","T","E","?","$","?","?","R","BOSS"],"items_purchased_type":["Relic","Card","Card"],"build_version":"2020-12-22","purchased_purges":4,"victory":false,"max_hp_per_floor":[80,80,80,80,80,80,80,80,80,80,80,80,80,80,80,80,80,80,80,80,80,80,80,80,80,80,80,80,80,80,80,80,80,80],"card_choices":[{"not_picked":["Rampage","Thunderclap"],"picked":"Headbutt","floor":1},{"not_picked":["Burning Pact","Clothesline"],"picked":"Cleave","floor":2},{"not_picked":["Dark Embrace","Body Slam","Bloodletting"],"picked":"SKIP","floor":4},{"not_picked":["Flex","Searing Blow"],"picked":"Shrug It Off","floor":5},{"not_picked":["Sword Boomerang","Body Slam"],"picked":"Iron Wave","floor":7},{"not_picked":["Cleave","Thunderclap"],"picked":"Pommel Strike","floor":13},{"not_picked":["Bludgeon","Berserk"],"picked":"Barricade","floor":16},{"not_picked":["Clothesline","Infernal Blade+1"],"picked":"Anger","floor":18},{"not_picked":["Whirlwind","Dual Wield"],"picked":"Reckless Charge+1","floor":22},{"not_picked":["Burning Pact","Reckless Charge"],"picked":"Uppercut+1","floor":24},{"not_picked":["Rage+1","Twin Strike"],"picked":"Whirlwind+1","floor":27},{"not_picked":["Ghostly Armor+1","Heavy Blade"],"picked":"Evolve+1","floor":31}],"player_experience":261951,"relics_obtained":[{"floor":7,"key":"Smiling Mask"},{"floor":9,"key":"Shuriken"},{"floor":13,"key":"Kunai"},{"floor":24,"key":"CeramicFish"},{"floor":26,"key":"Toxic Egg 2"},{"floor":27,"key":"Anchor"}],"event_choices":[{"damage_healed":0,"gold_gain":0,"player_choice":"Entered Light","damage_taken":16,"max_hp_gain":0,"max_hp_loss":0,"event_name":"Shining Light","floor":8,"gold_loss":0,"cards_upgraded":["Bash","Defend_R"]},{"damage_healed":0,"gold_gain":99,"player_choice":"Stole From Cult","damage_taken":0,"max_hp_gain":0,"max_hp_loss":0,"event_name":"Nest","floor":20,"gold_loss":0},{"damage_healed":0,"gold_gain":0,"player_choice":"Obtained Relic","damage_taken":0,"relics_obtained":["Frozen Egg 2"],"max_hp_gain":0,"max_hp_loss":0,"event_name":"Addict","floor":21,"gold_loss":85},{"cards_removed":["Strike_R"],"damage_healed":0,"gold_gain":0,"player_choice":"Gave Gold","damage_taken":0,"max_hp_gain":0,"max_hp_loss":0,"event_name":"Beggar","floor":28,"gold_loss":75},{"damage_healed":0,"gold_gain":100,"player_choice":"Pray","damage_taken":0,"max_hp_gain":0,"max_hp_loss":0,"event_name":"Golden Shrine","floor":30,"gold_loss":0}],"is_beta":false,"boss_relics":[{"not_picked":["Sozu","Mark of Pain"],"picked":"Philosopher\u0027s Stone"}],"items_purged_floors":[3,14,19,29],"is_endless":false,"potions_floor_spawned":[2,7,13,18],"killed_by":"Champ","ascension_level":10}}