{"host":"p4yrwepmrl4g8pul","time":1609142089,"event":{"mods":["Act Like it!","BaseMod","BetterRewards","Colored Map","Custom Start","Gensokyo","Marisa£®ÏF”Í°°ƒß¿Ì…≥£©","Minty Spire (QoL Compilation)","Quick Restart","Rare Cards Sparkle","Reimu£®≤©¿ˆ¡È√Œ£©","Remilia£®¿Ÿ√◊¿Ú—«£©","Remove Card Discount Mod","Shop Mod","StSLib","The Jungle"],"gold_per_floor":[113,113,17,28,296,296,321,321,348,376,388,416,416,430,430,506,506,521,521,521,521,521,548,580,619,704,716,728,757,795,821,833,919,931,953,961,972,985,985,1012,1012,1022,1022,431,443,455,622,506,506,506,506,506,506,83,117,117],"floor_reached":57,"playtime":2560,"items_purged":["Strike_R","Bash","Defend_R","Strike_R","Strike_R","Strike_R","Strike_R","Defend_R","Defend_R","Defend_R","Bloodletting","Whirlwind+1","Shrug It Off+1","Pride","Flex+1"],"score":4179,"play_id":"b5a4d585-63d3-4373-a132-b75df7a42f51","local_time":"20201228155449","is_ascension_mode":true,"campfire_choices":[{"data":"Seeing Red","floor":6.0,"key":"SMITH"},{"data":"Shrug It Off","floor":8.0,"key":"SMITH"},{"data":"Shrug It Off","floor":13.0,"key":"SMITH"},{"data":"Flash of Steel","floor":15.0,"key":"SMITH"},{"data":"Flex","floor":32.0,"key":"SMITH"},{"data":"Gensokyo:PrivateSquare","floor":41.0,"key":"SMITH"},{"floor":49,"key":"RECALL"},{"floor":53,"key":"REST"}],"circlet_count":0,"master_deck":["AscendersBane","Sword Boomerang+1","Shrug It Off+1","Seeing Red+1","Flash of Steel+1","Limit Break+1","Power Through+1","Gensokyo:PrivateSquare+1","Warcry+1","Inflame"],"relics":["Burning Blood","HandDrill","Tiny Chest","Torii","Oddly Smooth Stone","Unceasing Top","Medical Kit","FossilizedHelix","CaptainsWheel","Darkstone Periapt","Vajra","Toy Ornithopter","Molten Egg 2","Blue Candle","Centennial Puzzle","Cursed Key","Gremlin Horn","Frozen Eye","ClockworkSouvenir","Regal Pillow","Akabeko","MerchantsRug","PrismaticShard","Lee\u0027s Waffle","War Paint","Paper Frog"],"acts_visited":["Gensokyo:Gensokyo","Gensokyo:Gensokyoer","Gensokyo:Gensokyoest","TheEnding"],"potions_floor_usage":[56,56,56,56],"damage_taken":[{"damage":0.0,"enemies":"Gensokyo:3_Fairies","floor":1.0,"turns":2.0},{"damage":0.0,"enemies":"Gensokyo:Python","floor":4.0,"turns":3.0},{"damage":0.0,"enemies":"Gensokyo:Gryphon","floor":5.0,"turns":4.0},{"damage":0.0,"enemies":"Gensokyo:Mamizou","floor":7.0,"turns":7.0},{"damage":0.0,"enemies":"Gensokyo:Aya","floor":10.0,"turns":4.0},{"damage":0.0,"enemies":"Gensokyo:3_Kodama","floor":11.0,"turns":1.0},{"damage":0.0,"enemies":"Gensokyo:Mamizou","floor":12.0,"turns":7.0},{"damage":0.0,"enemies":"Gensokyo:5_Fairies","floor":14.0,"turns":2.0},{"damage":0.0,"enemies":"Gensokyo:Yukari","floor":16.0,"turns":4.0},{"damage":0.0,"enemies":"Gensokyo:3_Dogs","floor":18.0,"turns":2.0},{"damage":0.0,"enemies":"Gensokyo:Tenshi","floor":23.0,"turns":4.0},{"damage":0.0,"enemies":"Gensokyo:AngelMirror","floor":24.0,"turns":3.0},{"damage":0.0,"enemies":"Gensokyo:Koishi","floor":25.0,"turns":5.0},{"damage":0.0,"enemies":"Gensokyo:Swordslinger","floor":29.0,"turns":3.0},{"damage":0.0,"enemies":"Gensokyo:Tenshi","floor":30.0,"turns":4.0},{"damage":0.0,"enemies":"Gensokyo:Slime_Group","floor":31.0,"turns":4.0},{"damage":0.0,"enemies":"Gensokyo:Kaguya","floor":33.0,"turns":7.0},{"damage":0.0,"enemies":"Gensokyo:AncientGuardian","floor":35.0,"turns":3.0},{"damage":0.0,"enemies":"Gensokyo:3_Bats","floor":37.0,"turns":1.0},{"damage":0.0,"enemies":"Gensokyo:3_Boulders","floor":38.0,"turns":4.0},{"damage":1.0,"enemies":"Gensokyo:Kasen","floor":40.0,"turns":4.0},{"damage":1.0,"enemies":"Gensokyo:Rafflesia","floor":42.0,"turns":3.0},{"damage":10,"enemies":"Gensokyo:Sharpion","floor":45,"turns":3},{"damage":0,"enemies":"Gensokyo:Dusk_and_Dawn","floor":46,"turns":3},{"damage":1,"enemies":"Gensokyo:SeedOfUnknown","floor":47,"turns":2},{"damage":0,"enemies":"Gensokyo:Shinki","floor":50,"turns":5},{"damage":0,"enemies":"Gensokyo:Yuyuko","floor":51,"turns":3},{"damage":0,"enemies":"Shield and Spear","floor":55,"turns":5},{"damage":53,"enemies":"The Heart","floor":56,"turns":6}],"seed_played":"-395209837388394872","potions_obtained":[{"floor":1.0,"key":"GamblersBrew"},{"floor":12.0,"key":"SteroidPotion"},{"floor":16.0,"key":"AttackPotion"},{"floor":18.0,"key":"MagicPotion:ReiMu"},{"floor":23.0,"key":"SkillPotion"},{"floor":37.0,"key":"DistilledChaos"},{"floor":38.0,"key":"GamblersBrew"},{"floor":42.0,"key":"ColorlessPotion"},{"floor":47,"key":"Ancient Potion"},{"floor":55,"key":"LiquidMemories"}],"is_trial":false,"path_per_floor":["M","?","COS","M","M","R","E","R","T","E","M","E","R","M","R","B",null,"M","?","$","T","?","E","M","E","T","?","T","M","E","M","R","B",null,"M","$","M","M","?","E","R","M","T","COS","M","M","M","$","R","B","B",null,"R","$","E","B",null],"character_chosen":"IRONCLAD","items_purchased":["Sword Boomerang","Shrug It Off","Bloodletting","Whirlwind","Whetstone","HandDrill","Potion Belt","Seeing Red","Flash of Steel","Shrug It Off","Tiny Chest","Omamori","Oddly Smooth Stone","Medical Kit","FossilizedHelix","MerchantsRug","PrismaticShard","Lee\u0027s Waffle","Warcry","War Paint","Inflame"],"campfire_rested":1,"item_purchase_floors":[0,0,0,0,0,0,0,0,0,0,0,0,0,0,0,48,48,54,54,54,54],"current_hp_per_floor":[26,26,26,32,38,38,44,44,44,50,56,62,62,68,68,74,75,75,75,75,75,75,75,75,75,75,75,75,75,75,75,75,75,75,75,75,75,75,81,81,81,81,81,81,77,81,81,81,81,81,81,81,81,88,88,45],"gold":117,"neow_bonus":"","is_daily":false,"chose_seed":false,"campfire_upgraded":6,"win_rate":0.0,"timestamp":1609142089,"path_taken":["M","?","COS","M","?","R","E","R","T","E","M","E","R","M","R","BOSS","M","?","$","?","?","E","?","E","T","?","?","M","E","M","R","BOSS","M","$","M","M","?","E","R","M","T","COS","M","M","M","$","R","BOSS","BOSS","R","$","E","BOSS"],"items_purchased_type":["Card","Card","Card","Card","Relic","Relic","Relic","Card","Card","Card","Relic","Relic","Relic","Relic","Relic","Relic","Relic","Relic","Card","Relic","Card"],"build_version":"2020-12-22","purchased_purges":15,"victory":true,"max_hp_per_floor":[75,75,75,75,75,75,75,75,75,75,75,75,75,75,75,75,75,75,75,75,75,75,75,75,75,75,75,75,75,75,75,75,75,75,75,75,75,75,81,81,81,81,81,81,81,81,81,81,81,81,81,81,81,88,88,88],"card_choices":[{"not_picked":["Headbutt","Inflame","Infernal Blade"],"picked":"SKIP","floor":1.0},{"not_picked":["Inflame","Perfected Strike","Shockwave"],"picked":"SKIP","floor":4.0},{"not_picked":["Iron Wave","Anger","Shockwave"],"picked":"SKIP","floor":5.0},{"not_picked":["Second Wind","Havoc","True Grit"],"picked":"SKIP","floor":7.0},{"not_picked":["Bludgeon","Thunderclap","Cleave"],"picked":"SKIP","floor":10.0},{"not_picked":["Metallicize","Rampage","Heavy Blade"],"picked":"SKIP","floor":11.0},{"not_picked":["Carnage","Wild Strike","Infernal Blade"],"picked":"SKIP","floor":12.0},{"not_picked":["Wild Strike","Thunderclap","Cleave"],"picked":"SKIP","floor":14.0},{"not_picked":["Corruption","Impervious"],"picked":"Limit Break","floor":16.0},{"not_picked":["Power Through","Battle Trance","Uppercut"],"picked":"SKIP","floor":18.0},{"not_picked":["Battle Trance","Uppercut"],"picked":"Power Through","floor":18.0},{"not_picked":["Demon Form","Havoc","Thunderclap"],"picked":"SKIP","floor":23.0},{"not_picked":["Headbutt+1","Warcry+1","Pommel Strike"],"picked":"SKIP","floor":24.0},{"not_picked":["Evolve","Whirlwind+1","Intimidate"],"picked":"SKIP","floor":25.0},{"not_picked":["Evolve","Whirlwind+1","Burning Pact"],"picked":"SKIP","floor":29.0},{"not_picked":["Iron Wave+1","Perfected Strike+1","Headbutt+1"],"picked":"SKIP","floor":30.0},{"not_picked":["Armaments","Double Tap"],"picked":"Flex","floor":31.0},{"not_picked":["Ghostly Armor","Twin Strike+1","Flex"],"picked":"SKIP","floor":35.0},{"not_picked":["Metallicize","Second Wind","Wild Strike+1"],"picked":"SKIP","floor":37.0},{"not_picked":["True Grit","Dark Embrace","Thunderclap+1"],"picked":"SKIP","floor":38.0},{"not_picked":["Ghostly Armor+1","Pommel Strike+1","Flex+1"],"picked":"SKIP","floor":40.0},{"not_picked":["Clothesline+1","Infernal Blade+1","Fire Breathing"],"picked":"SKIP","floor":42.0},{"not_picked":["Dark Embrace+1","Combust","Fire Breathing+1"],"picked":"SKIP","floor":45},{"not_picked":["Fire Breathing","Reckless Charge+1","Shrug It Off+1"],"picked":"SKIP","floor":46},{"not_picked":["Brutality","Thunderclap+1","Flex"],"picked":"SKIP","floor":47},{"not_picked":["VampireClaw+1","ForeignInfluence","Dagger Spray+1"],"picked":"SKIP","floor":55}],"player_experience":724565,"relics_obtained":[{"floor":7.0,"key":"Smiling Mask"},{"floor":10.0,"key":"Darkstone Periapt"},{"floor":12.0,"key":"Vajra"},{"floor":21.0,"key":"Toy Ornithopter"},{"floor":23.0,"key":"MawBank"},{"floor":25.0,"key":"Molten Egg 2"},{"floor":26.0,"key":"Mercury Hourglass"},{"floor":28.0,"key":"Blue Candle"},{"floor":30.0,"key":"Centennial Puzzle"},{"floor":40.0,"key":"Gremlin Horn"},{"floor":55,"key":"Paper Frog"}],"event_choices":[],"is_beta":false,"boss_relics":[{"not_picked":["Snecko Eye","Velvet Choker","Astrolabe"]},{"not_picked":["Tiny House","Empty Cage"],"picked":"Cursed Key"}],"items_purged_floors":[0,0,0,0,0,0,0,0,0,0,0,36,36,48,54],"is_endless":false,"potions_floor_spawned":[1,12,16,18,23,37,38,42,47,55],"ascension_level":20}}