{"host":"7sni158j623xchr2","time":1609177688,"event":{"mods":["BaseMod","Colored Map","Highlight Path","Minty Spire (QoL Compilation)","Permanent Neow","Potion Indicator Mod","Rare Cards Sparkle","Relic Sorter","Relic Stats","StSLib","everything is the same but u backflip on backflip"],"gold_per_floor":[114,127,127,302,312,346,346,383,431,466,466,211,253,264,264,365,365,381,381,393,393,44,44,62,89,159,187,199,239,176,212,224,342,354,382,394,425,451,473,485,532,544,556,611,645,689,712,738,750,762,774,786,50,83,83,83],"floor_reached":55,"playtime":2156,"items_purged":["Doubt","Strike_G+1"],"score":939,"play_id":"5a63a2b0-d72c-4483-ac02-933d51b37409","local_time":"20201228114808","is_ascension_mode":true,"campfire_choices":[{"data":"Poisoned Stab","floor":7.0,"key":"SMITH"},{"data":"Crippling Poison","floor":11.0,"key":"SMITH"},{"data":"Flying Knee","floor":15.0,"key":"SMITH"},{"data":"Survivor","floor":23.0,"key":"SMITH"},{"data":"PiercingWail","floor":32.0,"key":"SMITH"},{"data":"Phantasmal Killer","floor":40.0,"key":"SMITH"},{"data":"Backflip","floor":42.0,"key":"SMITH"},{"floor":49.0,"key":"RECALL"},{"data":"Malaise","floor":52.0,"key":"SMITH"}],"circlet_count":0,"master_deck":["Strike_G+1","Strike_G+1","Strike_G+1","Defend_G+1","Defend_G+1","Defend_G+1","Defend_G+1","Survivor+1","Neutralize","Poisoned Stab+1","Flying Knee+1","Crippling Poison+1","Footwork+1","Dash+1","PiercingWail+1","Footwork+1","Phantasmal Killer+1","Predator+1","Backflip+1","Malaise+1","PiercingWail+1","PiercingWail"],"relics":["Ring of the Snake","Frozen Egg 2","Smiling Mask","CeramicFish","Potion Belt","Eternal Feather","Whetstone","Busted Crown","Mercury Hourglass","PreservedInsect","Ninja Scroll","MawBank","The Courier","Cursed Key","Bag of Preparation","Regal Pillow","Girya","Letter Opener","Orichalcum","War Paint","Blood Vial","Centennial Puzzle"],"acts_visited":["Exordium","TheCity","TheBeyond","TheEnding"],"potions_floor_usage":[55,55,55],"damage_taken":[{"damage":0.0,"enemies":"Jaw Worm","floor":1.0,"turns":9.0},{"damage":1.0,"enemies":"Cultist","floor":2.0,"turns":4.0},{"damage":0.0,"enemies":"2 Louse","floor":5.0,"turns":2.0},{"damage":27.0,"enemies":"Gremlin Nob","floor":6.0,"turns":5.0},{"damage":19.0,"enemies":"3 Sentries","floor":8.0,"turns":10.0},{"damage":9.0,"enemies":"Gremlin Nob","floor":10.0,"turns":5.0},{"damage":1.0,"enemies":"Lagavulin","floor":13.0,"turns":8.0},{"damage":5.0,"enemies":"Exordium Wildlife","floor":14.0,"turns":5.0},{"damage":10.0,"enemies":"The Guardian","floor":16.0,"turns":11.0},{"damage":0.0,"enemies":"2 Thieves","floor":18.0,"turns":4.0},{"damage":0.0,"enemies":"Shell Parasite","floor":20.0,"turns":4.0},{"damage":0.0,"enemies":"3 Cultists","floor":24.0,"turns":5.0},{"damage":10.0,"enemies":"Slavers","floor":25.0,"turns":5.0},{"damage":0.0,"enemies":"Gremlin Leader","floor":27.0,"turns":6.0},{"damage":1.0,"enemies":"Slavers","floor":29.0,"turns":4.0},{"damage":0.0,"enemies":"Centurion and Healer","floor":31.0,"turns":5.0},{"damage":59.0,"enemies":"Collector","floor":33.0,"turns":11.0},{"damage":4.0,"enemies":"3 Darklings","floor":35.0,"turns":4.0},{"damage":0.0,"enemies":"Orb Walker","floor":37.0,"turns":4.0},{"damage":5.0,"enemies":"4 Shapes","floor":38.0,"turns":3.0},{"damage":6.0,"enemies":"Transient","floor":39.0,"turns":5.0},{"damage":0.0,"enemies":"Reptomancer","floor":41.0,"turns":5.0},{"damage":0.0,"enemies":"Giant Head","floor":44.0,"turns":7.0},{"damage":6.0,"enemies":"Spire Growth","floor":45.0,"turns":5.0},{"damage":10.0,"enemies":"Nemesis","floor":46.0,"turns":7.0},{"damage":0.0,"enemies":"Writhing Mass","floor":47.0,"turns":6.0},{"damage":0.0,"enemies":"3 Darklings","floor":48.0,"turns":4.0},{"damage":66.0,"enemies":"Donu and Deca","floor":50.0,"turns":14.0},{"damage":26.0,"enemies":"Shield and Spear","floor":54.0,"turns":6.0},{"damage":47,"enemies":"The Heart","floor":55,"turns":12}],"seed_played":"-5123081708611538387","potions_obtained":[{"floor":0.0,"key":"CultistPotion"},{"floor":0.0,"key":"Block Potion"},{"floor":0.0,"key":"GamblersBrew"},{"floor":1.0,"key":"Explosive Potion"},{"floor":6.0,"key":"CultistPotion"},{"floor":8.0,"key":"EssenceOfSteel"},{"floor":10.0,"key":"DistilledChaos"},{"floor":29.0,"key":"FairyPotion"},{"floor":39.0,"key":"PowerPotion"},{"floor":45.0,"key":"CultistPotion"}],"is_trial":false,"path_per_floor":["M","M","?","?","M","E","R","E","T","E","R","$","E","M","R","B",null,"M","?","M","?","$","R","M","E","T","E","T","E","?","M","R","B",null,"M","?","M","M","M","R","E","R","T","E","M","E","M","M","R","B",null,"R","$","E","B"],"character_chosen":"THE_SILENT","items_purchased":["Dash","GamblersBrew","Strength Potion","AttackPotion","Mercury Hourglass","Fire Potion","Energy Potion","GhostInAJar","AttackPotion","Letter Opener","Orichalcum","War Paint","Blood Vial","PiercingWail"],"campfire_rested":0,"item_purchase_floors":[12,12,12,12,22,22,53,53,53,53,53,53,53,53],"current_hp_per_floor":[70,69,66,66,66,39,39,20,20,11,20,20,19,14,23,13,70,70,70,70,70,70,70,70,60,60,60,60,59,59,59,68,9,70,66,66,66,61,55,64,64,70,70,70,64,54,54,54,66,21,70,70,70,44,0,0],"gold":83,"neow_bonus":"THREE_SMALL_POTIONS","is_daily":false,"chose_seed":false,"campfire_upgraded":8,"win_rate":0.0,"timestamp":1609177688,"path_taken":["M","M","?","?","M","E","R","E","T","E","R","?","E","?","R","BOSS","M","?","M","?","$","R","?","E","T","E","?","E","?","M","R","BOSS","M","?","M","M","?","R","E","R","T","E","M","E","M","?","R","BOSS","R","$","E","BOSS"],"items_purchased_type":["Card","Potion","Potion","Potion","Relic","Potion","Potion","Potion","Potion","Relic","Relic","Relic","Relic","Card"],"build_version":"2020-12-22","purchased_purges":2,"victory":false,"max_hp_per_floor":[70,70,70,70,70,70,70,70,70,70,70,70,70,70,70,70,70,70,70,70,70,70,70,70,70,70,70,70,70,70,70,70,70,70,70,70,70,70,70,70,70,70,70,70,70,70,70,70,70,70,70,70,70,70,70,70],"relic_stats":{"Regal Pillow":0,"counters":[30,185],"CeramicFish":99,"Eternal Feather":54,"PreservedInsect":383,"Bag of Preparation":[0],"Whetstone":["Strike_G","Dash"],"Letter Opener":[14],"Orichalcum":[24],"War Paint":["PiercingWail"],"Smiling Mask":75,"MawBank":312,"Cursed Key":0,"Mercury Hourglass":[508],"Blood Vial":2,"Centennial Puzzle":[3],"Busted Crown":38,"obtain_stats":[{"Potion Belt":9,"Girya":46,"Regal Pillow":44,"CeramicFish":8,"Eternal Feather":10,"PreservedInsect":25,"The Courier":29,"Bag of Preparation":41,"Whetstone":13,"Letter Opener":53,"Frozen Egg 2":3,"Orichalcum":53,"War Paint":53,"Smiling Mask":6,"MawBank":27,"Cursed Key":34,"Mercury Hourglass":22,"Blood Vial":53,"Centennial Puzzle":54,"Busted Crown":17,"Ninja Scroll":26,"Ring of the Snake":0},{"Potion Belt":5,"Girya":25,"Regal Pillow":23,"CeramicFish":5,"Eternal Feather":6,"PreservedInsect":13,"The Courier":15,"Bag of Preparation":22,"Whetstone":7,"Letter Opener":28,"Frozen Egg 2":2,"Orichalcum":28,"War Paint":28,"Smiling Mask":4,"MawBank":14,"Cursed Key":17,"Mercury Hourglass":11,"Blood Vial":28,"Centennial Puzzle":29,"Busted Crown":9,"Ninja Scroll":13,"Ring of the Snake":0},{"Potion Belt":30,"Girya":143,"Regal Pillow":131,"CeramicFish":30,"Eternal Feather":35,"PreservedInsect":77,"The Courier":87,"Bag of Preparation":124,"Whetstone":43,"Letter Opener":167,"Frozen Egg 2":13,"Orichalcum":167,"War Paint":167,"Smiling Mask":20,"MawBank":83,"Cursed Key":103,"Mercury Hourglass":67,"Blood Vial":167,"Centennial Puzzle":173,"Busted Crown":59,"Ninja Scroll":77,"Ring of the Snake":0}],"Ring of the Snake":[60]},"card_choices":[{"not_picked":["Escape Plan","Acrobatics"],"picked":"Poisoned Stab","floor":1.0},{"not_picked":["Prepared","Backflip"],"picked":"Flying Knee","floor":2.0},{"not_picked":["Distraction","Dagger Throw","Deflect"],"picked":"SKIP","floor":5.0},{"not_picked":["Slice","Acrobatics","Expertise"],"picked":"SKIP","floor":6.0},{"not_picked":["After Image+1","Leg Sweep"],"picked":"Crippling Poison","floor":8.0},{"not_picked":["Infinite Blades+1","Bane"],"picked":"Footwork+1","floor":10.0},{"not_picked":["Acrobatics","Slice"],"picked":"PiercingWail","floor":13.0},{"not_picked":["Blade Dance","Prepared","Leg Sweep"],"picked":"SKIP","floor":14.0},{"not_picked":["Deadly Poison"],"picked":"SKIP","floor":18.0},{"not_picked":["Eviscerate"],"picked":"SKIP","floor":20.0},{"not_picked":["Riddle With Holes+1"],"picked":"SKIP","floor":24.0},{"not_picked":["Poisoned Stab"],"picked":"SKIP","floor":25.0},{"not_picked":["Dagger Throw"],"picked":"SKIP","floor":27.0},{"not_picked":["Endless Agony"],"picked":"SKIP","floor":29.0},{"not_picked":[],"picked":"Footwork+1","floor":31.0},{"not_picked":[],"picked":"Phantasmal Killer","floor":33.0},{"not_picked":["Cloak And Dagger+1"],"picked":"SKIP","floor":35.0},{"not_picked":[],"picked":"Predator+1","floor":37.0},{"not_picked":["Predator"],"picked":"SKIP","floor":38.0},{"not_picked":["Dagger Spray"],"picked":"SKIP","floor":39.0},{"not_picked":[],"picked":"Backflip","floor":41.0},{"not_picked":[],"picked":"Malaise","floor":44.0},{"not_picked":[],"picked":"PiercingWail","floor":45.0},{"not_picked":["Setup"],"picked":"SKIP","floor":46.0},{"not_picked":["Sucker Punch+1"],"picked":"SKIP","floor":47.0},{"not_picked":["Prepared+1"],"picked":"SKIP","floor":48.0},{"not_picked":["Endless Agony+1"],"picked":"SKIP","floor":54.0}],"player_experience":1543909,"relics_obtained":[{"floor":6.0,"key":"Smiling Mask"},{"floor":8.0,"key":"CeramicFish"},{"floor":9.0,"key":"Potion Belt"},{"floor":10.0,"key":"Eternal Feather"},{"floor":13.0,"key":"Whetstone"},{"floor":25.0,"key":"PreservedInsect"},{"floor":26.0,"key":"Ninja Scroll"},{"floor":27.0,"key":"MawBank"},{"floor":29.0,"key":"The Courier"},{"floor":41.0,"key":"Bag of Preparation"},{"floor":44.0,"key":"Regal Pillow"},{"floor":46.0,"key":"Girya"},{"floor":54.0,"key":"Centennial Puzzle"}],"event_choices":[{"damage_healed":0.0,"max_hp_gain":0.0,"max_hp_loss":0.0,"gold_gain":0.0,"event_name":"Scrap Ooze","player_choice":"Success","floor":3.0,"gold_loss":0.0,"damage_taken":3.0,"relics_obtained":["Frozen Egg 2"]},{"damage_healed":0.0,"max_hp_gain":0.0,"max_hp_loss":0.0,"gold_gain":175.0,"event_name":"Liars Game","player_choice":"AGREE","floor":4.0,"gold_loss":0.0,"damage_taken":0.0,"cards_obtained":["Doubt"]},{"damage_healed":0.0,"max_hp_gain":0.0,"max_hp_loss":0.0,"gold_gain":0.0,"event_name":"Back to Basics","player_choice":"Simplicity","floor":19.0,"gold_loss":0.0,"damage_taken":0.0,"cards_upgraded":["Strike_G","Strike_G","Strike_G","Strike_G","Defend_G","Defend_G","Defend_G","Defend_G","Defend_G"]},{"damage_healed":0.0,"max_hp_gain":0.0,"max_hp_loss":0.0,"gold_gain":0.0,"event_name":"Ghosts","player_choice":"Ignored","floor":21.0,"gold_loss":0.0,"damage_taken":0.0},{"cards_removed":["Defend_G"],"damage_healed":0.0,"max_hp_gain":0.0,"max_hp_loss":0.0,"gold_gain":0.0,"event_name":"Beggar","player_choice":"Gave Gold","floor":30.0,"gold_loss":75.0,"damage_taken":0.0},{"cards_removed":["Strike_G"],"damage_healed":0.0,"max_hp_gain":0.0,"max_hp_loss":0.0,"gold_gain":0.0,"event_name":"Purifier","player_choice":"Purged","floor":36.0,"gold_loss":0.0,"damage_taken":0.0}],"is_beta":false,"boss_relics":[{"not_picked":["Snecko Eye","SacredBark"],"picked":"Busted Crown"},{"not_picked":["HoveringKite","Fusion Hammer"],"picked":"Cursed Key"}],"items_purged_floors":[12,22],"is_endless":false,"potions_floor_spawned":[1,2,6,8,10,24,29,33,39,45,46],"killed_by":"The Heart","ascension_level":1}}