{"host":"f7rb14kzcw8hx1r1","time":1609196266,"event":{"mods":["BaseMod","Better Note","Better Third Choice","Colored Map","Highlight Path","Hubris","Minty Spire (QoL Compilation)","Replay The Spire","StSLib","The Forsaken"],"gold_per_floor":[111,36,81,95,105,105,139,154,177,177,77,77,152,165,165,268,268,284,284,303,68,79,79,92,102,102,130,80,94,94,109,109,212,212,227,77,77,97,110,110,127,127,154,154,0,16,16,16,16,16],"floor_reached":51,"playtime":1726,"items_purged":["Strike_B","Strike_B","Strike_B","Strike_B"],"score":669,"play_id":"a4fe8d16-58ae-416f-ab75-9c9790378d2c","local_time":"20201228235746","is_ascension_mode":false,"campfire_choices":[{"data":"Dualcast","floor":6,"key":"SMITH"},{"data":"Zap","floor":10,"key":"SMITH"},{"data":"Seek","floor":12,"key":"SMITH"},{"data":"Conserve Battery","floor":15,"key":"SMITH"},{"data":"Capacitor","floor":23,"key":"SMITH"},{"data":"ReplayTheSpireMod:Calculation Training","floor":30,"key":"SMITH"},{"data":"Creative AI","floor":32,"key":"SMITH"},{"data":"Buffer","floor":40,"key":"SMITH"},{"data":"ReplayRNGCard","floor":47,"key":"SMITH"},{"data":"Go for the Eyes","floor":49,"key":"SMITH"}],"circlet_count":0,"master_deck":["Defend_B","Defend_B","Defend_B","Zap+1","Dualcast+1","Electrodynamics","Conserve Battery+1","Self Repair","Ball Lightning","Seek+1","Conserve Battery","Buffer+1","Go for the Eyes+1","Inflame+1","Capacitor+1","BasicCrystalCard+1","Coolheaded","Storm+1","Coolheaded","ReplayTheSpireMod:Calculation Training+1","Capacitor+1","Creative AI+1","ReplayRNGCard+1","ReplayTheSpireMod:Calculation Training+1","Hologram+1","ReplayTheSpireMod:Calculation Training+1","Double Energy+1"],"relics":["Cracked Core","Replay:Wax Seal","Blood Vial","Lantern","Ring of Chaos","Carrot","Dream Catcher","hubris:ScarierMask","Centennial Puzzle","Red Mask"],"acts_visited":["Exordium","TheCity","TheBeyond"],"potions_floor_usage":[8,16,16,31,33,50,50,50,50,50],"damage_taken":[{"damage":1,"enemies":"Cultist","floor":1,"turns":4},{"damage":0,"enemies":"Jaw Worm","floor":4,"turns":4},{"damage":7,"enemies":"Small Slimes","floor":5,"turns":3},{"damage":10,"enemies":"3 Sentries","floor":7,"turns":3},{"damage":1,"enemies":"3 Louse","floor":8,"turns":3},{"damage":0,"enemies":"Blue Slaver","floor":14,"turns":3},{"damage":20,"enemies":"Hexaghost","floor":16,"turns":10},{"damage":0,"enemies":"3 Byrds","floor":18,"turns":1},{"damage":7,"enemies":"Shell Parasite","floor":20,"turns":8},{"damage":6,"enemies":"3 Cultists","floor":22,"turns":4},{"damage":10,"enemies":"Snake Plant","floor":24,"turns":5},{"damage":5,"enemies":"Centurion and Healer","floor":25,"turns":4},{"damage":28,"enemies":"Slavers","floor":27,"turns":2},{"damage":17,"enemies":"Snecko","floor":29,"turns":6},{"damage":2,"enemies":"Cultist and Chosen","floor":31,"turns":6},{"damage":24,"enemies":"Champ","floor":33,"turns":11},{"damage":22,"enemies":"3 Darklings","floor":35,"turns":6},{"damage":6,"enemies":"Orb Walker","floor":38,"turns":4},{"damage":22,"enemies":"Jaw Worm Horde","floor":39,"turns":4},{"damage":13,"enemies":"4 Shapes","floor":41,"turns":4},{"damage":1,"enemies":"Sphere and 2 Shapes","floor":46,"turns":3},{"damage":14,"enemies":"Awakened One","floor":50,"turns":9}],"seed_played":"-6998115493491244632","potions_obtained":[{"floor":1,"key":"Elixir"},{"floor":3,"key":"AttackPotion"},{"floor":14,"key":"ColorlessPotion"},{"floor":16,"key":"DuplicationPotion"},{"floor":24,"key":"Dexterity Potion"},{"floor":27,"key":"Ancient Potion"},{"floor":46,"key":"EntropicBrew"}],"is_trial":false,"path_per_floor":["M","$","?","M","M","R","E","M","T","R","$","R","?","M","R","B",null,"M","?","M","$","M","R","M","M","T","E","?","M","R","M","R","B",null,"M","$","?","M","M","R","M","?","T","?","?","M","R","$","R","B",null],"character_chosen":"DEFECT","items_purchased":["Capacitor","BasicCrystalCard+1"],"campfire_rested":0,"item_purchase_floors":[21,21],"current_hp_per_floor":[53,53,35,35,35,35,32,40,40,40,40,40,29,38,38,27,75,75,75,75,75,75,75,72,75,75,54,54,46,46,53,53,38,75,60,60,60,63,50,50,46,46,46,46,46,54,54,54,54,49],"gold":16,"neow_bonus":"THREE_RARE_CARDS","is_daily":false,"chose_seed":false,"campfire_upgraded":10,"win_rate":0.0,"timestamp":1609196266,"path_taken":["M","?","?","M","M","R","E","M","T","R","$","R","?","M","R","BOSS","M","?","?","$","M","R","M","M","T","E","?","M","R","M","R","BOSS","M","$","?","M","?","R","M","?","T","?","?","M","R","$","R","BOSS"],"items_purchased_type":["Card","Card"],"build_version":"2020-12-22","purchased_purges":4,"victory":true,"max_hp_per_floor":[75,75,75,75,75,75,75,75,75,75,75,75,75,75,75,75,75,75,75,75,75,75,75,75,75,75,75,75,75,75,75,75,75,75,75,75,75,75,75,75,75,75,75,75,75,75,75,75,75,75],"card_choices":[{"not_picked":["Hyperbeam","Rainbow"],"picked":"Electrodynamics","floor":0},{"not_picked":["Scrape","Undo","Panic Button"],"picked":"SKIP","floor":1},{"not_picked":["Go for the Eyes","Leap"],"picked":"Conserve Battery","floor":3},{"not_picked":["Steam","BasicCrystalCard"],"picked":"Sweeping Beam","floor":3},{"not_picked":["Gash","Redo"],"picked":"Self Repair","floor":4},{"not_picked":["Time Bomb","Redo"],"picked":"Ball Lightning","floor":5},{"not_picked":["Go for the Eyes","Beam Cell"],"picked":"Seek","floor":7},{"not_picked":["Rebound","Streamline"],"picked":"Conserve Battery","floor":8},{"not_picked":["Undo","ReplayTheSpireMod:Reroute Power","ReplayTheSpireMod:Repulse"],"picked":"SKIP","floor":14},{"not_picked":["Electrodynamics","Amplify"],"picked":"Buffer","floor":16},{"not_picked":["Panic Button","ReplayTheSpireMod:Repulse"],"picked":"Go for the Eyes","floor":18},{"not_picked":["Stack","ReplayTheSpireMod:Repulse","Streamline"],"picked":"SKIP","floor":20},{"not_picked":["Sweeping Beam","Go for the Eyes"],"picked":"Coolheaded","floor":22},{"not_picked":["Stack","Rebound"],"picked":"Storm+1","floor":24},{"not_picked":["Barrage","Double Energy"],"picked":"Coolheaded","floor":25},{"not_picked":["Coolheaded+1","Redo"],"picked":"ReplayTheSpireMod:Calculation Training","floor":27},{"not_picked":["Sunder","Chill"],"picked":"Capacitor+1","floor":29},{"not_picked":["Panic Button","Leap+1"],"picked":"Creative AI","floor":31},{"not_picked":["Creative AI","ReplayTheSpireMod:Omega Cannon"],"picked":"ReplayRNGCard","floor":33},{"not_picked":["Panic Button+1","Compile Driver"],"picked":"ReplayTheSpireMod:Calculation Training+1","floor":35},{"not_picked":["Panic Button","Turbo","Conserve Battery"],"picked":"SKIP","floor":38},{"not_picked":["Creative AI","Panic Button+1"],"picked":"Hologram+1","floor":39},{"not_picked":["Sweeping Beam+1","Sunder+1"],"picked":"ReplayTheSpireMod:Calculation Training+1","floor":41},{"not_picked":["Reprogram+1","Double Energy+1","Stack"],"picked":"SKIP","floor":46},{"not_picked":["Reprogram+1","Double Energy+1","Stack"],"picked":"SKIP","floor":46},{"not_picked":["Reprogram+1","Stack"],"picked":"Double Energy+1","floor":46}],"player_experience":891472,"relics_obtained":[{"floor":3,"key":"Replay:Wax Seal"},{"floor":7,"key":"Blood Vial"},{"floor":9,"key":"Lantern"},{"floor":26,"key":"Carrot"},{"floor":27,"key":"Dream Catcher"},{"floor":43,"key":"Centennial Puzzle"}],"event_choices":[{"damage_healed":0,"gold_gain":75,"player_choice":"Gold","damage_taken":11,"max_hp_gain":0,"max_hp_loss":0,"event_name":"betterThird:BetterGoop","floor":13,"gold_loss":0},{"cards_removed":["Seek"],"damage_healed":0,"gold_gain":0,"player_choice":"Take \u0026 Give","damage_taken":0,"max_hp_gain":0,"max_hp_loss":0,"event_name":"betterNote:BetterNote","floor":19,"gold_loss":0,"cards_obtained":["Inflame"]},{"damage_healed":0,"gold_gain":0,"player_choice":"Bet on Owner","damage_taken":0,"max_hp_gain":0,"max_hp_loss":0,"event_name":"The Joust","floor":28,"gold_loss":50},{"cards_removed":["Defend_B"],"damage_healed":0,"gold_gain":0,"player_choice":"Purged","damage_taken":0,"max_hp_gain":0,"max_hp_loss":0,"event_name":"Purifier","floor":37,"gold_loss":0},{"cards_removed":["Sweeping Beam"],"damage_healed":0,"gold_gain":0,"player_choice":"Removed Attack","damage_taken":0,"max_hp_gain":0,"max_hp_loss":0,"event_name":"Falling","floor":42,"gold_loss":0},{"damage_healed":0,"gold_gain":0,"player_choice":"Paid","damage_taken":0,"relics_obtained":["Red Mask"],"max_hp_gain":0,"max_hp_loss":0,"event_name":"Tomb of Lord Red Mask","floor":45,"gold_loss":154}],"is_beta":false,"boss_relics":[{"not_picked":["Snecko Heart","Runic Pyramid"],"picked":"Ring of Chaos"},{"not_picked":["Painkiller Herb","Runic Dome"],"picked":"hubris:ScarierMask"}],"items_purged_floors":[2,11,21,36],"is_endless":false,"potions_floor_spawned":[1,14,16,24,27,46],"ascension_level":0}}