{"host":"7mrmd33mpx7q5wx9","time":1609120673,"event":{"mods":["AchievementEnabler","BaseMod","BetterRewards","Colored Map","Defuse TimeMaze Blight","Minty Spire (QoL Compilation)","Permanent Neow","Quick Restart","StSLib"],"gold_per_floor":[117,136,156,172,15,15,35,61,109,119,119,134,145,145,145,249,249,259,272,46,46,145,145,145],"floor_reached":23,"playtime":940,"items_purged":["Strike_R"],"score":308,"play_id":"d7ec21a2-3758-45f6-9457-e1ee873f5155","local_time":"20201227195753","is_ascension_mode":true,"campfire_choices":[{"data":"Metallicize","floor":6,"key":"SMITH"},{"data":"Feel No Pain","floor":11,"key":"SMITH"},{"data":"Rampage","floor":15,"key":"SMITH"}],"circlet_count":0,"master_deck":["Defend_R","Defend_R","Defend_R","Defend_R","Bash","Sword Boomerang","Shrug It Off","Cleave","Metallicize+1","Intimidate","Feel No Pain+1","Headbutt","Rampage+1","Corruption","Burning Pact","Feel No Pain","Immolate","Bite","Bite","Bite","Bite","Bite"],"relics":["Burning Blood","Nunchaku","Juzu Bracelet","Coffee Dripper"],"acts_visited":["Exordium","TheCity"],"potions_floor_usage":[16,18,23,23],"damage_taken":[{"damage":1,"enemies":"Cultist","floor":1,"turns":3},{"damage":2,"enemies":"Jaw Worm","floor":2,"turns":4},{"damage":9,"enemies":"2 Louse","floor":3,"turns":3},{"damage":0,"enemies":"Looter","floor":4,"turns":5},{"damage":0,"enemies":"2 Fungi Beasts","floor":7,"turns":4},{"damage":25,"enemies":"3 Sentries","floor":8,"turns":8},{"damage":0,"enemies":"Exordium Wildlife","floor":10,"turns":2},{"damage":6,"enemies":"Gremlin Gang","floor":12,"turns":7},{"damage":11,"enemies":"Blue Slaver","floor":13,"turns":6},{"damage":37,"enemies":"The Guardian","floor":16,"turns":11},{"damage":28,"enemies":"Shell Parasite","floor":18,"turns":7},{"damage":31,"enemies":"3 Byrds","floor":19,"turns":6},{"damage":32,"enemies":"Book of Stabbing","floor":23,"turns":5}],"seed_played":"7783084424133551033","potions_obtained":[{"floor":3,"key":"Weak Potion"},{"floor":4,"key":"FearPotion"},{"floor":7,"key":"Dexterity Potion"},{"floor":10,"key":"PowerPotion"},{"floor":19,"key":"AttackPotion"}],"is_trial":false,"path_per_floor":["M","M","M","M","$","R","M","E","T","M","R","M","M","?","R","B",null,"M","M","$","?","?","E"],"character_chosen":"IRONCLAD","items_purchased":["Nunchaku","Feel No Pain","Immolate"],"campfire_rested":0,"item_purchase_floors":[5,20,20],"current_hp_per_floor":[77,80,77,80,80,80,80,61,61,69,69,71,68,68,68,39,70,50,27,27,27,27,3,3],"gold":145,"neow_bonus":"THREE_CARDS","is_daily":false,"chose_seed":false,"campfire_upgraded":3,"win_rate":0.0,"timestamp":1609120673,"path_taken":["M","?","M","M","$","R","M","E","T","M","R","M","M","?","R","BOSS","M","M","$","?","?","E"],"items_purchased_type":["Relic","Card","Card"],"build_version":"2020-12-22","purchased_purges":1,"victory":false,"max_hp_per_floor":[80,80,80,80,80,80,80,80,80,80,80,80,80,80,80,80,80,80,80,80,80,80,80,80],"card_choices":[{"not_picked":["Flex","Clash"],"picked":"Sword Boomerang","floor":0},{"not_picked":["Headbutt","Combust"],"picked":"Shrug It Off","floor":1},{"not_picked":["Clash","Seeing Red"],"picked":"Cleave","floor":2},{"not_picked":["Armaments","Fire Breathing"],"picked":"Metallicize","floor":3},{"not_picked":["Havoc","Sword Boomerang"],"picked":"Intimidate","floor":4},{"not_picked":["Warcry","Rupture","Body Slam"],"picked":"SKIP","floor":7},{"not_picked":["Sword Boomerang","Second Wind","Flex"],"picked":"SKIP","floor":8},{"not_picked":["Anger","Pummel"],"picked":"Feel No Pain","floor":10},{"not_picked":["Second Wind","Thunderclap"],"picked":"Headbutt","floor":12},{"not_picked":["Armaments","Power Through"],"picked":"Rampage","floor":13},{"not_picked":["Immolate","Brutality"],"picked":"Corruption","floor":16},{"not_picked":["Hemokinesis","Fire Breathing","Heavy Blade"],"picked":"SKIP","floor":18},{"not_picked":["Thunderclap","Flex"],"picked":"Burning Pact","floor":19}],"player_experience":355637,"relics_obtained":[{"floor":8,"key":"Blood Vial"},{"floor":9,"key":"Juzu Bracelet"}],"event_choices":[{"damage_healed":0,"gold_gain":0,"player_choice":"Ignored","damage_taken":0,"max_hp_gain":0,"max_hp_loss":0,"event_name":"Liars Game","floor":14,"gold_loss":0},{"damage_healed":0,"gold_gain":0,"player_choice":"Became a vampire (Vial)","damage_taken":0,"max_hp_gain":0,"max_hp_loss":0,"event_name":"Vampires","floor":21,"relics_lost":["Blood Vial"],"gold_loss":0,"cards_obtained":["Bite","Bite","Bite","Bite","Bite"]},{"damage_healed":0,"gold_gain":99,"player_choice":"Stole From Cult","damage_taken":0,"max_hp_gain":0,"max_hp_loss":0,"event_name":"Nest","floor":22,"gold_loss":0}],"is_beta":false,"boss_relics":[{"not_picked":["Fusion Hammer","Runic Cube"],"picked":"Coffee Dripper"}],"items_purged_floors":[20],"is_endless":false,"potions_floor_spawned":[3,4,7,10,12,19],"killed_by":"Book of Stabbing","ascension_level":9}}