{"host":"dhyczjm99amxd3qx","time":1609180362,"event":{"mods":["BaseMod","Colored Map","Googly Eyes","Highlight Path","Minty Spire (QoL Compilation)","Quick Restart","StSLib"],"gold_per_floor":[115,126,24,41,61,95,114,114,114,146,74,74,74,106,106,206,206,221,136,153,153,153,187,187,219,267,302,302,333,333,346,346,446,446,459,8,8,21,40,74,74,100,151,168,180,180,25,79,79,79],"floor_reached":51,"playtime":3264,"items_purged":["Strike_G+1"],"score":1021,"play_id":"30dac7ff-e9ec-4b17-9bb5-48a1326478b6","local_time":"20201228133242","is_ascension_mode":true,"campfire_choices":[{"floor":15.0,"key":"REST"},{"data":"Noxious Fumes","floor":24.0,"key":"SMITH"},{"data":"Venomology","floor":28.0,"key":"SMITH"},{"data":"Noxious Fumes","floor":32.0,"key":"SMITH"},{"data":"Catalyst","floor":41,"key":"SMITH"},{"data":"Distraction","floor":46,"key":"SMITH"},{"data":"Noxious Fumes","floor":49,"key":"SMITH"}],"circlet_count":0,"master_deck":["Strike_G+1","Strike_G+1","Strike_G+1","Strike_G+1","Defend_G+1","Defend_G+1","Defend_G+1","Defend_G+1","Defend_G+1","Survivor+1","Neutralize","Deadly Poison+1","Noxious Fumes+1","Poisoned Stab","Poisoned Stab","Noxious Fumes+1","Corpse Explosion+1","Venomology+1","Distraction+1","Adrenaline+1","Noxious Fumes","Noxious Fumes+1","Catalyst+1","Distraction+1","Footwork+1"],"relics":["Ring of the Snake","Oddly Smooth Stone","Torii","Mercury Hourglass","Gambling Chip","HornCleat","Coffee Dripper","Centennial Puzzle","Anchor","TungstenRod","Bag of Marbles","Shuriken","Darkstone Periapt","HoveringKite","War Paint","Orichalcum","Pear","Ancient Tea Set","Nunchaku","Snake Skull","Turnip"],"acts_visited":["Exordium","TheCity","TheBeyond"],"potions_floor_usage":[42,42,44,44,45,45,48,50],"damage_taken":[{"damage":0.0,"enemies":"Jaw Worm","floor":1.0,"turns":4.0},{"damage":5.0,"enemies":"Small Slimes","floor":2.0,"turns":5.0},{"damage":0.0,"enemies":"2 Louse","floor":4.0,"turns":4.0},{"damage":7.0,"enemies":"Blue Slaver","floor":5.0,"turns":3.0},{"damage":15.0,"enemies":"Gremlin Nob","floor":6.0,"turns":4.0},{"damage":0.0,"enemies":"Looter","floor":7.0,"turns":3.0},{"damage":27.0,"enemies":"3 Sentries","floor":10.0,"turns":8.0},{"damage":0.0,"enemies":"Gremlin Nob","floor":14.0,"turns":3.0},{"damage":1.0,"enemies":"Hexaghost","floor":16.0,"turns":7.0},{"damage":7.0,"enemies":"Shell Parasite","floor":18.0,"turns":4.0},{"damage":0.0,"enemies":"Chosen","floor":20.0,"turns":3.0},{"damage":10.0,"enemies":"Gremlin Leader","floor":23.0,"turns":5.0},{"damage":12.0,"enemies":"Book of Stabbing","floor":25.0,"turns":5.0},{"damage":0.0,"enemies":"Gremlin Leader","floor":27.0,"turns":5.0},{"damage":7.0,"enemies":"Slavers","floor":29.0,"turns":2.0},{"damage":0.0,"enemies":"Snake Plant","floor":31.0,"turns":4.0},{"damage":0.0,"enemies":"Automaton","floor":33.0,"turns":6.0},{"damage":2.0,"enemies":"Orb Walker","floor":35.0,"turns":3.0},{"damage":0.0,"enemies":"3 Shapes","floor":38.0,"turns":2.0},{"damage":0.0,"enemies":"Writhing Mass","floor":39.0,"turns":5.0},{"damage":42,"enemies":"Nemesis","floor":40,"turns":7},{"damage":0,"enemies":"Reptomancer","floor":42,"turns":4},{"damage":0,"enemies":"Transient","floor":44,"turns":5},{"damage":0,"enemies":"Maw","floor":45,"turns":5},{"damage":0,"enemies":"2 Orb Walkers","floor":48,"turns":2},{"damage":12,"enemies":"Donu and Deca","floor":50,"turns":4}],"seed_played":"-991497366538809450","potions_obtained":[{"floor":4.0,"key":"BlessingOfTheForge"},{"floor":5.0,"key":"PowerPotion"},{"floor":10.0,"key":"Energy Potion"},{"floor":14.0,"key":"Swift Potion"},{"floor":16.0,"key":"FearPotion"},{"floor":18.0,"key":"Poison Potion"},{"floor":25.0,"key":"EntropicBrew"},{"floor":31.0,"key":"Energy Potion"},{"floor":33.0,"key":"SmokeBomb"},{"floor":40,"key":"BlessingOfTheForge"},{"floor":42,"key":"SkillPotion"},{"floor":44,"key":"Ancient Potion"}],"is_trial":false,"path_per_floor":["M","M","$","M","M","E","M","?","T","E","$","?","?","E","R","B",null,"M","?","M","?","?","E","R","E","T","E","R","E","?","M","R","B",null,"M","$","?","M","M","E","R","E","T","M","M","R","$","?","R","B",null],"character_chosen":"THE_SILENT","items_purchased":["Noxious Fumes","Poisoned Stab","Noxious Fumes","War Paint","Noxious Fumes","Orichalcum","Snake Skull"],"campfire_rested":1,"item_purchase_floors":[3,3,11,36,36,36,47],"current_hp_per_floor":[77,72,72,72,65,50,50,50,50,23,23,16,1,1,24,23,77,70,70,70,70,54,44,44,32,32,32,32,25,25,39,39,39,77,75,75,75,75,75,43,43,43,43,43,43,43,43,43,43,31],"gold":79,"neow_bonus":"TEN_PERCENT_HP_BONUS","is_daily":false,"chose_seed":false,"campfire_upgraded":6,"win_rate":0.0,"timestamp":1609180362,"path_taken":["M","M","$","M","M","E","M","?","T","E","$","?","?","E","R","BOSS","M","?","M","?","?","E","R","E","T","E","R","E","?","?","R","BOSS","M","$","?","M","M","E","R","E","T","M","M","R","$","?","R","BOSS"],"items_purchased_type":["Card","Card","Card","Relic","Card","Relic","Relic"],"build_version":"2020-12-22","purchased_purges":1,"victory":true,"max_hp_per_floor":[77,77,77,77,77,77,77,77,77,77,77,77,77,77,77,77,77,77,77,77,77,77,77,77,77,77,77,77,77,77,77,77,77,77,77,77,77,77,77,87,87,87,87,87,87,87,87,87,87,87],"card_choices":[{"not_picked":["Underhanded Strike","Dodge and Roll"],"picked":"Poisoned Stab","floor":1.0},{"not_picked":["Flechettes","Underhanded Strike"],"picked":"Deadly Poison","floor":2.0},{"not_picked":["Dagger Spray","Flying Knee","Finisher"],"picked":"SKIP","floor":4.0},{"not_picked":["Backflip","Storm of Steel","Flying Knee"],"picked":"SKIP","floor":5.0},{"not_picked":["Dagger Spray","Sucker Punch"],"picked":"Poisoned Stab","floor":6.0},{"not_picked":["PiercingWail","Cloak And Dagger","Prepared"],"picked":"SKIP","floor":7.0},{"not_picked":["PiercingWail","All Out Attack","Phantasmal Killer"],"picked":"SKIP","floor":10.0},{"not_picked":["Escape Plan","Riddle With Holes","Caltrops"],"picked":"SKIP","floor":14.0},{"not_picked":["Die Die Die","Tools of the Trade"],"picked":"Corpse Explosion","floor":16.0},{"not_picked":["Dash","Dagger Throw","Prepared"],"picked":"SKIP","floor":18.0},{"not_picked":["Dagger Throw","Choke","Outmaneuver"],"picked":"SKIP","floor":20.0},{"not_picked":["Predator","Backflip","Slice"],"picked":"SKIP","floor":23.0},{"not_picked":["Flying Knee","Dagger Spray"],"picked":"Venomology","floor":25.0},{"not_picked":["Bane","Eviscerate"],"picked":"Distraction+1","floor":27.0},{"not_picked":["All Out Attack","Expertise","Choke"],"picked":"SKIP","floor":29.0},{"not_picked":["Dagger Spray","Deadly Poison","Dagger Throw"],"picked":"SKIP","floor":31.0},{"not_picked":["Venomology","Phantasmal Killer"],"picked":"Adrenaline","floor":33.0},{"not_picked":["Quick Slash+1","Backflip+1","Deadly Poison+1"],"picked":"SKIP","floor":35.0},{"not_picked":["Choke","Backstab"],"picked":"Noxious Fumes","floor":38.0},{"not_picked":["Slice","Backflip+1"],"picked":"Catalyst","floor":39.0},{"not_picked":["Unload","Underhanded Strike","Blade Dance+1"],"picked":"SKIP","floor":40},{"not_picked":["Bane","Blade Dance"],"picked":"Distraction","floor":42},{"not_picked":["Malaise","Sucker Punch+1","Quick Slash"],"picked":"SKIP","floor":44},{"not_picked":["Quick Slash+1","Underhanded Strike","Tactician+1"],"picked":"SKIP","floor":45},{"not_picked":["Choke+1","Dodge and Roll+1"],"picked":"Footwork+1","floor":48}],"player_experience":141056,"relics_obtained":[{"floor":6.0,"key":"Oddly Smooth Stone"},{"floor":9.0,"key":"Torii"},{"floor":10.0,"key":"Mercury Hourglass"},{"floor":14.0,"key":"HornCleat"},{"floor":23.0,"key":"Anchor"},{"floor":25.0,"key":"TungstenRod"},{"floor":26.0,"key":"Bag of Marbles"},{"floor":27.0,"key":"Shuriken"},{"floor":29.0,"key":"Darkstone Periapt"},{"floor":40,"key":"Pear"},{"floor":42,"key":"Ancient Tea Set"},{"floor":43,"key":"Nunchaku"},{"floor":48,"key":"Turnip"}],"event_choices":[{"damage_healed":0.0,"max_hp_gain":0.0,"max_hp_loss":0.0,"gold_gain":0.0,"event_name":"Living Wall","player_choice":"Grow","floor":8.0,"gold_loss":0.0,"damage_taken":0.0,"cards_upgraded":["Survivor"]},{"damage_healed":0.0,"max_hp_gain":0.0,"max_hp_loss":0.0,"gold_gain":0.0,"event_name":"Scrap Ooze","player_choice":"Success","floor":12.0,"gold_loss":0.0,"damage_taken":7.0,"relics_obtained":["Gambling Chip"]},{"damage_healed":0.0,"max_hp_gain":0.0,"max_hp_loss":0.0,"gold_gain":0.0,"event_name":"Shining Light","player_choice":"Entered Light","floor":13.0,"gold_loss":0.0,"damage_taken":15.0,"cards_upgraded":["Strike_G","Strike_G"]},{"damage_healed":0.0,"max_hp_gain":0.0,"max_hp_loss":0.0,"gold_gain":0.0,"event_name":"Addict","player_choice":"Obtained Relic","floor":19.0,"gold_loss":85.0,"damage_taken":0.0,"relics_obtained":["Centennial Puzzle"]},{"damage_healed":0.0,"max_hp_gain":0.0,"max_hp_loss":0.0,"gold_gain":0.0,"event_name":"Back to Basics","player_choice":"Simplicity","floor":21.0,"gold_loss":0.0,"damage_taken":0.0,"cards_upgraded":["Strike_G","Strike_G","Strike_G","Defend_G","Defend_G","Defend_G","Defend_G","Defend_G"]},{"damage_healed":0.0,"max_hp_gain":0.0,"max_hp_loss":0.0,"gold_gain":0.0,"event_name":"Cursed Tome","player_choice":"Obtained Book","floor":22.0,"gold_loss":0.0,"damage_taken":16.0},{"damage_healed":0.0,"max_hp_gain":0.0,"max_hp_loss":0.0,"gold_gain":0.0,"event_name":"Accursed Blacksmith","player_choice":"Forge","floor":30.0,"gold_loss":0.0,"damage_taken":0.0,"cards_upgraded":["Corpse Explosion"]},{"cards_removed":["Poisoned Stab"],"damage_healed":0.0,"max_hp_gain":0.0,"max_hp_loss":0.0,"gold_gain":0.0,"event_name":"Falling","player_choice":"Removed Attack","floor":37.0,"gold_loss":0.0,"damage_taken":0.0},{"damage_healed":0,"gold_gain":0,"player_choice":"Fight","damage_taken":0,"max_hp_gain":0,"max_hp_loss":0,"event_name":"Mysterious Sphere","floor":48,"gold_loss":0}],"is_beta":false,"boss_relics":[{"not_picked":["Runic Pyramid","Ring of the Serpent"],"picked":"Coffee Dripper"},{"not_picked":["Fusion Hammer","Philosopher\u0027s Stone"],"picked":"HoveringKite"}],"items_purged_floors":[36],"is_endless":false,"potions_floor_spawned":[4,5,10,14,16,18,25,31,33,40,42,44],"ascension_level":1}}