{"host":"bbcqjedmotowk2e9","time":1609190186,"event":{"mods":["AchievementEnabler","Aspiration","BaseMod","Colored Powertips","Energized Spire","GifTheSpireLib","Halation","Hubris","Hyrulean Relics","Infinite Spire","Marisa????????","Minty Spire (QoL Compilation)","Permanent Neow","Quick Restart","Relic Stats","Replay The Spire","Spires And Sneckos","StSLib","Stuff the Spire","Synergy Search","The Disciple"],"gold_per_floor":[117,292,306,84,84,84,119,119],"floor_reached":7,"playtime":419,"items_purged":["Doubt"],"score":49,"play_id":"3c241579-7b3e-4c02-a19a-74ea623f178f","local_time":"20201229001626","is_ascension_mode":false,"campfire_choices":[{"data":"LockedWarPaint","floor":6,"key":"SMITH"}],"circlet_count":0,"master_deck":["Strike_Br","Strike_Br","Strike_Br","Defend_Br","Defend_Br","Defend_Br","SecondHand","PatternShift","StuffTheSpire:GnomedCurse","LockedWarPaint+1","SlimeSpray","HandsUpB","Regret","OverTime"],"relics":["Chronometer","Strawberry","StuffTheSpire:RedRose","Replay:Accelerometer"],"acts_visited":["Exordium"],"potions_floor_usage":[7],"damage_taken":[{"damage":14,"enemies":"Jaw Worm","floor":1,"turns":6},{"damage":0,"enemies":"Small Slimes","floor":3,"turns":5},{"damage":31,"enemies":"3 Sentries","floor":7,"turns":10}],"seed_played":"-6738008767781840977","potions_obtained":[{"floor":3,"key":"SkillPotion"}],"is_trial":false,"path_per_floor":["M","?","M","$","?","R","E"],"character_chosen":"CHRONO_CLASS","items_purchased":["Strawberry"],"campfire_rested":0,"item_purchase_floors":[4],"current_hp_per_floor":[51,51,51,58,58,58,27,27],"gold":119,"neow_bonus":"TRANSFORM_TWO_CARDS","is_daily":false,"chose_seed":false,"campfire_upgraded":1,"win_rate":0.0,"timestamp":1609190186,"path_taken":["M","?","M","$","?","R","E"],"items_purchased_type":["Relic"],"build_version":"2020-12-22","purchased_purges":1,"victory":false,"max_hp_per_floor":[65,65,65,72,72,72,72,72],"relic_stats":{"counters":[3,21],"obtain_stats":[{"Replay:Accelerometer":7,"Chronometer":0,"Strawberry":4,"StuffTheSpire:RedRose":5},{"Replay:Accelerometer":3,"Chronometer":0,"Strawberry":2,"StuffTheSpire:RedRose":2},{"Replay:Accelerometer":21,"Chronometer":0,"Strawberry":11,"StuffTheSpire:RedRose":11}]},"card_choices":[{"not_picked":["CrunchTime","LockedUrn"],"picked":"HandsUpB","floor":1},{"not_picked":["Accruing","LockedBlood","PrimeTime"],"picked":"SKIP","floor":3},{"not_picked":["LockedUrn","EscortCommand"],"picked":"OverTime","floor":7}],"player_experience":570258,"relics_obtained":[{"floor":7,"key":"Replay:Accelerometer"}],"event_choices":[{"damage_healed":0,"gold_gain":175,"player_choice":"AGREE","damage_taken":0,"max_hp_gain":0,"max_hp_loss":0,"event_name":"Liars Game","floor":2,"gold_loss":0,"cards_obtained":["Doubt"]}],"is_beta":false,"boss_relics":[],"items_purged_floors":[4],"is_endless":false,"potions_floor_spawned":[3],"killed_by":"3 Sentries","ascension_level":0}}