{"host":"640uue19m79c7wbt","time":1609184945,"event":{"mods":["BaseMod","Colored Map","Googly Eyes","Highlight Path","Minty Spire (QoL Compilation)","Quick Restart","StSLib"],"gold_per_floor":[117,117,67,9,29,69,83,83,109,109,150,162,174,200,212,343,355,391,427,354,172,97,140,140,181,204,228,228,42,42,42],"floor_reached":30,"playtime":1077,"items_purged":["Defend_G","Defend_G"],"score":463,"play_id":"fd0d98f4-815b-4212-95e4-8bc0efefc70b","local_time":"20201228144905","is_ascension_mode":true,"campfire_choices":[{"data":"Crippling Poison","floor":8.0,"key":"SMITH"},{"floor":10.0,"key":"REST"},{"data":"Choke","floor":12.0,"key":"SMITH"},{"data":"Infinite Blades","floor":15.0,"key":"SMITH"},{"floor":24.0,"key":"REST"},{"floor":28.0,"key":"REST"}],"circlet_count":0,"master_deck":["AscendersBane","Strike_G+1","Strike_G+1","Defend_G","Defend_G","Survivor","Neutralize","Dagger Spray","Backstab","Infinite Blades+1","Crippling Poison+1","Choke+1","Backstab","Deflect+1","Cloak And Dagger","Accuracy","Bouncing Flask","Wraith Form v2","Backflip","PiercingWail","Leg Sweep"],"relics":["Ring of the Snake","NeowsBlessing","Golden Idol","Happy Flower","Whetstone","Regal Pillow","MawBank","Empty Cage","Art of War","Lantern","Ice Cream"],"acts_visited":["Exordium","TheCity"],"potions_floor_usage":[],"damage_taken":[{"damage":0.0,"enemies":"Jaw Worm","floor":1.0,"turns":1.0},{"damage":0.0,"enemies":"Small Slimes","floor":5.0,"turns":1.0},{"damage":0.0,"enemies":"Gremlin Nob","floor":6.0,"turns":1.0},{"damage":0.0,"enemies":"Cultist","floor":7.0,"turns":4.0},{"damage":8.0,"enemies":"3 Sentries","floor":11.0,"turns":4.0},{"damage":0.0,"enemies":"3 Louse","floor":14.0,"turns":2.0},{"damage":47.0,"enemies":"The Guardian","floor":16.0,"turns":12.0},{"damage":19.0,"enemies":"Spheric Guardian","floor":18.0,"turns":4.0},{"damage":9.0,"enemies":"Shell Parasite","floor":19.0,"turns":6.0},{"damage":21.0,"enemies":"Slavers","floor":23.0,"turns":5.0},{"damage":27.0,"enemies":"Book of Stabbing","floor":25.0,"turns":5.0},{"damage":8.0,"enemies":"3 Cultists","floor":27.0,"turns":4.0},{"damage":26,"enemies":"Gremlin Leader","floor":30,"turns":5}],"seed_played":"-63894437813177465","potions_obtained":[{"floor":6.0,"key":"ColorlessPotion"},{"floor":7.0,"key":"AttackPotion"},{"floor":11.0,"key":"SmokeBomb"},{"floor":14.0,"key":"Energy Potion"},{"floor":18.0,"key":"Regen Potion"},{"floor":19.0,"key":"Explosive Potion"},{"floor":23.0,"key":"DuplicationPotion"}],"is_trial":false,"path_per_floor":["M","?","?","?","M","E","M","R","T","R","E","R","?","M","R","B",null,"M","M","?","$","?","E","R","E","T","M","R","$","E"],"character_chosen":"THE_SILENT","items_purchased":["Accuracy","Bouncing Flask","PiercingWail","Leg Sweep"],"campfire_rested":3,"item_purchase_floors":[21,21,29,29],"current_hp_per_floor":[63,46,46,46,46,46,46,46,46,70,62,62,55,55,55,8,55,36,42,42,42,42,21,57,30,30,22,58,58,32,32],"gold":42,"neow_bonus":"THREE_ENEMY_KILL","is_daily":false,"chose_seed":false,"campfire_upgraded":3,"win_rate":0.0,"timestamp":1609184945,"path_taken":["M","?","?","?","M","E","?","R","T","R","E","R","?","M","R","BOSS","M","M","?","$","?","E","R","E","T","M","R","$","E"],"items_purchased_type":["Card","Card","Card","Card"],"build_version":"2020-12-22","purchased_purges":2,"victory":false,"max_hp_per_floor":[70,70,70,70,70,70,70,70,70,70,70,70,70,70,70,70,70,70,70,70,70,70,70,70,70,70,70,70,70,70,70],"card_choices":[{"not_picked":["PiercingWail","Footwork"],"picked":"Dagger Spray","floor":1.0},{"not_picked":["Quick Slash","Blade Dance"],"picked":"Backstab","floor":5.0},{"not_picked":["Reflex","Leg Sweep"],"picked":"Infinite Blades","floor":6.0},{"not_picked":["Quick Slash","Bane"],"picked":"Crippling Poison","floor":7.0},{"not_picked":["Crippling Poison","Cloak And Dagger"],"picked":"Choke","floor":11.0},{"not_picked":["Acrobatics","Deflect"],"picked":"Backstab","floor":14.0},{"not_picked":["Phantasmal Killer","Storm of Steel"],"picked":"A Thousand Cuts","floor":16.0},{"not_picked":["Bane","Deadly Poison"],"picked":"Deflect+1","floor":18.0},{"not_picked":["Underhanded Strike","Outmaneuver"],"picked":"Cloak And Dagger","floor":19.0},{"not_picked":["Eviscerate","Heel Hook"],"picked":"Wraith Form v2","floor":23.0},{"not_picked":["Outmaneuver+1","Setup"],"picked":"Backflip","floor":25.0},{"not_picked":["Deadly Poison","Flying Knee","Acrobatics"],"picked":"SKIP","floor":27.0}],"player_experience":1243819,"relics_obtained":[{"floor":6.0,"key":"Whetstone"},{"floor":9.0,"key":"Regal Pillow"},{"floor":11.0,"key":"MawBank"},{"floor":23.0,"key":"Lantern"},{"floor":25.0,"key":"Ice Cream"}],"event_choices":[{"damage_healed":0.0,"max_hp_gain":0.0,"max_hp_loss":0.0,"gold_gain":0.0,"event_name":"Golden Idol","player_choice":"Take Damage","floor":2.0,"gold_loss":0.0,"damage_taken":17.0,"relics_obtained":["Golden Idol"]},{"cards_removed":["Strike_G"],"damage_healed":0.0,"max_hp_gain":0.0,"max_hp_loss":0.0,"gold_gain":0.0,"event_name":"The Cleric","player_choice":"Card Removal","floor":3.0,"gold_loss":50.0,"damage_taken":0.0},{"damage_healed":0.0,"max_hp_gain":0.0,"max_hp_loss":0.0,"gold_gain":0.0,"event_name":"WeMeetAgain","player_choice":"Paid Gold","floor":4.0,"gold_loss":58.0,"damage_taken":0.0,"relics_obtained":["Happy Flower"]},{"cards_removed":["Strike_G"],"damage_healed":0.0,"max_hp_gain":0.0,"max_hp_loss":0.0,"gold_gain":0.0,"event_name":"Golden Wing","player_choice":"Card Removal","floor":13.0,"gold_loss":0.0,"damage_taken":7.0},{"damage_healed":0.0,"max_hp_gain":0.0,"max_hp_loss":0.0,"gold_gain":0.0,"event_name":"Addict","player_choice":"Obtained Relic","floor":20.0,"gold_loss":85.0,"damage_taken":0.0,"relics_obtained":["Art of War"]},{"cards_removed":["A Thousand Cuts"],"damage_healed":0.0,"max_hp_gain":0.0,"max_hp_loss":0.0,"gold_gain":0.0,"event_name":"Beggar","player_choice":"Gave Gold","floor":22.0,"gold_loss":75.0,"damage_taken":0.0}],"is_beta":false,"boss_relics":[{"not_picked":["Fusion Hammer","Tiny House"],"picked":"Empty Cage"}],"items_purged_floors":[21,29],"is_endless":false,"potions_floor_spawned":[6,7,11,14,18,19,23],"killed_by":"Gremlin Leader","ascension_level":11}}