{"host":"b4asi0laiv85suj9","time":1609128716,"event":{"mods":["ATMod(°¢èªMod)","BaseMod","Minty Spire (QoL Compilation)","MostiFishMod","Relic Stats","StSLib","TestMod","noobMod"],"gold_per_floor":[125,125,125,144,157,194,206,249,249,265,283,313,313,346,346,431,-969,-955,-934,-911,-888,-868,-822,-794,-761,-681,-681,-681,-670,-637,-622,-622,-547,-547,-523,-523,-523,-505,-505,-470,-470,-438,-438,-408,-395,-355,-329,-329,-329,-323,-323,-323,-323,-279,-262],"floor_reached":56,"playtime":2013,"items_purged":[],"score":2938,"play_id":"614f6880-fe47-4866-919a-645ab5039d9e","local_time":"20201228121156","is_ascension_mode":true,"campfire_choices":[{"data":"MostiFishMod:DarkDeal","floor":13.0,"key":"SMITH"},{"data":"Burning Pact","floor":15.0,"key":"SMITH"},{"data":"MostiFishMod:404NotFound","floor":32,"key":"SMITH"},{"floor":41,"key":"RECALL"},{"data":"AT_IchimonjiDouble","floor":49,"key":"SMITH"},{"data":"MostiFishMod:HellRitual","floor":52,"key":"SMITH"}],"circlet_count":0,"master_deck":["AscendersBane","Strike_R","Strike_R","Strike_R","Defend_R","Defend_R","Defend_R","Defend_R","Bash","AT_SoftenMuscles","Perfected Strike","Hemokinesis","Shrug It Off","Shockwave","AT_IchimonjiDouble+1","MostiFishMod:DarkDeal+1","AT_BodySlamDance","Exhume","Burning Pact+1","MostiFishMod:404NotFound+1","Feel No Pain","Carnage","MostiFishMod:HellRitual+1","MostiFishMod:ChineseTea","Fiend Fire","MostiFishMod:ChineseTea","AT_ShrugMaster","Pommel Strike","MostiFishMod:ChineseTea","AT_CaressingTears","AT_ShrugMaster","Limit Break","Master of Strategy","Flash of Steel","Shrug It Off","Disarm+1","Pommel Strike+1","Infernal Blade+1","Shrug It Off+1"],"relics":["testmod-TestBox","DaveBox","ice","AT_ATBox","testmod-DeterminationOfClimber","testmod-Justice","xbg","SynthV:TestCard","testmod-EqualTreatment","Pantograph","Magic Flower","testmod-TheFather","Strawberry","SynthV:MejaisSoulstealer","testmod-LifeArmor","Ornamental Fan","InkBottle","testmod-Prudence","AT_BellDemon","Toxic Egg 2","testmod-Maize","Question Card","testmod-OneHitWonder","CeramicFish","testmod-AssaultLearning","Akabeko","testmod-CyclicPeriapt","Vajra","Bronze Scales"],"acts_visited":["Exordium","TheCity","TheBeyond","TheEnding"],"potions_floor_usage":[47],"damage_taken":[{"damage":0.0,"enemies":"Small Slimes","floor":1.0,"turns":3.0},{"damage":0.0,"enemies":"Cultist","floor":4.0,"turns":3.0},{"damage":10.0,"enemies":"2 Louse","floor":5.0,"turns":2.0},{"damage":12.0,"enemies":"Gremlin Nob","floor":6.0,"turns":3.0},{"damage":7.0,"enemies":"Lots of Slimes","floor":7.0,"turns":2.0},{"damage":2.0,"enemies":"Lagavulin","floor":8.0,"turns":2.0},{"damage":5.0,"enemies":"Blue Slaver","floor":10.0,"turns":1.0},{"damage":9.0,"enemies":"Exordium Wildlife","floor":11.0,"turns":2.0},{"damage":12.0,"enemies":"Gremlin Nob","floor":12.0,"turns":3.0},{"damage":5.0,"enemies":"Lagavulin","floor":14.0,"turns":1.0},{"damage":2.0,"enemies":"Slime Boss","floor":16.0,"turns":2.0},{"damage":5.0,"enemies":"Spheric Guardian","floor":18.0,"turns":1.0},{"damage":0.0,"enemies":"3 Byrds","floor":19.0,"turns":1.0},{"damage":2.0,"enemies":"Shelled Parasite and Fungi","floor":20.0,"turns":1.0},{"damage":0.0,"enemies":"Cultist and Chosen","floor":21.0,"turns":2.0},{"damage":0.0,"enemies":"Snecko","floor":22.0,"turns":2.0},{"damage":2.0,"enemies":"Slavers","floor":23.0,"turns":2.0},{"damage":0.0,"enemies":"Centurion and Healer","floor":24.0,"turns":2.0},{"damage":2.0,"enemies":"Book of Stabbing","floor":25.0,"turns":2.0},{"damage":0,"enemies":"Sentry and Sphere","floor":29,"turns":1},{"damage":5,"enemies":"Gremlin Leader","floor":30,"turns":1},{"damage":0,"enemies":"Snecko","floor":31,"turns":2},{"damage":0,"enemies":"Champ","floor":33,"turns":1},{"damage":14,"enemies":"3 Shapes","floor":35,"turns":1},{"damage":0,"enemies":"3 Darklings","floor":38,"turns":1},{"damage":0,"enemies":"Nemesis","floor":40,"turns":1},{"damage":0,"enemies":"Giant Head","floor":42,"turns":1},{"damage":0,"enemies":"Reptomancer","floor":44,"turns":1},{"damage":5,"enemies":"Spire Growth","floor":45,"turns":1},{"damage":2,"enemies":"Giant Head","floor":46,"turns":1},{"damage":0,"enemies":"Sphere and 2 Shapes","floor":47,"turns":1},{"damage":5,"enemies":"Time Eater","floor":50,"turns":2},{"damage":0,"enemies":"Shield and Spear","floor":54,"turns":1},{"damage":8,"enemies":"The Heart","floor":55,"turns":4}],"seed_played":"-993440146239735796","potions_obtained":[{"floor":3.0,"key":"AttackPotion"},{"floor":3.0,"key":"SpeedPotion"},{"floor":8.0,"key":"testmod-TestPotion"},{"floor":20.0,"key":"FearPotion"},{"floor":31,"key":"AttackPotion"},{"floor":44,"key":"PowerPotion"},{"floor":47,"key":"testmod-SpacePotion"}],"is_trial":false,"path_per_floor":["M","?","?","M","M","E","M","E","T","M","M","E","R","E","R","B",null,"M","M","M","M","M","E","M","E","T","?","$","M","E","M","R","B",null,"M","?","?","M","$","E","R","E","T","E","M","E","M","?","R","B",null,"R","$","E","B",null],"character_chosen":"IRONCLAD","items_purchased":[],"campfire_rested":0,"item_purchase_floors":[],"current_hp_per_floor":[74,67,67,71,61,52,47,54,54,52,48,45,45,50,50,82,82,82,82,80,82,82,82,82,82,82,82,82,82,82,82,82,82,82,70,70,60,62,62,64,64,68,68,68,66,71,71,71,71,82,82,82,82,82,82],"gold":-262,"neow_bonus":"BOSS_RELIC","is_daily":false,"chose_seed":false,"campfire_upgraded":5,"win_rate":0.0,"timestamp":1609128716,"path_taken":["M","?","?","M","?","E","M","E","T","?","?","E","R","E","R","BOSS","M","M","M","M","M","E","?","E","T","?","$","?","E","M","R","BOSS","M","?","?","M","$","E","R","E","T","E","M","E","M","?","R","BOSS","R","$","E","BOSS"],"items_purchased_type":[],"build_version":"2020-12-22","purchased_purges":0,"victory":true,"max_hp_per_floor":[75,75,75,75,75,75,75,75,75,75,75,75,75,82,82,82,82,82,82,82,82,82,82,82,82,82,82,82,82,82,82,82,82,82,82,82,82,82,82,82,82,82,82,82,82,82,82,82,82,82,82,82,82,82,82],"relic_stats":{"counters":[34,57],"Ornamental Fan":[32],"Pantograph":43,"CeramicFish":27,"Bronze Scales":[3],"Magic Flower":[35],"Question Card":5,"obtain_stats":[{"AT_BellDemon":40,"AT_ATBox":0,"DaveBox":0,"CeramicFish":45,"testmod-EqualTreatment":6,"Magic Flower":9,"Vajra":54,"testmod-LifeArmor":23,"ice":0,"Burning Blood":0,"testmod-Prudence":34,"Pantograph":8,"Strawberry":14,"testmod-TheFather":12,"testmod-DeterminationOfClimber":0,"Toxic Egg 2":42,"InkBottle":30,"testmod-Maize":42,"testmod-TestBox":0,"SynthV:MejaisSoulstealer":17,"testmod-CyclicPeriapt":47,"testmod-Justice":0,"Question Card":43,"Akabeko":46,"SynthV:TestCard":1,"Ornamental Fan":25,"testmod-AssaultLearning":46,"Bronze Scales":54,"xbg":0,"testmod-OneHitWonder":44},{"AT_BellDemon":26,"AT_ATBox":0,"DaveBox":0,"CeramicFish":29,"testmod-EqualTreatment":4,"Magic Flower":6,"Vajra":33,"testmod-LifeArmor":17,"ice":0,"Burning Blood":0,"testmod-Prudence":23,"Pantograph":6,"Strawberry":10,"testmod-TheFather":9,"testmod-DeterminationOfClimber":0,"Toxic Egg 2":27,"InkBottle":21,"testmod-Maize":27,"testmod-TestBox":0,"SynthV:MejaisSoulstealer":11,"testmod-CyclicPeriapt":31,"testmod-Justice":0,"Question Card":27,"Akabeko":30,"SynthV:TestCard":1,"Ornamental Fan":19,"testmod-AssaultLearning":30,"Bronze Scales":33,"xbg":0,"testmod-OneHitWonder":28},{"AT_BellDemon":45,"AT_ATBox":0,"DaveBox":0,"CeramicFish":48,"testmod-EqualTreatment":11,"Magic Flower":15,"Vajra":53,"testmod-LifeArmor":33,"ice":0,"Burning Blood":0,"testmod-Prudence":42,"Pantograph":15,"Strawberry":22,"testmod-TheFather":21,"testmod-DeterminationOfClimber":0,"Toxic Egg 2":46,"InkBottle":39,"testmod-Maize":46,"testmod-TestBox":0,"SynthV:MejaisSoulstealer":24,"testmod-CyclicPeriapt":50,"testmod-Justice":0,"Question Card":46,"Akabeko":49,"SynthV:TestCard":3,"Ornamental Fan":37,"testmod-AssaultLearning":49,"Bronze Scales":53,"xbg":0,"testmod-OneHitWonder":47}],"InkBottle":[8]},"card_choices":[{"not_picked":["Twin Strike","Wild Strike"],"picked":"Perfected Strike","floor":1.0},{"not_picked":["Anger","Clash","Body Slam","Wild Strike"],"picked":"Hemokinesis","floor":4.0},{"not_picked":["Sword Boomerang","Flex","Bloodletting","AT_BodySlamDance"],"picked":"Shrug It Off","floor":5.0},{"not_picked":["Dropkick","AT_ManFootWork","Searing Blow","Flex"],"picked":"Shockwave","floor":6.0},{"not_picked":["Twin Strike","Thunderclap","Dual Wield","Flame Barrier"],"picked":"AT_IchimonjiDouble","floor":7.0},{"not_picked":["Anger","Sentinel","Clash","Havoc"],"picked":"MostiFishMod:DarkDeal","floor":8.0},{"not_picked":["Flex","Heavy Blade","Second Wind","Bloodletting"],"picked":"AT_BodySlamDance","floor":10.0},{"not_picked":["Flex","Warcry","Perfected Strike","Wild Strike","Twin Strike"],"picked":"SKIP","floor":11.0},{"not_picked":["Uppercut","Metallicize","Clash","Headbutt"],"picked":"Exhume","floor":12.0},{"not_picked":["Thunderclap","Clothesline","Dropkick","Searing Blow"],"picked":"Burning Pact","floor":14.0},{"not_picked":["MostiFishMod:FireWorks","Corruption","MostiFishMod:PerfectStrikeMKII","Feed"],"picked":"MostiFishMod:404NotFound","floor":16.0},{"not_picked":["True Grit+1","MostiFishMod:#F4004","Body Slam","Shrug It Off","AT_BodySlamDance"],"picked":"SKIP","floor":18.0},{"not_picked":["Spot Weakness","Shrug It Off","AT_IchimonjiDouble","Body Slam"],"picked":"Feel No Pain","floor":19.0},{"not_picked":["Headbutt","Combust","Uppercut","Searing Blow"],"picked":"Carnage","floor":20.0},{"not_picked":["Shrug It Off","Flame Barrier","Clash","Reckless Charge"],"picked":"MostiFishMod:HellRitual","floor":21.0},{"not_picked":["Dropkick","Pummel","Headbutt","True Grit","Iron Wave"],"picked":"SKIP","floor":22.0},{"not_picked":["Sword Boomerang","Flex","Clash+1","Seeing Red+1"],"picked":"MostiFishMod:ChineseTea","floor":23.0},{"not_picked":["Flex","Sword Boomerang+1","Twin Strike","Thunderclap"],"picked":"Fiend Fire","floor":24.0},{"not_picked":["Fire Breathing+1","Sword Boomerang+1","Uppercut","Blood for Blood"],"picked":"MostiFishMod:ChineseTea","floor":25.0},{"not_picked":["Clash+1","MostiFishMod:BrandingRite","Dropkick","Sword Boomerang"],"picked":"AT_CaressingTears","floor":29},{"not_picked":["Iron Wave","Heavy Blade","Fire Breathing+1","MostiFishMod:BrandingRite+1","MostiFishMod:#F4004"],"picked":"SKIP","floor":30},{"not_picked":["Thunderclap","Pommel Strike","Combust","Metallicize"],"picked":"AT_ShrugMaster","floor":31},{"not_picked":["Brutality","Bludgeon","MostiFishMod:Chiaki","AT_Dispersion"],"picked":"Limit Break","floor":33},{"not_picked":["Heavy Blade","AT_IchimonjiDouble","Clash","Warcry","Burning Pact+1"],"picked":"SKIP","floor":35},{"not_picked":["Blind","testmod-BackupPower","Dramatic Entrance","Madness"],"picked":"Master of Strategy","floor":37},{"not_picked":["testmod-Automaton","testmod-Collector","testmod-HandmadeProducts","testmod-TemporaryDeletion"],"picked":"Flash of Steel","floor":37},{"not_picked":["AT_ManFootWork","Carnage","Reckless Charge","Spot Weakness+1","Cleave"],"picked":"SKIP","floor":38},{"not_picked":["Flex","Entrench","Thunderclap","Evolve"],"picked":"Shrug It Off","floor":40},{"not_picked":["AT_IchimonjiDouble","Cleave","Iron Wave+1","Havoc+1","Sever Soul+1"],"picked":"SKIP","floor":42},{"not_picked":["Rage+1","Searing Blow","Clothesline+1","Entrench+1","Rupture"],"picked":"Disarm+1","floor":44},{"not_picked":["Wild Strike","Rupture","Clothesline+1","Headbutt","Fire Breathing","MostiFishMod:TemporaryOutbreak"],"picked":"SKIP","floor":45},{"not_picked":["Warcry+1","Headbutt","Ghostly Armor+1","Sever Soul","Shockwave+1"],"picked":"Pommel Strike+1","floor":46},{"not_picked":["Flex+1","Heavy Blade","Pommel Strike","Uppercut","AT_BodySlamDance+1"],"picked":"Infernal Blade+1","floor":47},{"not_picked":["Havoc+1","Sentinel+1","MostiFishMod:BrandingRite+1","Second Wind+1","Uppercut"],"picked":"Shrug It Off+1","floor":54}],"player_experience":253833,"relics_obtained":[{"floor":1.0,"key":"SynthV:TestCard"},{"floor":6.0,"key":"testmod-EqualTreatment"},{"floor":8.0,"key":"Pantograph"},{"floor":9.0,"key":"Magic Flower"},{"floor":12.0,"key":"testmod-TheFather"},{"floor":14.0,"key":"Strawberry"},{"floor":23.0,"key":"testmod-LifeArmor"},{"floor":25.0,"key":"Ornamental Fan"},{"floor":30,"key":"InkBottle"},{"floor":40,"key":"AT_BellDemon"},{"floor":42,"key":"Toxic Egg 2"},{"floor":42,"key":"testmod-Maize"},{"floor":43,"key":"Question Card"},{"floor":44,"key":"testmod-OneHitWonder"},{"floor":45,"key":"CeramicFish"},{"floor":46,"key":"testmod-AssaultLearning"},{"floor":46,"key":"Akabeko"},{"floor":47,"key":"testmod-CyclicPeriapt"},{"floor":54,"key":"Vajra"},{"floor":54,"key":"Bronze Scales"}],"event_choices":[{"cards_removed":["Strike_R"],"damage_healed":0.0,"max_hp_gain":0.0,"max_hp_loss":0.0,"gold_gain":0.0,"event_name":"Golden Wing","player_choice":"Card Removal","floor":2.0,"gold_loss":0.0,"damage_taken":7.0},{"damage_healed":0.0,"max_hp_gain":0.0,"max_hp_loss":0.0,"gold_gain":0.0,"event_name":"Lab","player_choice":"Got Potions","floor":3.0,"gold_loss":0.0,"damage_taken":0.0},{"damage_healed":0,"gold_gain":0,"player_choice":"3 cards matched","damage_taken":0,"max_hp_gain":0,"max_hp_loss":0,"event_name":"Match and Keep!","floor":27,"gold_loss":0,"cards_obtained":["AT_ShrugMaster","Pommel Strike","MostiFishMod:ChineseTea"]},{"cards_removed":["Strike_R"],"damage_healed":0,"gold_gain":0,"player_choice":"Removed Attack","damage_taken":0,"max_hp_gain":0,"max_hp_loss":0,"event_name":"Falling","floor":36,"gold_loss":0},{"damage_healed":0,"gold_gain":0,"player_choice":"Memory 3","damage_taken":10,"max_hp_gain":0,"max_hp_loss":0,"event_name":"SensoryStone","floor":37,"gold_loss":0},{"damage_healed":0,"gold_gain":0,"player_choice":"0 cards matched","damage_taken":0,"max_hp_gain":0,"max_hp_loss":0,"event_name":"Match and Keep!","floor":48,"gold_loss":0,"cards_obtained":[]}],"is_beta":false,"boss_relics":[{"not_picked":["GuanYuAspect","Busted Crown"],"picked":"SynthV:MejaisSoulstealer"},{"not_picked":["MoonlightInvasionPlan","Cursed Key"],"picked":"testmod-Prudence"}],"items_purged_floors":[],"is_endless":false,"potions_floor_spawned":[4,7,8,12,14,20,22,24,25,30,31,38,44,45,46,47,54],"ascension_level":18}}