{"host":"eocn4tduyrehyy81","time":1609160622,"event":{"mods":["AchievementEnabler","Aspiration","BaseMod","BetterRewards","Custom Start","Minty Spire (QoL Compilation)","Replay The Spire","StSLib"],"gold_per_floor":[117,117,76,95,9,36,36,64,110,122,47,73,102,30,42,150,162,88,100,22,34,63,75,87,99,111,222,259,181,193,219,231,243,243],"floor_reached":33,"playtime":2568,"items_purged":[],"score":402,"play_id":"3ebcb66c-adf5-45b3-bcf2-59f43e6312a4","local_time":"20201228070342","is_ascension_mode":false,"campfire_choices":[{"data":"Noxious Fumes","floor":7,"key":"SMITH"},{"floor":15,"key":"REST"},{"floor":23,"key":"REST"},{"floor":25,"key":"REST"},{"floor":32,"key":"REST"}],"circlet_count":0,"master_deck":["Strike_G","Strike_G","Strike_G","Strike_G","Strike_G","Defend_G","Defend_G","Defend_G","Defend_G","Defend_G","Survivor","Neutralize","Bouncing Flask+1","Skewer","Flying Knee","Dramatic Entrance","Quick Slash","The Bomb","Prepared","Footwork","Bane","Noxious Fumes+1","Injury","Envenom","Crippling Poison","Poisoned Stab","Endless Agony","Deadly Poison","Poisoned Stab","Envenom","Bouncing Flask","Sneak Up+1","Toxin Wave+1","Backflip","Outmaneuver+1","Outmaneuver"],"relics":["Ring of the Snake","Replay:Wax Seal","PreservedInsect","BargainBundle","ReplayTheSpireMod:CursedCoin","Replay:Ringing Soul","The Specimen","Pocketwatch","MawBank","Black Star","InkBottle","Byrd Skull","War Paint","Replay:WaspNest"],"acts_visited":["Exordium","TheCity"],"potions_floor_usage":[6,8,8,13,13,22,29,33],"damage_taken":[{"damage":3,"enemies":"Jaw Worm","floor":1,"turns":3},{"damage":0,"enemies":"Cultist","floor":4,"turns":3},{"damage":9,"enemies":"3 Sentries","floor":6,"turns":4},{"damage":0,"enemies":"Gremlin Nob","floor":8,"turns":2},{"damage":0,"enemies":"2 Louse","floor":11,"turns":2},{"damage":10,"enemies":"Exordium Wildlife","floor":12,"turns":4},{"damage":15,"enemies":"Exordium Thugs","floor":13,"turns":3},{"damage":0,"enemies":"Lots of Slimes","floor":14,"turns":2},{"damage":12,"enemies":"Fading Forest","floor":16,"turns":11},{"damage":16,"enemies":"3 Byrds","floor":18,"turns":4},{"damage":15,"enemies":"Shell Parasite","floor":20,"turns":4},{"damage":64,"enemies":"Cultist and Chosen","floor":22,"turns":6},{"damage":28,"enemies":"Book of Stabbing","floor":28,"turns":5},{"damage":0,"enemies":"Snake Plant","floor":29,"turns":3},{"damage":18,"enemies":"Snecko","floor":31,"turns":5},{"damage":101,"enemies":"Collector","floor":33,"turns":6}],"seed_played":"4348959561383065661","potions_obtained":[{"floor":2,"key":"Fire Potion"},{"floor":2,"key":"Regen Potion"},{"floor":2,"key":"SneckoOil"},{"floor":8,"key":"SkillPotion"},{"floor":12,"key":"Adrenaline Potion"},{"floor":20,"key":"Fruit Juice"},{"floor":28,"key":"LiquidMemories"},{"floor":31,"key":"Languid Potion"}],"is_trial":false,"path_per_floor":["M","?","$","M","$","E","R","E","T","$","M","M","M","M","R","B",null,"M","$","M","?","M","R","$","R","T","?","E","M","T","M","R","B"],"character_chosen":"THE_SILENT","items_purchased":["Bouncing Flask+1","Replay:Wax Seal","PreservedInsect","BargainBundle","Flying Knee","Dramatic Entrance","Quick Slash","AttackPotion","The Bomb","Prepared","Footwork","Noxious Fumes","ReplayTheSpireMod:CursedCoin","Replay:Ringing Soul"],"campfire_rested":4,"item_purchase_floors":[0,3,3,3,3,3,3,3,3,3,3,5,5,5],"current_hp_per_floor":[67,67,67,67,67,61,61,69,69,69,72,65,53,56,82,79,91,78,78,66,66,10,41,41,72,72,72,47,50,50,35,69,0,0],"gold":243,"neow_bonus":"","is_daily":false,"chose_seed":false,"campfire_upgraded":1,"win_rate":0.0,"timestamp":1609160622,"path_taken":["M","?","$","M","$","E","R","E","T","$","?","M","M","M","R","BOSS","M","$","M","?","M","R","$","R","T","?","E","?","?","?","R","BOSS"],"items_purchased_type":["Card","Relic","Relic","Relic","Card","Card","Card","Potion","Card","Card","Card","Card","Relic","Relic"],"build_version":"2020-12-22","purchased_purges":0,"victory":false,"max_hp_per_floor":[70,70,70,70,70,73,73,76,76,76,79,82,85,88,88,91,91,94,94,97,97,105,105,105,105,105,105,108,111,111,114,114,114,114],"card_choices":[{"not_picked":["Sucker Punch","Dodge and Roll"],"picked":"Skewer","floor":1},{"not_picked":["Outmaneuver","Underhanded Strike"],"picked":"Bane","floor":4},{"not_picked":["Blade Dance","Slice"],"picked":"Envenom","floor":6},{"not_picked":["Dagger Throw","Deadly Poison"],"picked":"Crippling Poison","floor":8},{"not_picked":["Dagger Throw","Slice"],"picked":"Poisoned Stab","floor":11},{"not_picked":["Backflip","Prepared"],"picked":"Endless Agony","floor":12},{"not_picked":["Dagger Throw","Slice"],"picked":"Deadly Poison","floor":13},{"not_picked":["PiercingWail","Quick Slash"],"picked":"Poisoned Stab","floor":14},{"not_picked":["Wraith Form v2","Doppelganger"],"picked":"Envenom","floor":16},{"not_picked":["Well Laid Plans","Predator"],"picked":"Bouncing Flask","floor":18},{"not_picked":["Expertise+1","Heel Hook"],"picked":"Sneak Up","floor":20},{"not_picked":["Dagger Throw","Acrobatics"],"picked":"Toxin Wave","floor":22},{"not_picked":["PiercingWail","Endless Agony"],"picked":"Backflip","floor":28},{"not_picked":["Heel Hook+1","PiercingWail"],"picked":"Outmaneuver+1","floor":29},{"not_picked":["Dagger Throw","Skewer+1"],"picked":"Outmaneuver","floor":31}],"player_experience":10178,"relics_obtained":[{"floor":6,"key":"The Specimen"},{"floor":8,"key":"Pocketwatch"},{"floor":9,"key":"MawBank"},{"floor":26,"key":"InkBottle"},{"floor":28,"key":"Byrd Skull"},{"floor":28,"key":"War Paint"},{"floor":30,"key":"Replay:WaspNest"}],"event_choices":[{"damage_healed":0,"gold_gain":0,"player_choice":"Got Potions","damage_taken":0,"max_hp_gain":0,"max_hp_loss":0,"event_name":"Lab","floor":2,"gold_loss":0},{"damage_healed":0,"gold_gain":0,"player_choice":"Ignored","damage_taken":0,"max_hp_gain":0,"max_hp_loss":0,"event_name":"Vampires","floor":21,"gold_loss":0},{"damage_healed":0,"gold_gain":99,"player_choice":"Stole From Cult","damage_taken":0,"max_hp_gain":0,"max_hp_loss":0,"event_name":"Nest","floor":27,"gold_loss":0}],"is_beta":false,"boss_relics":[{"not_picked":["Coffee Dripper","Velvet Choker"],"picked":"Black Star"}],"items_purged_floors":[],"is_endless":false,"potions_floor_spawned":[4,8,12,20,28,31],"killed_by":"Collector","ascension_level":0}}