{"host":"j3h0p3l2xgzxhnx7","time":1609142129,"event":{"mods":["BaseMod","Luminous","Marisa????????","Minty Spire (QoL Compilation)","StSLib","The Bug Knight","The Cursed","The Servant 0.9.4"],"gold_per_floor":[118,133,143,218,218,243,253,273,297,323,366,348,360,391,403,511,523,551,563,11,11,24,24,24,24],"floor_reached":24,"playtime":1454,"items_purged":[],"score":208,"play_id":"fae75311-90bf-4b22-ac2a-557a5ec443d6","local_time":"20201228155529","is_ascension_mode":false,"campfire_choices":[{"floor":13,"key":"REST"},{"floor":15,"key":"REST"},{"data":"Tactician","floor":23,"key":"SMITH"}],"circlet_count":0,"master_deck":["Strike_G","Strike_G","Strike_G","Strike_G","Strike_G","Defend_G","Defend_G","Defend_G","Defend_G","Defend_G","Survivor","Neutralize","Blade Dance","Acrobatics","Noxious Fumes","Tactician+1","Outmaneuver","Infinite Blades","Backflip","Quick Slash","Endless Agony","Terror","Phantasmal Killer","Blade Dance","Apotheosis","Underhanded Strike+1"],"relics":["Ring of the Snake","NeowsBlessing","Blood Vial","MawBank","Juzu Bracelet","WristBlade","MutagenicStrength","Nunchaku","TwistedFunnel","HollowMod:StagPassRelic"],"acts_visited":["Exordium","TheCity"],"potions_floor_usage":[6,6,11,16,24],"damage_taken":[{"damage":0,"enemies":"Cultist","floor":1,"turns":1},{"damage":0,"enemies":"Small Slimes","floor":2,"turns":1},{"damage":0,"enemies":"Jaw Worm","floor":3,"turns":1},{"damage":7,"enemies":"HollowMod:MossKnight","floor":6,"turns":8},{"damage":7,"enemies":"2 Fungi Beasts","floor":7,"turns":4},{"damage":17,"enemies":"3 Louse","floor":8,"turns":4},{"damage":9,"enemies":"Blue Slaver","floor":10,"turns":4},{"damage":31,"enemies":"Lagavulin","floor":11,"turns":8},{"damage":0,"enemies":"Looter","floor":12,"turns":4},{"damage":1,"enemies":"Exordium Thugs","floor":14,"turns":5},{"damage":39,"enemies":"Slime Boss","floor":16,"turns":10},{"damage":18,"enemies":"3 Byrds","floor":18,"turns":4},{"damage":0,"enemies":"Chosen","floor":22,"turns":3},{"damage":61,"enemies":"Slavers","floor":24,"turns":4}],"seed_played":"-3212634203997114547","potions_obtained":[{"floor":1,"key":"GamblersBrew"},{"floor":2,"key":"Weak Potion"},{"floor":3,"key":"Fruit Juice"},{"floor":6,"key":"SpeedPotion"},{"floor":14,"key":"DuplicationPotion"}],"is_trial":false,"path_per_floor":["M","M","M","?","$","E","M","M","T","M","E","M","R","M","R","B",null,"M","?","$","?","M","R","E"],"character_chosen":"THE_SILENT","items_purchased":["Nunchaku","TwistedFunnel","HollowMod:StagPassRelic"],"campfire_rested":2,"item_purchase_floors":[20,20,20],"current_hp_per_floor":[70,70,70,63,63,61,56,41,41,34,5,7,29,30,52,15,75,57,57,57,57,59,59,0,0],"gold":24,"neow_bonus":"THREE_ENEMY_KILL","is_daily":false,"chose_seed":false,"campfire_upgraded":1,"win_rate":0.0,"timestamp":1609142129,"path_taken":["M","M","M","?","$","E","M","?","T","M","E","M","R","M","R","BOSS","M","?","$","?","M","R","E"],"items_purchased_type":["Relic","Relic","Relic"],"build_version":"2020-12-22","purchased_purges":0,"victory":false,"max_hp_per_floor":[70,70,70,70,70,75,75,75,75,75,75,75,75,75,75,75,75,75,75,75,75,75,75,75,75],"card_choices":[{"not_picked":["Predator","Dash"],"picked":"Blade Dance","floor":1},{"not_picked":["Predator","Dodge and Roll"],"picked":"Acrobatics","floor":2},{"not_picked":["Distraction","Leg Sweep"],"picked":"Noxious Fumes","floor":3},{"not_picked":["Deflect","Reflex"],"picked":"Tactician","floor":6},{"not_picked":["PiercingWail","Crippling Poison"],"picked":"Outmaneuver","floor":7},{"not_picked":["Sucker Punch","All Out Attack"],"picked":"Infinite Blades","floor":8},{"not_picked":["Wraith Form v2","PiercingWail"],"picked":"Backflip","floor":10},{"not_picked":["Blur","Dodge and Roll"],"picked":"Quick Slash","floor":11},{"not_picked":["Predator","Slice"],"picked":"Endless Agony","floor":12},{"not_picked":["Expertise","Deflect"],"picked":"Terror","floor":14},{"not_picked":["Doppelganger","Venomology"],"picked":"Phantasmal Killer","floor":16},{"not_picked":["Deflect","Outmaneuver"],"picked":"Blade Dance","floor":18},{"not_picked":["Backstab","Infinite Blades+1"],"picked":"Underhanded Strike+1","floor":22}],"player_experience":4511,"relics_obtained":[{"floor":6,"key":"Blood Vial"},{"floor":9,"key":"MawBank"},{"floor":11,"key":"Juzu Bracelet"}],"event_choices":[{"damage_healed":0,"gold_gain":75,"player_choice":"Touch","damage_taken":7,"max_hp_gain":0,"max_hp_loss":0,"event_name":"FaceTrader","floor":4,"gold_loss":0},{"damage_healed":0,"gold_gain":0,"player_choice":"Inject Mutagens","damage_taken":0,"relics_obtained":["MutagenicStrength"],"max_hp_gain":0,"max_hp_loss":0,"event_name":"Drug Dealer","floor":19,"gold_loss":0}],"is_beta":false,"boss_relics":[{"not_picked":["Ectoplasm","Philosopher\u0027s Stone"],"picked":"WristBlade"}],"items_purged_floors":[],"is_endless":false,"potions_floor_spawned":[1,2,3,6,14],"killed_by":"Slavers","ascension_level":0}}