{"host":"s0ikvqhe10eopvjn","time":1609180620,"event":{"mods":["Act Like it!","Bard","BaseMod","Block Reminder","Colored Map","Colored Powertips","DeckTracker","Downfall","Halation","Hallownest","Hermit","Highlight Path","Hubris","Infinite Spire","Mad Scientist","Minty Spire (QoL Compilation)","Permanent Neow","Random Character Button","StSLib","The Blackbeard","The Blue Laboratory","The Bug Knight","The Cursed","The Disciple","The Mystic","The Necromancer","The Servant 0.9.4"],"gold_per_floor":[116,134,134,152,152,184,184,195,195,195,230,230,241,261,261,357,357,377,377,377,377],"floor_reached":20,"playtime":1451,"items_purged":[],"score":209,"play_id":"8853f4c0-bc01-483c-af2a-e58b6a912000","local_time":"20201228183700","is_ascension_mode":false,"campfire_choices":[{"floor":7.0,"key":"REST"},{"data":"HollowMod:FocusHealStart","floor":12.0,"key":"SMITH"},{"data":"HollowMod:SiblingsSouls","floor":15.0,"key":"SMITH"}],"circlet_count":0,"master_deck":["HollowMod:NailStrikeStart","HollowMod:NailStrikeStart","HollowMod:NailStrikeStart","HollowMod:NailStrikeStart","HollowMod:QuickDashStart","HollowMod:QuickDashStart","HollowMod:QuickDashStart","HollowMod:QuickDashStart","HollowMod:FocusHealStart+1","HollowMod:PogoStrike","HollowMod:Grubsong","HollowMod:HowlingWraiths","HollowMod:GoodIntentions+1","HollowMod:SoulStrike","HollowMod:CrystalDash","HollowMod:LifebloodCocoon","HollowMod:SiblingsSouls+1","HollowMod:HuntersJournal","HollowMod:ZotesMagnificence","HollowMod:HowlingWraiths","HollowMod:SharpenedNail","HollowMod:GoodIntentions+1"],"relics":["HollowMod:VesselMask","Unceasing Top","infinitespire:EmpoweringShard","HollowMod:StagPassRelic","Hallownest:DreamNailRelic","Kunai","hubris:BlackHole"],"acts_visited":["Exordium","Hallownest:Greenpath"],"potions_floor_usage":[20],"damage_taken":[{"damage":0.0,"enemies":"Hallownest:2_Baldur","floor":1.0,"turns":4.0},{"damage":1.0,"enemies":"Hallownest:monsterHuskWarrior","floor":2.0,"turns":4.0},{"damage":3.0,"enemies":"Hallownest:2_Tiktiks_and_1_Crawlid","floor":4.0,"turns":2.0},{"damage":31.0,"enemies":"Hallownest:eliteCrystalGuardian","floor":6.0,"turns":9.0},{"damage":9.0,"enemies":"Hallownest:1_Baldur_1_Crawlid_1_Warrior","floor":8.0,"turns":3.0},{"damage":14.0,"enemies":"Hallownest:eliteVengeflyKing","floor":11.0,"turns":10.0},{"damage":4.0,"enemies":"Hallownest:MossCreep_and_Mosskin","floor":13.0,"turns":6.0},{"damage":6.0,"enemies":"Hallownest:2_Tiktiks_1_Baldur_1_Crawlid","floor":14.0,"turns":4.0},{"damage":52.0,"enemies":"Hallownest:BossBrokenVessel","floor":16.0,"turns":12.0},{"damage":0,"enemies":"Hallownest:Guard_and_Sentry","floor":18,"turns":1},{"damage":71,"enemies":"Hallownest:3_Youths","floor":20,"turns":11}],"seed_played":"1943042785921655319","potions_obtained":[{"floor":1.0,"key":"Weak Potion"},{"floor":8.0,"key":"CultistPotion"},{"floor":11.0,"key":"SpeedPotion"},{"floor":14.0,"key":"blueLaboratory:BottleOfRum"},{"floor":16.0,"key":"PowerPotion"}],"is_trial":false,"path_per_floor":["M","M","?","M","?","E","R","M","T","?","E","R","M","M","R","B",null,"M","?","M"],"character_chosen":"THE_BUGKNIGHT","items_purchased":[],"campfire_rested":1,"item_purchase_floors":[],"current_hp_per_floor":[68,67,67,64,64,37,57,48,48,48,44,44,46,50,50,4,68,68,68,0,0],"gold":377,"neow_bonus":"ONE_RARE_RELIC","is_daily":false,"chose_seed":false,"campfire_upgraded":2,"win_rate":0.0,"timestamp":1609180620,"path_taken":["M","M","?","M","?","E","R","M","T","?","E","R","?","M","R","BOSS","M","?","M"],"items_purchased_type":[],"build_version":"2020-12-22","purchased_purges":0,"victory":false,"max_hp_per_floor":[68,68,68,68,68,68,68,68,68,68,68,68,68,68,68,68,68,68,68,68,68],"card_choices":[{"not_picked":["HollowMod:NewGlowingWomb","HollowMod:ShadowDash"],"picked":"HollowMod:Grubsong","floor":1.0},{"not_picked":["HollowMod:SoulSplash","HollowMod:SharpenedShadows"],"picked":"HollowMod:HowlingWraiths","floor":2.0},{"not_picked":["HollowMod:HuntersJournal","HollowMod:InfectedAttack"],"picked":"HollowMod:GoodIntentions","floor":4.0},{"not_picked":["HollowMod:ChannelNail","HollowMod:CornifersMapStart"],"picked":"HollowMod:SoulStrike","floor":6.0},{"not_picked":["HollowMod:SiblingsShadow","HollowMod:SoulSplash"],"picked":"HollowMod:CrystalDash","floor":8.0},{"not_picked":["HollowMod:QuirrelsAssistance","HollowMod:SiblingsShadow"],"picked":"HollowMod:LifebloodCocoon","floor":11.0},{"not_picked":["HollowMod:MothsMistake","HollowMod:TaintedHusks"],"picked":"HollowMod:SiblingsSouls","floor":13.0},{"not_picked":["HollowMod:BaldurShell","HollowMod:LifebloodCore"],"picked":"HollowMod:HuntersJournal","floor":14.0},{"not_picked":["HollowMod:SoulMaster","HollowMod:ElderbugsWisdom"],"picked":"HollowMod:ZotesMagnificence","floor":16.0},{"not_picked":["HollowMod:DashSlash","HollowMod:MawleksShell"],"picked":"HollowMod:HowlingWraiths","floor":18},{"not_picked":["HollowMod:InfectedAttack","HollowMod:WraithStrike+1"],"picked":"HollowMod:SharpenedNail","floor":19},{"not_picked":["HollowMod:SoulSplash","HollowMod:CrystalDash"],"picked":"HollowMod:GoodIntentions+1","floor":19}],"player_experience":68006,"relics_obtained":[{"floor":6.0,"key":"infinitespire:EmpoweringShard"},{"floor":9.0,"key":"HollowMod:StagPassRelic"},{"floor":11.0,"key":"Kunai"}],"event_choices":[],"is_beta":false,"boss_relics":[{"not_picked":["SacredBark","halation:CatFaceCupcake"],"picked":"hubris:BlackHole"}],"items_purged_floors":[],"is_endless":false,"potions_floor_spawned":[1,8,11,14,16],"killed_by":"Hallownest:3_Youths","ascension_level":0}}