{"host":"8u7tvcybuv0u72fd","time":1609135696,"event":{"mods":["BaseMod","BetterRewards","Colored Map","Colored Powertips","Minty Spire (QoL Compilation)","Quick Restart","Shop Mod"],"gold_per_floor":[113,113,127,137,150,150,150,150,150,186,186,224,224,238,238,238,238],"floor_reached":16,"playtime":787,"items_purged":["Strike_R","Defend_R"],"score":160,"play_id":"e83dad35-4283-40c4-83ad-9845ebb387eb","local_time":"20201228010816","is_ascension_mode":false,"campfire_choices":[{"data":"Uppercut","floor":6.0,"key":"SMITH"},{"data":"Bash","floor":8.0,"key":"SMITH"},{"data":"Shrug It Off","floor":11.0,"key":"SMITH"},{"data":"Enlightenment","floor":15.0,"key":"SMITH"}],"circlet_count":0,"master_deck":["Strike_R","Strike_R","Strike_R","Strike_R","Defend_R","Defend_R","Defend_R","Bash+1","Shrug It Off+1","Uppercut+1","Enlightenment+1"],"relics":["Burning Blood","Matryoshka","Champion Belt","Golden Idol","Strawberry","Pantograph","Ice Cream","Thread and Needle","Eternal Feather"],"acts_visited":["Exordium"],"potions_floor_usage":[16],"damage_taken":[{"damage":1.0,"enemies":"Jaw Worm","floor":1.0,"turns":3.0},{"damage":3.0,"enemies":"Small Slimes","floor":3.0,"turns":4.0},{"damage":0.0,"enemies":"2 Louse","floor":4.0,"turns":2.0},{"damage":13.0,"enemies":"Lots of Slimes","floor":5.0,"turns":6.0},{"damage":39.0,"enemies":"3 Sentries","floor":10.0,"turns":11.0},{"damage":5.0,"enemies":"Lagavulin","floor":12.0,"turns":6.0},{"damage":0.0,"enemies":"2 Fungi Beasts","floor":14.0,"turns":4.0},{"damage":54,"enemies":"Slime Boss","floor":16,"turns":9}],"seed_played":"-7442564924564800319","potions_obtained":[{"floor":4.0,"key":"Swift Potion"},{"floor":10.0,"key":"LiquidBronze"}],"is_trial":false,"path_per_floor":["M","?","M","M","M","R","?","R","T","E","R","E","?","M","R","B"],"character_chosen":"IRONCLAD","items_purchased":["Matryoshka","Shrug It Off","Uppercut","Enlightenment"],"campfire_rested":0,"item_purchase_floors":[0,0,0,0],"current_hp_per_floor":[53,58,61,67,60,60,60,60,67,34,34,35,17,23,29,0,0],"gold":238,"neow_bonus":"","is_daily":false,"chose_seed":false,"campfire_upgraded":4,"win_rate":0.0,"timestamp":1609135696,"path_taken":["M","?","M","M","M","R","?","R","T","E","R","E","?","M","R","BOSS"],"items_purchased_type":["Relic","Card","Card","Card"],"build_version":"2020-12-22","purchased_purges":2,"victory":false,"max_hp_per_floor":[80,85,85,85,85,85,79,79,86,86,86,86,86,86,86,86,86],"card_choices":[{"not_picked":["Armaments","Clash","Shrug It Off"],"picked":"SKIP","floor":1.0},{"not_picked":["Cleave","Rage","Havoc"],"picked":"SKIP","floor":3.0},{"not_picked":["Fiend Fire","Disarm","Twin Strike"],"picked":"SKIP","floor":4.0},{"not_picked":["Cleave","Sentinel","Whirlwind"],"picked":"SKIP","floor":5.0},{"not_picked":["Heavy Blade","Clash","Disarm"],"picked":"SKIP","floor":10.0},{"not_picked":["Twin Strike","Bloodletting","Warcry"],"picked":"SKIP","floor":12.0},{"not_picked":["Wild Strike","Brutality","Anger"],"picked":"SKIP","floor":14.0}],"player_experience":1235221,"relics_obtained":[{"floor":9.0,"key":"Strawberry"},{"floor":9.0,"key":"Pantograph"},{"floor":10.0,"key":"Ice Cream"},{"floor":12.0,"key":"Thread and Needle"}],"event_choices":[{"damage_healed":0.0,"max_hp_gain":5.0,"max_hp_loss":0.0,"gold_gain":0.0,"event_name":"Big Fish","player_choice":"Donut","floor":2.0,"gold_loss":0.0,"damage_taken":0.0},{"damage_healed":0.0,"max_hp_gain":0.0,"max_hp_loss":6.0,"gold_gain":0.0,"event_name":"Golden Idol","player_choice":"Lose Max HP","floor":7.0,"gold_loss":0.0,"damage_taken":0.0,"relics_obtained":["Golden Idol"]},{"damage_healed":0.0,"max_hp_gain":0.0,"max_hp_loss":0.0,"gold_gain":0.0,"event_name":"Scrap Ooze","player_choice":"Success","floor":13.0,"gold_loss":0.0,"damage_taken":18.0,"relics_obtained":["Eternal Feather"]}],"is_beta":false,"boss_relics":[],"items_purged_floors":[0,0],"is_endless":false,"potions_floor_spawned":[4,10],"killed_by":"Slime Boss","ascension_level":0}}