{"host":"2n2g1vowfllvjtvi","time":1609162551,"event":{"mods":["AchievementEnabler","BaseMod","Custom Start","GifTheSpireLib","Keyboard Shortcuts","Minty Spire (QoL Compilation)","Quick Restart","Rare Cards Sparkle","StSLib","SuperFastMode"],"gold_per_floor":[113,38,58,58,73,103,114,164,164,174,174,174,204,220,220,295,295,314,327,15,15,15,50,50,82,154,154,174,174,190,210,210,283,283,283,283],"floor_reached":35,"playtime":565,"items_purged":["Strike_R","Strike_R"],"score":737,"play_id":"a6ce76a9-8b49-4484-aba8-c4ce2d597a37","local_time":"20201228223551","is_ascension_mode":true,"campfire_choices":[{"data":"Carnage","floor":11.0,"key":"SMITH"},{"floor":15.0,"key":"REST"},{"floor":24.0,"key":"REST"},{"floor":27.0,"key":"REST"},{"floor":32,"key":"REST"}],"circlet_count":0,"master_deck":["AscendersBane","Strike_R","Strike_R","Defend_R","Defend_R","Defend_R+1","Defend_R","Bash+1","Bludgeon+1","Metallicize","Whirlwind+1","Carnage+1","Fire Breathing+1","Berserk+1","Flame Barrier","Second Wind","Shrug It Off+1","Wild Strike+1","Corruption+1"],"relics":["Black Blood","Whetstone","Frozen Egg 2","Mango","Fusion Hammer","Membership Card","Strawberry","Regal Pillow","War Paint","Letter Opener"],"acts_visited":["Exordium","TheCity","TheBeyond"],"potions_floor_usage":[],"damage_taken":[{"damage":12.0,"enemies":"Jaw Worm","floor":1.0,"turns":2.0},{"damage":3.0,"enemies":"Cultist","floor":3.0,"turns":3.0},{"damage":8.0,"enemies":"2 Louse","floor":5.0,"turns":2.0},{"damage":29.0,"enemies":"Lagavulin","floor":6.0,"turns":7.0},{"damage":0.0,"enemies":"Gremlin Gang","floor":7.0,"turns":2.0},{"damage":0.0,"enemies":"Large Slime","floor":10.0,"turns":3.0},{"damage":15.0,"enemies":"3 Sentries","floor":13.0,"turns":4.0},{"damage":8.0,"enemies":"Blue Slaver","floor":14.0,"turns":2.0},{"damage":26.0,"enemies":"Slime Boss","floor":16.0,"turns":6.0},{"damage":43.0,"enemies":"2 Thieves","floor":18.0,"turns":4.0},{"damage":0.0,"enemies":"Spheric Guardian","floor":19.0,"turns":2.0},{"damage":42.0,"enemies":"Gremlin Leader","floor":23.0,"turns":7.0},{"damage":30.0,"enemies":"Book of Stabbing","floor":25.0,"turns":4.0},{"damage":8.0,"enemies":"Cultist and Chosen","floor":28.0,"turns":5.0},{"damage":10,"enemies":"Snake Plant","floor":30,"turns":4},{"damage":14,"enemies":"Shelled Parasite and Fungi","floor":31,"turns":4},{"damage":76,"enemies":"Collector","floor":33,"turns":9},{"damage":0,"enemies":"3 Darklings","floor":35,"turns":1}],"seed_played":"5794745872127687220","potions_obtained":[{"floor":6.0,"key":"Fire Potion"},{"floor":7.0,"key":"BlessingOfTheForge"},{"floor":10.0,"key":"Dexterity Potion"},{"floor":13.0,"key":"SkillPotion"},{"floor":18.0,"key":"LiquidBronze"},{"floor":22.0,"key":"GamblersBrew"},{"floor":22.0,"key":"EntropicBrew"},{"floor":23.0,"key":"FearPotion"},{"floor":25.0,"key":"GamblersBrew"},{"floor":33,"key":"Explosive Potion"}],"is_trial":false,"path_per_floor":["M","$","M","?","M","E","M","?","T","M","R","?","E","M","R","B",null,"M","M","$","?","?","E","R","E","T","R","M","?","M","M","R","B",null,"M"],"character_chosen":"IRONCLAD","items_purchased":["Membership Card","Strawberry","Flame Barrier"],"campfire_rested":4,"item_purchase_floors":[20,20,20],"current_hp_per_floor":[44,44,47,47,45,22,28,28,28,34,34,34,39,37,63,43,78,41,47,54,54,54,33,76,52,52,95,93,64,60,52,97,27,83,83,83],"gold":283,"neow_bonus":"THREE_RARE_CARDS","is_daily":false,"chose_seed":false,"campfire_upgraded":1,"win_rate":0.0,"timestamp":1609162551,"path_taken":["M","$","M","?","?","E","M","?","T","?","R","?","E","M","R","BOSS","M","M","$","?","?","E","R","E","T","R","?","?","M","M","R","BOSS","M"],"items_purchased_type":["Relic","Relic","Card"],"build_version":"2020-12-22","purchased_purges":2,"victory":false,"max_hp_per_floor":[75,75,75,75,75,75,75,75,75,75,75,75,89,89,89,89,89,89,89,96,96,96,96,96,96,96,96,96,101,101,101,101,101,101,101,101],"card_choices":[{"not_picked":["Brutality","Juggernaut"],"picked":"Bludgeon","floor":0.0},{"not_picked":["Body Slam","Anger"],"picked":"Metallicize","floor":1.0},{"not_picked":["Metallicize","Cleave"],"picked":"Whirlwind","floor":3.0},{"not_picked":["Whirlwind","Rage","Burning Pact"],"picked":"SKIP","floor":5.0},{"not_picked":["Cleave","Metallicize","Disarm"],"picked":"SKIP","floor":6.0},{"not_picked":["Clash","Thunderclap","Clothesline"],"picked":"SKIP","floor":7.0},{"not_picked":["Shockwave","Cleave"],"picked":"Carnage","floor":10.0},{"not_picked":["Pommel Strike","Perfected Strike"],"picked":"Fire Breathing+1","floor":13.0},{"not_picked":["Warcry","Corruption+1","Thunderclap"],"picked":"SKIP","floor":14.0},{"not_picked":["Feed","Exhume"],"picked":"Berserk+1","floor":16.0},{"not_picked":["Flex","Havoc","Clash"],"picked":"SKIP","floor":18.0},{"not_picked":["Twin Strike","Perfected Strike","Cleave"],"picked":"SKIP","floor":19.0},{"not_picked":["Whirlwind","Clothesline"],"picked":"Second Wind","floor":23.0},{"not_picked":["Dark Embrace+1","Twin Strike"],"picked":"Shrug It Off","floor":25.0},{"not_picked":["Feed","Flex","Fire Breathing+1"],"picked":"SKIP","floor":28.0},{"not_picked":["Flex+1","Inflame+1"],"picked":"Wild Strike+1","floor":30},{"not_picked":["Hemokinesis","Thunderclap+1","Iron Wave+1"],"picked":"SKIP","floor":31},{"not_picked":["Barricade+1","Fiend Fire"],"picked":"Corruption+1","floor":33}],"player_experience":453102,"relics_obtained":[{"floor":6.0,"key":"Whetstone"},{"floor":9.0,"key":"Frozen Egg 2"},{"floor":13.0,"key":"Mango"},{"floor":23.0,"key":"Regal Pillow"},{"floor":25.0,"key":"War Paint"},{"floor":26.0,"key":"Letter Opener"}],"event_choices":[{"cards_removed":["Strike_R"],"damage_healed":0.0,"max_hp_gain":0.0,"max_hp_loss":0.0,"gold_gain":0.0,"event_name":"Bonfire Elementals","player_choice":"Offered Basic","floor":4.0,"gold_loss":0.0,"damage_taken":0.0},{"damage_healed":0.0,"max_hp_gain":0.0,"max_hp_loss":0.0,"gold_gain":50.0,"event_name":"Golden Shrine","player_choice":"Pray","floor":8.0,"gold_loss":0.0,"damage_taken":0.0},{"damage_healed":0.0,"max_hp_gain":0.0,"max_hp_loss":0.0,"gold_gain":0.0,"event_name":"Living Wall","player_choice":"Grow","floor":12.0,"gold_loss":0.0,"damage_taken":0.0,"cards_upgraded":["Bludgeon"]},{"damage_healed":0.0,"max_hp_gain":0.0,"max_hp_loss":0.0,"gold_gain":0.0,"event_name":"Lab","player_choice":"Got Potions","floor":22.0,"gold_loss":0.0,"damage_taken":0.0},{"damage_healed":0.0,"max_hp_gain":5.0,"max_hp_loss":0.0,"gold_gain":0.0,"event_name":"Forgotten Altar","player_choice":"Shed Blood","floor":29.0,"gold_loss":0.0,"damage_taken":34.0}],"is_beta":false,"boss_relics":[{"not_picked":["Pandora\u0027s Box","Tiny House"],"picked":"Fusion Hammer"},{"not_picked":["SacredBark","Astrolabe"],"picked":"Black Blood"}],"items_purged_floors":[2,20],"is_endless":false,"potions_floor_spawned":[6,7,10,13,18,23,25,33],"killed_by":"3 Darklings","ascension_level":15}}