{"host":"kmq7aw60w430zvtx","time":1609164456,"event":{"mods":["BaseMod","Downfall","GifTheSpireLib","Hermit","Hubris","Minty Spire (QoL Compilation)","Replay The Spire","StSLib","The Construct","The Cursed","The Hierophant","The Jungle","The Necromancer","The Runesmith"],"gold_per_floor":[109,121,121,121,136,136,150,179,179,196,227,83,83,99,99,203,203,216,216,291,308,308,308,308,327,377,388,388,417,428,441,441,541,541,556,142,152,152,83,115,115,115,115,115,115,132,159,178,178,178,178,178,31,65,65,65],"floor_reached":55,"playtime":2767,"items_purged":["Strike_B"],"score":842,"play_id":"9991b3f7-d49e-4e96-a474-58f6f6e8191b","local_time":"20201228150736","is_ascension_mode":true,"campfire_choices":[{"floor":6.0,"key":"REST"},{"floor":13.0,"key":"RECALL"},{"floor":15.0,"key":"REST"},{"floor":23,"key":"REST"},{"data":"Storm","floor":28,"key":"SMITH"},{"floor":32,"key":"REST"},{"floor":41,"key":"REST"},{"floor":45,"key":"REST"},{"data":"Loop","floor":49,"key":"SMITH"},{"floor":52,"key":"DIG"}],"circlet_count":0,"master_deck":["Strike_B+1","Strike_B+1","Defend_B+1","Defend_B+1","Zap","Dualcast","Ball Lightning","Redo","Conserve Battery","Seek","White Noise+1","Redo","Sweeping Beam","Storm+1","Loop+1","Electrodynamics+1","Machine Learning+1","Genetic Algorithm+1","FIFO Queue+1","Barrage+1","White Noise+1","Amplify","Double Energy","Skim","Hologram+1","Machine Learning","Ball Lightning+1","FTL","Barrage","Rebound+1","Self Repair","ReplayTheSpireMod:GoodbyeWorld+1","Beam Cell+1","Static Discharge","Core Surge","Loop"],"relics":["Cracked Core","Strawberry","Mango","Vajra","Astrolabe","Replay:Rubber Ducky","Shovel","Philosopher\u0027s Stone","Lee\u0027s Waffle","Gremlin Food","Mummified Hand","Eternal Feather","Question Card","Pantograph","Anchor"],"acts_visited":["Exordium","TheCity","TheBeyond","TheEnding"],"potions_floor_usage":[29,31,33,50,55,55,55],"damage_taken":[{"damage":1.0,"enemies":"Cultist","floor":1.0,"turns":3.0},{"damage":6.0,"enemies":"2 Louse","floor":2.0,"turns":2.0},{"damage":3.0,"enemies":"Jaw Worm","floor":5.0,"turns":3.0},{"damage":6.0,"enemies":"Large Slime","floor":7.0,"turns":4.0},{"damage":27.0,"enemies":"Lagavulin","floor":8.0,"turns":7.0},{"damage":1.0,"enemies":"Red Slaver","floor":10.0,"turns":3.0},{"damage":11.0,"enemies":"3 Sentries","floor":11.0,"turns":5.0},{"damage":12.0,"enemies":"Gremlin Gang","floor":14.0,"turns":4.0},{"damage":50.0,"enemies":"The Guardian","floor":16.0,"turns":11.0},{"damage":48.0,"enemies":"Spheric Guardian","floor":18.0,"turns":6.0},{"damage":22,"enemies":"Shell Parasite","floor":21,"turns":5},{"damage":21,"enemies":"Snake Plant","floor":25,"turns":3},{"damage":10,"enemies":"Snecko","floor":27,"turns":5},{"damage":45,"enemies":"Slavers","floor":29,"turns":4},{"damage":0,"enemies":"Cultist and Chosen","floor":30,"turns":4},{"damage":0,"enemies":"3 Cultists","floor":31,"turns":3},{"damage":53,"enemies":"hubris:MusketHawk","floor":33,"turns":10},{"damage":10,"enemies":"3 Darklings","floor":35,"turns":3},{"damage":8,"enemies":"Orb Walker","floor":37,"turns":3},{"damage":62,"enemies":"Reptomancer","floor":40,"turns":5},{"damage":9,"enemies":"Writhing Mass","floor":46,"turns":3},{"damage":5,"enemies":"Giant Head","floor":47,"turns":7},{"damage":0,"enemies":"Sphere and 2 Shapes","floor":48,"turns":2},{"damage":59,"enemies":"Time Eater","floor":50,"turns":7},{"damage":44,"enemies":"Shield and Spear","floor":54,"turns":4},{"damage":106,"enemies":"The Heart","floor":55,"turns":6}],"seed_played":"949747561398040923","potions_obtained":[{"floor":2.0,"key":"Reflective Coating"},{"floor":7.0,"key":"Explosive Potion"},{"floor":10.0,"key":"Guardian:BlockOnCardUsePotion"},{"floor":11.0,"key":"GamblersBrew"},{"floor":14.0,"key":"Doom Potion"},{"floor":21,"key":"Death Potion"},{"floor":25,"key":"AttackPotion"},{"floor":29,"key":"Block Potion"},{"floor":30,"key":"Energy Potion"},{"floor":40,"key":"PowerPotion"},{"floor":48,"key":"ColorlessPotion"}],"is_trial":false,"path_per_floor":["M","M","?","?","M","R","M","E","T","M","E","$","R","M","R","B",null,"M","?","?","M","?","R","?","M","T","M","R","E","M","M","R","B",null,"M","$","M","?","$","E","R","?","T","?","R","M","E","M","R","B",null,"R","$","E","B"],"character_chosen":"DEFECT","items_purchased":["Storm","FTL","Barrage","Lee\u0027s Waffle","Gremlin Food","Self Repair","Loop","Ancient Potion"],"campfire_rested":6,"item_purchase_floors":[12,36,36,36,36,39,53,53],"current_hp_per_floor":[74,68,57,57,54,78,72,59,59,58,47,47,47,35,63,13,96,48,48,39,17,17,45,106,85,85,75,75,30,30,30,61,8,106,96,113,105,105,105,50,83,83,83,83,113,111,113,113,113,61,113,113,113,76,0,0],"gold":65,"neow_bonus":"ONE_RANDOM_RARE_CARD","is_daily":false,"chose_seed":false,"campfire_upgraded":2,"win_rate":0.0,"timestamp":1609164456,"path_taken":["M","M","?","?","M","R","M","E","T","M","E","?","R","M","R","BOSS","M","?","?","?","?","R","?","M","T","?","R","E","?","M","R","BOSS","M","$","M","?","?","E","R","?","T","?","R","?","E","M","R","BOSS","R","$","E","BOSS"],"items_purchased_type":["Card","Card","Card","Relic","Relic","Card","Card","Potion"],"build_version":"2020-12-22","purchased_purges":1,"victory":false,"max_hp_per_floor":[75,75,82,82,82,82,82,96,96,96,96,96,96,96,96,96,96,96,96,96,96,96,96,106,106,106,106,106,106,106,106,106,106,106,106,113,113,113,113,113,113,113,113,113,113,113,113,113,113,113,113,113,113,113,113,113],"card_choices":[{"not_picked":["Steam","Rebound"],"picked":"Ball Lightning","floor":1.0},{"not_picked":["Conserve Battery","Cold Snap"],"picked":"Redo","floor":2.0},{"not_picked":["Barrage","Leap"],"picked":"Conserve Battery","floor":5.0},{"not_picked":["Steam","Compile Driver"],"picked":"Seek","floor":7.0},{"not_picked":["Coolheaded","ReplayTheSpireMod:System Scan"],"picked":"White Noise","floor":8.0},{"not_picked":["Coolheaded","hubris:PowerSurge"],"picked":"Redo","floor":10.0},{"not_picked":["Panic Button","Force Field"],"picked":"Sweeping Beam","floor":11.0},{"not_picked":["Seek","Reprogram"],"picked":"Loop","floor":14.0},{"not_picked":["ReplayRNGCard","Buffer"],"picked":"Electrodynamics","floor":16.0},{"not_picked":["Undo+1","Compile Driver"],"picked":"Barrage+1","floor":18},{"not_picked":["Streamline","Hologram","Doom and Gloom"],"picked":"SKIP","floor":21},{"not_picked":["Barrage","Tempest"],"picked":"White Noise+1","floor":25},{"not_picked":["Double Energy","Coolheaded+1"],"picked":"Amplify","floor":27},{"not_picked":["Hologram","BasicCrystalCard+1"],"picked":"Double Energy","floor":29},{"not_picked":["Time Bomb","Blizzard"],"picked":"Skim","floor":30},{"not_picked":["BootSequence","ReplayGash"],"picked":"Hologram","floor":31},{"not_picked":["Meteor Strike","ReplayTheSpireMod:Omega Cannon"],"picked":"Machine Learning","floor":33},{"not_picked":["Force Field+1","Cold Snap"],"picked":"Ball Lightning+1","floor":35},{"not_picked":["Aggregate+1","Streamline"],"picked":"Rebound+1","floor":37},{"not_picked":["ReplayTheSpireMod:Repulse+1","Streamline"],"picked":"ReplayTheSpireMod:GoodbyeWorld+1","floor":40},{"not_picked":["Glacier","Gash"],"picked":"Beam Cell+1","floor":46},{"not_picked":["Redo","Turbo"],"picked":"Static Discharge","floor":47},{"not_picked":["Cold Snap+1","Crystallizer","Beam Cell"],"picked":"Core Surge","floor":48},{"not_picked":["BootSequence","Melter+1","Conserve Battery","Genetic Algorithm"],"picked":"SKIP","floor":54}],"player_experience":254610,"relics_obtained":[{"floor":8.0,"key":"Mango"},{"floor":11.0,"key":"Vajra"},{"floor":26,"key":"Replay:Rubber Ducky"},{"floor":29,"key":"Shovel"},{"floor":40,"key":"Mummified Hand"},{"floor":43,"key":"Eternal Feather"},{"floor":47,"key":"Question Card"},{"floor":52,"key":"Pantograph"},{"floor":54,"key":"Anchor"}],"event_choices":[{"damage_healed":0.0,"max_hp_gain":0.0,"max_hp_loss":0.0,"gold_gain":0.0,"event_name":"Scrap Ooze","player_choice":"Success","floor":3.0,"gold_loss":0.0,"damage_taken":18.0,"relics_obtained":["Strawberry"]},{"damage_healed":0.0,"max_hp_gain":0.0,"max_hp_loss":0.0,"gold_gain":0.0,"event_name":"Liars Game","player_choice":"Ignored","floor":4.0,"gold_loss":0.0,"damage_taken":0.0},{"damage_healed":0,"gold_gain":75,"player_choice":"Touch","damage_taken":9,"max_hp_gain":0,"max_hp_loss":0,"event_name":"FaceTrader","floor":20,"gold_loss":0},{"damage_healed":0,"gold_gain":0,"player_choice":"Simplicity","damage_taken":0,"max_hp_gain":0,"max_hp_loss":0,"event_name":"Back to Basics","floor":22,"gold_loss":0,"cards_upgraded":["Strike_B","Strike_B","Defend_B","Defend_B"]},{"cards_removed":["All For One"],"damage_healed":51,"gold_gain":0,"player_choice":"Offered Rare","damage_taken":0,"max_hp_gain":10,"max_hp_loss":0,"event_name":"Bonfire Elementals","floor":24,"gold_loss":0}],"is_beta":false,"boss_relics":[{"not_picked":["hubris:TerracottaHorce","Replay:Drink Me"],"picked":"Astrolabe"},{"not_picked":["Velvet Choker","Pandora\u0027s Box"],"picked":"Philosopher\u0027s Stone"}],"items_purged_floors":[12],"is_endless":false,"potions_floor_spawned":[2,7,10,11,14,21,25,29,30,40,48],"killed_by":"The Heart","ascension_level":1}}