{"host":"bq4pt811tk9yrmjl","time":1609116268,"event":{"mods":["AchievementEnabler","BaseMod","Colored Map","Colored Powertips","Defuse TimeMaze Blight","Hermit","Minty Spire (QoL Compilation)","StSLib","SuperFastMode"],"gold_per_floor":[111,111,124,199,199,199,56,86,155,155,175,175,190,200,200,300,300,320,280,299,316,316,316,235,235,259,259,107,107,107],"floor_reached":29,"playtime":497,"items_purged":[],"score":258,"play_id":"751ef0ab-ba77-4ace-9a81-bfe69f4884f3","local_time":"20201227224428","is_ascension_mode":true,"campfire_choices":[{"data":"Bash","floor":6,"key":"SMITH"},{"floor":10,"key":"RECALL"},{"data":"Clash","floor":12,"key":"SMITH"},{"data":"Armaments","floor":15,"key":"SMITH"},{"floor":23,"key":"REST"},{"floor":27,"key":"REST"}],"circlet_count":0,"master_deck":["Strike_R+1","Strike_R+1","Strike_R+1","Strike_R+1","Strike_R+1","Defend_R+1","Defend_R+1","Defend_R+1","Defend_R+1","Bash+1","Clash+1","Armaments+1","Ghostly Armor","Bludgeon","Flex+1","Twin Strike+1","Feel No Pain","Berserk"],"relics":["Black Blood","NeowsBlessing","Chemical X","Unceasing Top","Mummified Hand"],"acts_visited":["Exordium","TheCity"],"potions_floor_usage":[13,14,20],"damage_taken":[{"damage":0.0,"enemies":"2 Louse","floor":1.0,"turns":1.0},{"damage":0.0,"enemies":"Small Slimes","floor":3.0,"turns":1.0},{"damage":0,"enemies":"Gremlin Nob","floor":8,"turns":1},{"damage":15,"enemies":"Cultist","floor":11,"turns":4},{"damage":2,"enemies":"Blue Slaver","floor":13,"turns":3},{"damage":0,"enemies":"Lots of Slimes","floor":14,"turns":6},{"damage":49,"enemies":"The Guardian","floor":16,"turns":15},{"damage":47,"enemies":"3 Byrds","floor":18,"turns":9},{"damage":8,"enemies":"Shell Parasite","floor":20,"turns":6},{"damage":57,"enemies":"Shelled Parasite and Fungi","floor":21,"turns":9},{"damage":58,"enemies":"Gremlin Leader","floor":29,"turns":10}],"seed_played":"-3468739492935274345","potions_obtained":[{"floor":11,"key":"HeartOfIron"},{"floor":13,"key":"Fire Potion"},{"floor":20,"key":"BloodPotion"}],"is_trial":false,"path_per_floor":["M","?","M","?","?","R","$","E","T","R","M","R","M","M","R","B",null,"M","?","M","M","?","R","$","?","T","R","$","E"],"character_chosen":"IRONCLAD","items_purchased":["Chemical X","Feel No Pain","Berserk"],"campfire_rested":2,"item_purchase_floors":[7,24,28],"current_hp_per_floor":[80,80,80,69,69,69,69,75,75,75,66,66,70,76,76,33,80,45,45,65,20,20,44,44,44,44,68,68,10,10],"gold":107,"neow_bonus":"THREE_ENEMY_KILL","is_daily":false,"chose_seed":false,"campfire_upgraded":3,"win_rate":0.0,"timestamp":1609116268,"path_taken":["M","?","M","?","?","R","$","E","T","R","?","R","M","M","R","BOSS","M","?","?","M","?","R","$","?","T","R","$","E"],"items_purchased_type":["Relic","Card","Card"],"build_version":"2020-12-22","purchased_purges":0,"victory":false,"max_hp_per_floor":[80,80,80,80,80,80,80,80,80,80,80,80,80,80,80,80,80,80,80,80,80,80,80,80,80,80,80,80,80,80],"card_choices":[{"not_picked":["Warcry","Battle Trance","Entrench"],"picked":"SKIP","floor":1.0},{"not_picked":["Shrug It Off","Clothesline","Entrench"],"picked":"SKIP","floor":3.0},{"not_picked":["Heavy Blade","Fiend Fire","Searing Blow"],"picked":"SKIP","floor":8},{"not_picked":["Seeing Red","Clothesline"],"picked":"Clash","floor":11},{"not_picked":["Shrug It Off","Cleave"],"picked":"Armaments","floor":13},{"not_picked":["Second Wind","Sever Soul"],"picked":"Ghostly Armor","floor":14},{"not_picked":["Offering","Exhume"],"picked":"Bludgeon","floor":16},{"not_picked":["Body Slam","Combust"],"picked":"Flex+1","floor":18},{"not_picked":["Shrug It Off+1","Thunderclap"],"picked":"Twin Strike+1","floor":20},{"not_picked":["Power Through","Armaments","Evolve+1"],"picked":"SKIP","floor":21}],"player_experience":133655,"relics_obtained":[{"floor":8,"key":"Unceasing Top"},{"floor":9,"key":"Mummified Hand"}],"event_choices":[{"damage_healed":0.0,"max_hp_gain":0.0,"max_hp_loss":0.0,"gold_gain":0.0,"event_name":"The Cleric","player_choice":"Leave","floor":2.0,"gold_loss":0.0,"damage_taken":0.0},{"damage_healed":0.0,"max_hp_gain":0.0,"max_hp_loss":0.0,"gold_gain":75.0,"event_name":"World of Goop","player_choice":"Gather Gold","floor":4.0,"gold_loss":0.0,"damage_taken":11.0},{"damage_healed":0,"gold_gain":0,"player_choice":"Leave","damage_taken":0,"max_hp_gain":0,"max_hp_loss":0,"event_name":"FaceTrader","floor":5,"gold_loss":0},{"damage_healed":0,"gold_gain":0,"player_choice":"Upgraded Two","damage_taken":0,"max_hp_gain":0,"max_hp_loss":0,"event_name":"Designer","floor":19,"gold_loss":40,"cards_upgraded":["Defend_R","Defend_R"]},{"damage_healed":0,"gold_gain":0,"player_choice":"Simplicity","damage_taken":0,"max_hp_gain":0,"max_hp_loss":0,"event_name":"Back to Basics","floor":22,"gold_loss":0,"cards_upgraded":["Strike_R","Strike_R","Strike_R","Strike_R","Strike_R","Defend_R","Defend_R"]},{"damage_healed":0,"gold_gain":0,"player_choice":"Ignored","damage_taken":0,"max_hp_gain":0,"max_hp_loss":0,"event_name":"Vampires","floor":25,"gold_loss":0}],"is_beta":false,"boss_relics":[{"not_picked":["Ectoplasm","Runic Pyramid"],"picked":"Black Blood"}],"items_purged_floors":[],"is_endless":false,"potions_floor_spawned":[11,13,20],"killed_by":"Gremlin Leader","ascension_level":1}}