{"host":"55yei7x27djrlaep","time":1609151543,"event":{"mods":["Act Like it!","Aspiration","BaseMod","Better Altar","Better Match","Better Note","Better Sensory Stone","Better Skull","Better Third Choice","BetterRewards","Colored Map","Conspire","Friendly Minions","GifTheSpireLib","Halation","Hubris","Minty Spire (QoL Compilation)","Pale of the Ancients","Relic Sorter","Replay The Spire","Spikes Relics","StSLib","Stuff the Spire","The Elementalist","The Marked"],"gold_per_floor":[116,116,134,37,48,48,48,75,75,109,109,109,134,34,44,59,59,164,164,184,234,234,184,220,259,307,307,307,362,277,330,255,296,296,304,304],"floor_reached":35,"playtime":2101,"items_purged":["Strike_G","Defend_G"],"score":470,"play_id":"f3fefca7-93cd-446c-a3ce-f950fcc5c420","local_time":"20201228133223","is_ascension_mode":true,"campfire_choices":[{"data":"Draining Mist","floor":6,"key":"SMITH"},{"data":"StuffTheSpire:Repulse","floor":17,"key":"SMITH"},{"data":"Burst","floor":27,"key":"SMITH"},{"data":"Strike_G+1","floor":34,"key":"PURGE"}],"circlet_count":0,"master_deck":["Strike_G+1","Strike_G+1","Strike_G+1","Defend_G+1","Defend_G+1","Defend_G+1","Defend_G+1","Survivor","Neutralize+1","Poisoned Stab","Draining Mist+1","StuffTheSpire:ClusterCrunch","StuffTheSpire:ReptileScales","Backflip","StuffTheSpire:Injection","After Image","Deflect","StuffTheSpire:Repulse+1","Burst+1","conspire:SpireCoStock","Choke","ReplayTheSpireMod:Scrap Shanks","conspire:DoublingDagger","Mayhem+1","Cloak And Dagger"],"relics":["Ring of the Snake","aspiration:Nostalgia","Burning Blood","Replay:Bottled Flurry","StuffTheSpire:PointBlank","Omamori","Replay:Bottled Snecko","StuffTheSpire:Nightcore","Busted Crown","Dream Catcher","Happy Flower","StoneCalendar","Mirror","aspiration:HiddenCompartment","Matryoshka"],"acts_visited":["Exordium","TheCity"],"potions_floor_usage":[13,29,29,29,31,35],"damage_taken":[{"damage":3,"enemies":"2 Louse","floor":1,"turns":4},{"damage":0,"enemies":"Cultist","floor":3,"turns":3},{"damage":6,"enemies":"Jaw Worm","floor":5,"turns":3},{"damage":9,"enemies":"Lagavulin","floor":8,"turns":8},{"damage":33,"enemies":"Gremlin Nob","floor":10,"turns":6},{"damage":8,"enemies":"Lagavulin","floor":13,"turns":7},{"damage":9,"enemies":"Exordium Wildlife","floor":15,"turns":3},{"damage":3,"enemies":"3 Louse","floor":16,"turns":2},{"damage":2,"enemies":"The Guardian","floor":18,"turns":13},{"damage":0,"enemies":"Shell Parasite","floor":20,"turns":2},{"damage":0,"enemies":"Spheric Guardian","floor":24,"turns":3},{"damage":20,"enemies":"Slavers","floor":25,"turns":13},{"damage":10,"enemies":"Shelled Parasite and Fungi","floor":26,"turns":8},{"damage":29,"enemies":"Gremlin Leader","floor":29,"turns":7},{"damage":17,"enemies":"Slavers","floor":31,"turns":6},{"damage":0,"enemies":"Book of Stabbing","floor":33,"turns":5},{"damage":35,"enemies":"Collector","floor":35,"turns":11}],"seed_played":"-5612930958720908937","potions_obtained":[{"floor":1,"key":"Languid Potion"},{"floor":8,"key":"ColorlessPotion"},{"floor":16,"key":"Poison Potion"},{"floor":18,"key":"SmokeBomb"},{"floor":25,"key":"ColorlessPotion"},{"floor":29,"key":"ColorlessPotion"},{"floor":31,"key":"Toxic Potion"}],"is_trial":false,"path_per_floor":["M","?","M","$","M","R","T","E","T","E","PTL","PTL","E","$","M","M","R","B",null,"M","?","?","?","M","E","M","R","T","E","?","E","?","E","R_BF","B"],"character_chosen":"THE_SILENT","items_purchased":["StuffTheSpire:ClusterCrunch"],"campfire_rested":0,"item_purchase_floors":[4],"current_hp_per_floor":[70,70,70,70,70,70,70,67,67,40,40,40,38,38,35,38,38,42,63,69,69,69,69,70,56,52,52,52,29,29,18,18,24,24,0,0],"gold":304,"neow_bonus":"NOSTALGIA","is_daily":false,"chose_seed":false,"campfire_upgraded":3,"win_rate":0.0,"timestamp":1609151543,"path_taken":["M","?","M","$","?","R","?","E","T","E","PTL","PTL","E","?","M","M","R","BOSS","M","?","?","?","?","E","M","R","T","E","?","E","?","E","R_BF","BOSS"],"items_purchased_type":["Card"],"build_version":"2020-12-22","purchased_purges":2,"victory":false,"max_hp_per_floor":[70,70,70,70,70,70,70,70,70,70,70,70,70,70,70,70,70,70,70,70,70,70,70,70,70,70,70,70,70,70,70,70,70,70,70,70],"card_choices":[{"not_picked":["Sucker Punch","StuffTheSpire:ClusterCrunch"],"picked":"Poisoned Stab","floor":1},{"not_picked":["Expertise","InfectiousVector"],"picked":"Draining Mist","floor":3},{"not_picked":["Deflect","PiercingWail"],"picked":"StuffTheSpire:ReptileScales","floor":5},{"not_picked":["Deflect","Calculated Gamble"],"picked":"Backflip","floor":8},{"not_picked":["Deadly Poison","hubris:SlightOfHand"],"picked":"StuffTheSpire:Injection","floor":10},{"not_picked":["ReplayTheSpireMod:The Works","A Thousand Cuts"],"picked":"After Image","floor":13},{"not_picked":["StuffTheSpire:Shiver","Flying Knee"],"picked":"Deflect","floor":15},{"not_picked":["conspire:DoublingDagger","Quick Slash"],"picked":"StuffTheSpire:Repulse","floor":16},{"not_picked":["Night Terror","Glass Knife"],"picked":"Burst","floor":18},{"not_picked":["Slice"],"picked":"SKIP","floor":20},{"not_picked":["StuffTheSpire:Incursion"],"picked":"SKIP","floor":24},{"not_picked":["Setup"],"picked":"SKIP","floor":25},{"not_picked":[],"picked":"Choke","floor":26},{"not_picked":[],"picked":"ReplayTheSpireMod:Scrap Shanks","floor":29},{"not_picked":[],"picked":"conspire:DoublingDagger","floor":31},{"not_picked":[],"picked":"Mayhem+1","floor":32},{"not_picked":[],"picked":"Cloak And Dagger","floor":33}],"player_experience":394021,"relics_obtained":[{"floor":7,"key":"Replay:Bottled Flurry"},{"floor":8,"key":"StuffTheSpire:PointBlank"},{"floor":9,"key":"Omamori"},{"floor":10,"key":"Replay:Bottled Snecko"},{"floor":13,"key":"StuffTheSpire:Nightcore"},{"floor":25,"key":"Dream Catcher"},{"floor":28,"key":"Happy Flower"},{"floor":29,"key":"StoneCalendar"},{"floor":31,"key":"aspiration:HiddenCompartment"},{"floor":33,"key":"Matryoshka"}],"event_choices":[{"damage_healed":0,"gold_gain":0,"player_choice":"Upgraded","damage_taken":0,"max_hp_gain":0,"max_hp_loss":0,"event_name":"Upgrade Shrine","floor":2,"gold_loss":0,"cards_upgraded":["Neutralize"]},{"damage_healed":0,"gold_gain":0,"player_choice":"Simplicity","damage_taken":0,"max_hp_gain":0,"max_hp_loss":8,"event_name":"betterThird:BetterWriting","floor":22,"gold_loss":0},{"damage_healed":0,"gold_gain":0,"player_choice":"Invest 1","damage_taken":0,"max_hp_gain":0,"max_hp_loss":0,"event_name":"conspire:Investor","floor":23,"gold_loss":0},{"damage_healed":0,"gold_gain":0,"player_choice":"Obtained Relic","damage_taken":0,"relics_obtained":["Mirror"],"max_hp_gain":0,"max_hp_loss":0,"event_name":"Addict","floor":30,"gold_loss":85},{"damage_healed":0,"gold_gain":0,"player_choice":"2","damage_taken":0,"max_hp_gain":0,"max_hp_loss":0,"event_name":"betterMatch:BetterMatch","floor":32,"gold_loss":0,"cards_obtained":["betterMatch:ColorlessRareCard"]}],"is_beta":false,"boss_relics":[{"not_picked":["halation:ForbiddenBikini","Snecko Eye"],"picked":"Busted Crown"}],"items_purged_floors":[4,14],"is_endless":false,"potions_floor_spawned":[1,8,16,18,25,26,29,31],"killed_by":"Collector","ascension_level":5}}