{"host":"j1eo1fqrqta44853","time":1609182969,"event":{"mods":["Act Like it!","BaseMod","CatGirl Mod","Custom Start","Downfall","Elementarium","Gensokyo","GungeonMod","HololiveMod","Hubris","Infinite Spire","Lobotomy","LobotomyExtend","Marisa????????","Minty Spire (QoL Compilation)","Pale of the Ancients","Rare Cards Sparkle","Replay The Spire","SIMod","Shedinja","StSLib","The Jungle","The Marked","The Mystic","The Runesmith","The Senshi","The Vixen","TheBandit","Waifu the Spire"],"gold_per_floor":[83,83,83,100,115,115,147,147,147,0,14,34,92,110,110,242,242,254,59,79,79,94,77,77,77,77],"floor_reached":25,"playtime":3327,"items_purged":[],"score":333,"play_id":"3bcbc608-2e78-4af0-b688-bb874efd1bd8","local_time":"20201228131609","is_ascension_mode":false,"campfire_choices":[{"data":"Hololive_CallYuzukiChoco","floor":6,"key":"SMITH"},{"floor":8,"key":"RECALL"},{"data":"Hololive_IdolExercise","floor":15,"key":"SMITH"},{"floor":24,"key":"REST"}],"circlet_count":0,"master_deck":["Hololive_Strike","Hololive_Strike","Hololive_Defend","Hololive_Defend","Hololive_Yoholoon","Hololive_CallYuzukiChoco+1","Hololive_CallFriendA","Hololive_CallCivia","Hololive_CallDoris","Hololive_CallNatsuiroMatsuri","Hololive_CallInugamiKorone","Hololive_IdolExercise+1","Hololive_Psychosis","Hololive_AWSL","Pot Of Greed+1","Hololive_LuckPotion+1","Hololive_FlyingPonyTail","Hololive_CallManoAloe","Hololive_CallAyundaRisu","Hololive_WolfAndLamb","DemoMod:TableTechHeat","Hololive_IdolExercise","expansioncontent:Chronoboost","ReplayTheSpireMod:Echoes of Time","Hololive_MaximGun","Pot Of Greed","Hololive_ManjiGathering","Hololive_ManjiGathering","Hololive_HuntDinosaur+1","Hololive_Thief","Hololive_CallUsadaPekora+1","Hololive_Spy"],"relics":["Hololive_TheStar","Omamori","LetterFromLob","hubris:Towel","hubris:Icosahedron","Garlic","Grinning Jar","War Paint","ReplayTheSpireMod:SealedPack","hubris:SlimyHat","DemoMod:GlassGuonStoneRelic","Orichalcum","MagicBullet_r"],"acts_visited":["Gensokyo:Gensokyo","Gensokyo:Gensokyoer"],"potions_floor_usage":[16,16],"damage_taken":[{"damage":0,"enemies":"Gensokyo:Python","floor":1,"turns":3},{"damage":0,"enemies":"Gensokyo:2_Kodama","floor":4,"turns":3},{"damage":0,"enemies":"Gensokyo:Gryphon","floor":5,"turns":3},{"damage":0,"enemies":"Gensokyo:Aya","floor":7,"turns":5},{"damage":0,"enemies":"Gensokyo:2_Rabbits","floor":11,"turns":3},{"damage":0,"enemies":"Gensokyo:Kitsune","floor":12,"turns":3},{"damage":0,"enemies":"Gensokyo:Cirno","floor":13,"turns":7},{"damage":0,"enemies":"Gensokyo:5_Fairies","floor":14,"turns":4},{"damage":0,"enemies":"Gensokyo:Reimu","floor":16,"turns":9},{"damage":0,"enemies":"Gensokyo:2_Gloops","floor":18,"turns":4},{"damage":0,"enemies":"Gensokyo:CosmicMonolith","floor":20,"turns":4},{"damage":0,"enemies":"Gensokyo:Slime_Group","floor":22,"turns":4},{"damage":41,"enemies":"Gensokyo:Tenshi","floor":23,"turns":6}],"seed_played":"-6446712692554966308","potions_obtained":[{"floor":1,"key":"FearPotion"},{"floor":12,"key":"Energy Potion"},{"floor":20,"key":"Milkshake"},{"floor":22,"key":"Elixir"}],"is_trial":false,"path_per_floor":["M","?","?","M","M","R","E","R","T","$","M","M","E","M","R","B",null,"M","$","M","?","M","E","R","M"],"character_chosen":"Hololive_HololiveCharacter","items_purchased":["Grinning Jar","Hololive_ManjiGathering","hubris:SlimyHat"],"campfire_rested":1,"item_purchase_floors":[10,19,19],"current_hp_per_floor":[35,35,35,35,35,35,35,35,35,35,36,37,38,39,39,40,40,41,41,42,42,43,3,16,0,0],"gold":77,"neow_bonus":"RANDOM_COMMON_RELIC","is_daily":false,"chose_seed":false,"campfire_upgraded":2,"win_rate":0.0,"timestamp":1609182969,"path_taken":["M","?","?","M","M","R","E","R","T","$","M","M","E","M","R","BOSS","M","$","M","?","M","E","R","M"],"items_purchased_type":["Relic","Card","Relic"],"build_version":"2020-12-22","purchased_purges":0,"victory":false,"max_hp_per_floor":[35,35,35,35,35,35,35,35,35,35,36,37,38,39,39,40,40,41,41,42,42,43,44,44,44,44],"card_choices":[{"not_picked":["Hololive_LuckPotion","Hololive_CallArtia","Hololive_Psychosis"],"picked":"Hololive_CallInugamiKorone","floor":1},{"not_picked":["Hololive_SoulCatcher","Hololive_RevenueBasedLive","Hololive_Drill"],"picked":"Hololive_IdolExercise","floor":4},{"not_picked":["Hololive_Drill","Hololive_CallMinatoAqua","Hololive_DiamondStrike"],"picked":"Hololive_Psychosis","floor":5},{"not_picked":["Hololive_OvertimeWork","Hololive_BeCareful","Hololive_CocoNews"],"picked":"Hololive_AWSL","floor":7},{"not_picked":["Hololive_CocoNews","Hololive_DiamondStrike","Hololive_Breathe"],"picked":"Hololive_LuckPotion","floor":11},{"not_picked":["Hololive_CallMoonaHoshinova","Hololive_CallMomosuzuNene","Hololive_ILoveYou"],"picked":"Hololive_FlyingPonyTail","floor":12},{"not_picked":["Hololive_Psychosis","Hololive_ASMR","Hololive_CallMurasakiShion"],"picked":"Hololive_CallManoAloe","floor":13},{"not_picked":["Hololive_CallDoris","Hololive_HuntDinosaur","Hololive_FlyingPonyTail"],"picked":"Hololive_CallAyundaRisu","floor":14},{"not_picked":["Hololive_ASMR","Hololive_Recruit","Hololive_BeCareful"],"picked":"Hololive_WolfAndLamb","floor":16},{"not_picked":["Zap","sneckomod:Unknown","RedAim"],"picked":"DemoMod:TableTechHeat","floor":17},{"not_picked":["Hololive_DiamondStrike","Hololive_HighAtkLowDef","Hololive_ASMR"],"picked":"Hololive_IdolExercise","floor":17},{"not_picked":["Forethought","Swift Strike","Blind"],"picked":"expansioncontent:Chronoboost","floor":17},{"not_picked":["infinitespire:DeathsTouch","infinitespire:SealOfDarkness+","Replay:Fractal Strike"],"picked":"ReplayTheSpireMod:Echoes of Time","floor":17},{"not_picked":["Hololive_CallMoonaHoshinova","Hololive_Rebound","Hololive_Breathe"],"picked":"Hololive_MaximGun","floor":18},{"not_picked":["Hololive_CallNatsuiroMatsuri+1","Hololive_LuckPotion","Hololive_Sequa+1"],"picked":"Hololive_HuntDinosaur+1","floor":20},{"not_picked":["Hololive_CandyCastle","Hololive_DDD","Hololive_CallOmaruPolka"],"picked":"Hololive_CallUsadaPekora+1","floor":22},{"not_picked":["Hololive_HuntDinosaur+1","Hololive_CallAkiRosenthal","Hololive_CocoNews+1"],"picked":"Hololive_Spy","floor":23}],"player_experience":1009472,"relics_obtained":[{"floor":1,"key":"LetterFromLob"},{"floor":7,"key":"Garlic"},{"floor":13,"key":"War Paint"},{"floor":23,"key":"Orichalcum"}],"event_choices":[],"is_beta":false,"boss_relics":[{"not_picked":["Replay:Wanted Poster","Runic Pyramid"],"picked":"ReplayTheSpireMod:SealedPack"}],"items_purged_floors":[],"is_endless":false,"potions_floor_spawned":[1,12,20,22],"ascension_level":0}}