{"host":"6hzrz31j95f2y1pa","time":1609120937,"event":{"mods":["BaseMod","Colored Map","Downfall","Minty Spire (QoL Compilation)","StSLib"],"gold_per_floor":[99,99,99,99,99,99,145,185,204,229,249,276,35,35,53,158,158,158,174,68,82,91,101,124,124,124,124],"floor_reached":25,"playtime":768,"items_purged":["champ:Defend","champ:Strike"],"score":339,"play_id":"aa79ca90-2e70-40a7-ac42-23f8639548ba","local_time":"20201227210217","is_ascension_mode":true,"campfire_choices":[{"data":"champ:Taunt","floor":1.0,"key":"SMITH"},{"data":"champ:AdrenalArmor","floor":6.0,"key":"SMITH"},{"data":"champ:Devastate","floor":18.0,"key":"SMITH"}],"circlet_count":0,"master_deck":["AscendersBane","champ:Strike","champ:Strike","champ:Strike","champ:Defend","champ:Defend","champ:Defend","champ:Execute+1","champ:Taunt+1","champ:AdrenalArmor+1","champ:FanOfKnives","champ:GladiatorsShout","champ:SwordSigil","champ:EnragedBash","champ:BringItOn","champ:ArenaPreparation","champ:Devastate+1","champ:Duel","champ:FaceSlap","expansioncontent:DecasProtection","champ:LastStand","champ:Encircle","RitualDagger"],"relics":["champ:ChampionCrown","downfall:HeartsMalice","downfall:ShatteredFragment","Happy Flower","CeramicFish","StrikeDummy","Philosopher\u0027s Stone","Vajra"],"acts_visited":["Exordium","TheCity"],"potions_floor_usage":[],"damage_taken":[{"damage":0.0,"enemies":"2 Louse","floor":4.0,"turns":1.0},{"damage":0.0,"enemies":"Jaw Worm","floor":5.0,"turns":1.0},{"damage":0.0,"enemies":"Gremlin Nob","floor":8.0,"turns":1.0},{"damage":7.0,"enemies":"Cultist","floor":9.0,"turns":3.0},{"damage":21.0,"enemies":"Gremlin Gang","floor":10.0,"turns":3.0},{"damage":17.0,"enemies":"Lots of Slimes","floor":11.0,"turns":3.0},{"damage":19.0,"enemies":"Large Slime","floor":12.0,"turns":6.0},{"damage":25.0,"enemies":"downfall:FleeingMerchant","floor":13.0,"turns":4.0},{"damage":39.0,"enemies":"Exordium Thugs","floor":15.0,"turns":5.0},{"damage":45.0,"enemies":"downfall:Watcher","floor":16.0,"turns":8.0},{"damage":18.0,"enemies":"Spheric Guardian","floor":19.0,"turns":3.0},{"damage":9.0,"enemies":"downfall:FleeingMerchant","floor":20.0,"turns":4.0},{"damage":19.0,"enemies":"Shell Parasite","floor":21.0,"turns":3.0},{"damage":27.0,"enemies":"Snake Plant","floor":23.0,"turns":2.0},{"damage":0,"enemies":"Slavers","floor":25,"turns":1}],"seed_played":"-708059535827759685","potions_obtained":[{"floor":8.0,"key":"SpeedPotion"},{"floor":9.0,"key":"DistilledChaos"},{"floor":10.0,"key":"BlessingOfTheForge"},{"floor":19.0,"key":"Dexterity Potion"},{"floor":23.0,"key":"Energy Potion"}],"is_trial":false,"path_per_floor":["R","?","?","M","M","R","T","E","M","M","M","M","$","T","M","B",null,"R","M","$","M","?","M","T","E"],"character_chosen":"THE_CHAMP","items_purchased":["champ:Duel","champ:FaceSlap","expansioncontent:DecasProtection"],"campfire_rested":0,"item_purchase_floors":[13,13,13],"current_hp_per_floor":[81,54,54,54,54,54,54,54,54,54,47,37,37,37,26,10,70,70,70,70,58,52,34,34,34,34,34],"gold":124,"neow_bonus":"THREE_ENEMY_KILL","is_daily":false,"chose_seed":false,"campfire_upgraded":3,"win_rate":0.0,"timestamp":1609120937,"path_taken":["R","?","?","?","?","R","T","E","M","M","M","M","$","?","M","BOSS","R","M","$","M","?","M","T","E"],"items_purchased_type":["Card","Card","Card"],"build_version":"2020-12-22","purchased_purges":2,"victory":false,"max_hp_per_floor":[90,90,90,90,90,90,90,90,90,90,90,90,90,90,90,90,90,90,90,90,90,90,90,90,90,90,90],"card_choices":[{"not_picked":["champ:FocusedGladiator","champ:ViciousMockery"],"picked":"champ:AdrenalArmor","floor":4.0},{"not_picked":["champ:RageSigil","champ:Haymaker"],"picked":"champ:FanOfKnives","floor":5.0},{"not_picked":["champ:CrookedStrike","champ:DeathBlow"],"picked":"champ:GladiatorsShout","floor":8.0},{"not_picked":["champ:BringItOn","champ:Haymaker"],"picked":"champ:SwordSigil","floor":9.0},{"not_picked":["champ:CrookedStrike","champ:GladiatorsShout"],"picked":"champ:EnragedBash","floor":10.0},{"not_picked":["champ:Haymaker","champ:StanceDance"],"picked":"champ:BringItOn","floor":11.0},{"not_picked":["champ:BringItOn","champ:BladeFlurry"],"picked":"champ:ArenaPreparation","floor":12.0},{"not_picked":["champ:FanOfKnives","champ:BerserkersShout"],"picked":"champ:Devastate","floor":13.0},{"not_picked":["champ:TornadoPunch","champ:FightOn","champ:Circumvent"],"picked":"SKIP","floor":15.0},{"not_picked":["champ:TornadoPunch","champ:FightOn","champ:Circumvent"],"picked":"SKIP","floor":15.0},{"not_picked":["champ:SwordThrow","champ:PerfectForm"],"picked":"champ:LastStand","floor":16.0},{"not_picked":["champ:BladeFlurry","champ:PreciseThrust+1","champ:FlashCut+1"],"picked":"SKIP","floor":19.0},{"not_picked":["champ:BladeFlurry","champ:GladiatorsShout"],"picked":"champ:Encircle","floor":20.0},{"not_picked":["champ:Haymaker","champ:AdrenalArmor","champ:PreciseThrust"],"picked":"SKIP","floor":21.0},{"not_picked":["champ:RisingSlash","champ:ViciousMockery","champ:FlashCut+1"],"picked":"SKIP","floor":23.0}],"player_experience":1253398,"relics_obtained":[{"floor":7.0,"key":"Happy Flower"},{"floor":8.0,"key":"CeramicFish"},{"floor":14.0,"key":"StrikeDummy"},{"floor":24.0,"key":"Vajra"}],"event_choices":[{"damage_healed":0.0,"max_hp_gain":0.0,"max_hp_loss":0.0,"gold_gain":0.0,"event_name":"Upgrade Shrine","player_choice":"Upgraded","floor":3.0,"gold_loss":0.0,"damage_taken":0.0,"cards_upgraded":["champ:Execute"]}],"is_beta":false,"boss_relics":[{"not_picked":["Pandora\u0027s Box","champ:ChampionCrownUpgraded"],"picked":"Philosopher\u0027s Stone"}],"items_purged_floors":[13,20],"is_endless":false,"potions_floor_spawned":[8,9,10,19,23],"killed_by":"Slavers","ascension_level":10}}