{"host":"iak1zw6udsaqx1iy","time":1609169867,"event":{"mods":["Act Like it!","BaseMod","Gensokyo","Minty Spire (QoL Compilation)","Remilia（蕾米莉亚）","Replay The Spire","StSLib","The Alterego","The Cursed","The Servant 0.9.4","WarShipGirlsR/战舰少女R mod","Youmu（魂魄妖梦）"],"gold_per_floor":[117,135,135,152,169,189,216,233,233,260,73,92,92,107,167,265,265,283,0,0,100,113,138,40,72,72,85,85,99,130,130,130,229,229,246,266,266,266,266,301,317,351,424,442,442,461,471,487,487,487,487,487,11,44,44],"floor_reached":56,"playtime":4864,"items_purged":[],"score":1579,"play_id":"57aa2ed4-4272-403b-8149-dd4f5d4b9a49","local_time":"20201228233747","is_ascension_mode":true,"campfire_choices":[{"floor":28.0,"key":"RECALL"},{"floor":32.0,"key":"REST"},{"data":"1","floor":45.0,"key":"LIFT"},{"data":"2","floor":49.0,"key":"LIFT"},{"data":"3","floor":52.0,"key":"LIFT"}],"circlet_count":0,"master_deck":["rmod:strick","rmod:strick","rmod:strick","rmod:defend","rmod:defend","rmod:defend","rmod:defend","rmod:basicallowance","rmod:maingunfire+1","rmod:intelligenceanalysis","rmod:firesupport","rmod:supportescort","rmod:victimresponsibility","rmod:garrisonisland+1","rmod:unsinkable","rmod:tearstotiara","rmod:rockthrower+1","rmod:overbreakdown+1","rmod:salvage+1","rmod:unsinkable","rmod:advancebysurprise","rmod:fuelsupply","rmod:luckystar","rmod:fletcherpendant","rmod:fletcherpendant","rmod:ammunitionsupply","ReplayTheSpireMod:Splinters","rmod:aluminumsupply+1","rmod:salvage","rmod:supriseattacks","rmod:expedition+1","rmod:mineteam+1","rmod:fletcher","rmod:gendarmerie+1","rmod:intelligenceanalysis","rmod:goodsister","rmod:fletcherpendant","rmod:selfconfidence","rmod:fletcherpendant","rmod:maintain+1","rmod:diamondstrike+1","rmod:fletcherpendant","rmod:desperatesituation","Gensokyo:ImpossibleRequest","CommonCold","Voices","rmod:fletcherpendant+1","rmod:slowdown+1","rmod:fletcherpendant+1","rmod:saltedfish","rmod:generalist+1","rmod:robin+1","rmod:fletcherpendant+1","rmod:ring+1","rmod:fletcherpendant+1","rmod:fletcherpendant+1","rmod:fletcherpendant+1","rmod:lonelyqueen+1","rmod:chargemoney","rmod:aviationdawn","rmod:fletcherpendant+1","rmod:lonelyqueen+1"],"relics":["rmod:firstchargereward","Replay:Kaleidoscope","Pear","ReplayTheSpireMod:TigerMarble","Sling","Blood Vial","Replay:Grab Bag","Fusion Hammer","ChewingGum","rmod:monthlycard","Honey Jar","Durian","Bird Faced Urn","The Courier","Blue Candle","Whetstone","Shuriken","Snack Pack","Replay:Ancient Bell","Lantern","Molten Egg 2","Girya","Ring of Peace","ReplayFunnel","Blue Doll","rmod:extraamm","Pen Nib","Onion Ring","AntiCross"],"acts_visited":["Exordium","Exordium","Gensokyo:Gensokyoer","TheEnding"],"potions_floor_usage":[54],"damage_taken":[{"damage":0.0,"enemies":"Jaw Worm","floor":1.0,"turns":4.0},{"damage":0.0,"enemies":"Cultist","floor":2.0,"turns":3.0},{"damage":0.0,"enemies":"Small Slimes","floor":4.0,"turns":2.0},{"damage":6.0,"enemies":"Exordium Wildlife","floor":5.0,"turns":3.0},{"damage":6.0,"enemies":"Lots of Slimes","floor":6.0,"turns":4.0},{"damage":13.0,"enemies":"Lagavulin","floor":7.0,"turns":6.0},{"damage":0.0,"enemies":"2 Fungi Beasts","floor":8.0,"turns":3.0},{"damage":5.0,"enemies":"3 Sentries","floor":10.0,"turns":7.0},{"damage":0.0,"enemies":"Large Slime","floor":12.0,"turns":6.0},{"damage":0.0,"enemies":"3 Louse","floor":14.0,"turns":3.0},{"damage":50.0,"enemies":"Fading Forest","floor":16.0,"turns":11.0},{"damage":0.0,"enemies":"Gensokyo:AngelMirror","floor":18.0,"turns":3.0},{"damage":9.0,"enemies":"Gensokyo:AngelMirror","floor":21.0,"turns":7.0},{"damage":0.0,"enemies":"Gensokyo:CosmicMonolith","floor":22.0,"turns":3.0},{"damage":0.0,"enemies":"Gensokyo:Reisen","floor":23.0,"turns":3.0},{"damage":5.0,"enemies":"Gensokyo:Koishi","floor":25.0,"turns":5.0},{"damage":1.0,"enemies":"Gensokyo:Swordslinger","floor":27.0,"turns":4.0},{"damage":17.0,"enemies":"Gensokyo:Slime_Group","floor":29.0,"turns":2.0},{"damage":9.0,"enemies":"Gensokyo:Reisen","floor":30.0,"turns":4.0},{"damage":16.0,"enemies":"Gensokyo:Eternal_Rivals","floor":33.0,"turns":9.0},{"damage":6.0,"enemies":"Gensokyo:3_Boulders","floor":35.0,"turns":3.0},{"damage":0.0,"enemies":"Gensokyo:3_Bats","floor":36.0,"turns":1.0},{"damage":14.0,"enemies":"Gensokyo:Kasen","floor":40.0,"turns":4.0},{"damage":0.0,"enemies":"Gensokyo:Rafflesia","floor":41.0,"turns":7.0},{"damage":0.0,"enemies":"Gensokyo:Doremy","floor":42.0,"turns":5.0},{"damage":0.0,"enemies":"Gensokyo:AtlasGolem","floor":44.0,"turns":7.0},{"damage":0.0,"enemies":"Gensokyo:3_Boulders","floor":46.0,"turns":4.0},{"damage":0.0,"enemies":"Gensokyo:SeedOfUnknown","floor":47.0,"turns":4.0},{"damage":0.0,"enemies":"Gensokyo:Rafflesia","floor":48.0,"turns":7.0},{"damage":0.0,"enemies":"Gensokyo:Shinki","floor":50.0,"turns":6.0},{"damage":0,"enemies":"Shield and Spear","floor":54,"turns":4},{"damage":12,"enemies":"The Heart","floor":55,"turns":4}],"seed_played":"5192015549522093630","potions_obtained":[{"floor":1.0,"key":"AttackPotion"},{"floor":2.0,"key":"FairyPotion"},{"floor":4.0,"key":"Swift Potion"},{"floor":6.0,"key":"SteroidPotion"},{"floor":8.0,"key":"Flashbang"},{"floor":15.0,"key":"Languid Potion"},{"floor":18.0,"key":"Fire Potion"},{"floor":25.0,"key":"Elixir"},{"floor":27.0,"key":"LifebloodPotion"},{"floor":29.0,"key":"Dexterity Potion"},{"floor":30.0,"key":"Energy Potion"},{"floor":33.0,"key":"Elixir"},{"floor":42.0,"key":"GamblersBrew"},{"floor":46.0,"key":"Fire Potion"},{"floor":48.0,"key":"Strength Potion"}],"is_trial":false,"path_per_floor":["M","M","?","M","M","M","E","M","T","E","$","M","?","M","R","B",null,"M","?","?","?","M","E","$","E","T","M","R","M","E","T","R","B",null,"M","M","?","?","?","E","M","E","T","M","R","M","M","M","R","B",null,"R","$","E","B",null],"character_chosen":"PRAEFECT","items_purchased":["Sling","rmod:overbreakdown+1","rmod:goodsister","rmod:fletcherpendant","rmod:extraamm","Pen Nib","Onion Ring","Dexterity Potion"],"campfire_rested":1,"item_purchase_floors":[11,11,24,24,53,53,53,53],"current_hp_per_floor":[82,82,82,82,76,70,57,57,67,62,62,62,62,62,62,30,92,92,92,92,88,92,94,94,91,91,94,94,80,75,75,97,81,97,97,97,97,97,97,83,91,97,97,97,97,97,97,97,97,97,97,97,97,97,92],"gold":44,"neow_bonus":"TEN_PERCENT_HP_BONUS","is_daily":false,"chose_seed":false,"campfire_upgraded":0,"win_rate":0.0,"timestamp":1609169867,"path_taken":["M","M","?","M","M","M","E","M","T","E","$","?","?","M","R","BOSS","M","?","?","?","M","E","?","E","T","M","R","?","E","?","R","BOSS","M","M","?","?","?","E","M","E","T","M","R","?","M","M","R","BOSS","R","$","E","BOSS"],"items_purchased_type":["Relic","Card","Card","Card","Relic","Relic","Relic","Potion"],"build_version":"2020-12-22","purchased_purges":0,"victory":true,"max_hp_per_floor":[82,82,82,82,82,82,82,82,92,92,92,92,92,92,92,92,92,92,92,92,97,97,97,97,97,97,97,97,97,97,97,97,97,97,97,97,97,97,97,97,97,97,97,97,97,97,97,97,97,97,97,97,97,97,97],"card_choices":[{"not_picked":["rmod:tearstotiara","rmod:shuttlebombing"],"picked":"rmod:intelligenceanalysis","floor":1.0},{"not_picked":["rmod:ammunitionsupply","rmod:spoils"],"picked":"rmod:firesupport","floor":2.0},{"not_picked":["rmod:unsinkable","rmod:wasp"],"picked":"rmod:supportescort","floor":4.0},{"not_picked":["rmod:goodfighter","rmod:steelsupply"],"picked":"rmod:victimresponsibility","floor":5.0},{"not_picked":["rmod:chargemoney","rmod:overbreakdown"],"picked":"rmod:garrisonisland","floor":6.0},{"not_picked":["rmod:launchingtorpedo","rmod:firesupport"],"picked":"rmod:unsinkable","floor":7.0},{"not_picked":["rmod:luckystar","rmod:fletcherpendant"],"picked":"rmod:tearstotiara","floor":8.0},{"not_picked":["rmod:stealaluminum","rmod:punchline"],"picked":"rmod:rockthrower","floor":10.0},{"not_picked":["rmod:supportescort","rmod:advancebysurprise"],"picked":"rmod:salvage","floor":12.0},{"not_picked":["rmod:luckystar","rmod:intelligenceanalysis"],"picked":"rmod:ammunitionsupply","floor":14.0},{"not_picked":["rmod:tearstotiara","rmod:wife"],"picked":"rmod:aluminumsupply","floor":15.0},{"not_picked":["rmod:lonelyqueen","rmod:unsinkable"],"picked":"rmod:salvage","floor":15.0},{"not_picked":["rmod:expeditionaryescort","rmod:timeschanged"],"picked":"rmod:supriseattacks","floor":16.0},{"not_picked":["rmod:aluminumsupply+1","rmod:combined+1","rmod:fletcherpendant"],"picked":"rmod:expedition","floor":18.0},{"not_picked":["rmod:aluminumsupply","rmod:luckystar","rmod:combined"],"picked":"rmod:mineteam+1","floor":21.0},{"not_picked":["rmod:rockthrower","rmod:concentratefire+1","rmod:firesupport"],"picked":"rmod:gendarmerie+1","floor":22.0},{"not_picked":["rmod:secretscript","rmod:unsinkable","rmod:luckystar"],"picked":"rmod:intelligenceanalysis","floor":23.0},{"not_picked":["rmod:garrisonisland","rmod:circuitoustactics+1","rmod:fuelsupply"],"picked":"rmod:selfconfidence","floor":25.0},{"not_picked":["rmod:victimresponsibility","rmod:intelligenceanalysis","rmod:chargemoney"],"picked":"rmod:maintain+1","floor":27.0},{"not_picked":["rmod:goodsister","rmod:highspeedshooting","rmod:unsinkable"],"picked":"rmod:diamondstrike+1","floor":29.0},{"not_picked":["rmod:aluminumsupply","rmod:supportaircraftcarrier","rmod:highspeedmaneuver"],"picked":"rmod:fletcherpendant","floor":30.0},{"not_picked":["rmod:ridicule","rmod:lastglory","rmod:windflower"],"picked":"rmod:desperatesituation","floor":33.0},{"not_picked":["Decay","Amnesia","Delirium"],"picked":"Gensokyo:ImpossibleRequest","floor":34.0},{"not_picked":["Lust_TH","Hallucinations","CurseOfTheBell"],"picked":"CommonCold","floor":34.0},{"not_picked":["Regret","Sloth_TH","ReplayTheSpireMod:IOU"],"picked":"Voices","floor":34.0},{"not_picked":["rmod:steelsupply+1","rmod:spoils+1","rmod:lonelyqueen+1"],"picked":"rmod:slowdown+1","floor":35.0},{"not_picked":["rmod:steelsupply+1","rmod:firesupport+1","rmod:spoils+1"],"picked":"rmod:fletcherpendant+1","floor":36.0},{"not_picked":[],"picked":"rmod:saltedfish","floor":37.0},{"not_picked":["rmod:ammunitionsupply+1","rmod:unsinkable+1","rmod:launchingtorpedo+1"],"picked":"rmod:generalist+1","floor":40.0},{"not_picked":["rmod:aggressivemary+1","rmod:intelligenceanalysis+1","rmod:combined+1"],"picked":"rmod:robin+1","floor":41.0},{"not_picked":["rmod:highspeedshooting+1","rmod:bulid+1","rmod:u235"],"picked":"rmod:ring+1","floor":42.0},{"not_picked":["rmod:diamondstrike+1","rmod:guardianhero+1","rmod:overbreakdown"],"picked":"rmod:fletcherpendant+1","floor":44.0},{"not_picked":["rmod:goodfighter+1","rmod:garrisonisland+1","rmod:intelligenceanalysis+1"],"picked":"rmod:lonelyqueen+1","floor":46.0},{"not_picked":["rmod:overbreakdown+1","rmod:steelsupply+1","rmod:slowdown+1"],"picked":"rmod:chargemoney","floor":47.0},{"not_picked":["rmod:tearstotiara+1","rmod:luckystar+1","rmod:generalist+1"],"picked":"rmod:aviationdawn","floor":48.0},{"not_picked":["rmod:highspeedmaneuver","rmod:aluminumsupply","rmod:garrisonisland+1"],"picked":"rmod:lonelyqueen+1","floor":54}],"player_experience":300896,"relics_obtained":[{"floor":7.0,"key":"Replay:Kaleidoscope"},{"floor":9.0,"key":"Pear"},{"floor":10.0,"key":"ReplayTheSpireMod:TigerMarble"},{"floor":15.0,"key":"Blood Vial"},{"floor":21.0,"key":"Durian"},{"floor":21.0,"key":"Bird Faced Urn"},{"floor":23.0,"key":"The Courier"},{"floor":25.0,"key":"Blue Candle"},{"floor":26.0,"key":"Whetstone"},{"floor":30.0,"key":"Shuriken"},{"floor":31.0,"key":"Snack Pack"},{"floor":39.0,"key":"Ring of Peace"},{"floor":40.0,"key":"ReplayFunnel"},{"floor":42.0,"key":"Blue Doll"},{"floor":54,"key":"AntiCross"}],"event_choices":[{"cards_removed":["rmod:strick"],"damage_healed":0.0,"max_hp_gain":0.0,"max_hp_loss":0.0,"gold_gain":0.0,"event_name":"Bonfire Elementals","player_choice":"Offered Basic","floor":3.0,"gold_loss":0.0,"damage_taken":0.0}],"is_beta":false,"boss_relics":[{"not_picked":["Tiny House","Abe\u0027s Treasure"],"picked":"Replay:Grab Bag"},{"not_picked":["SlaversCollar","Cursed Key"],"picked":"Fusion Hammer"},{"not_picked":["Philosopher\u0027s Stone","Velvet Choker"],"picked":"ChewingGum"},{"not_picked":["Snecko Eye","Calling Bell"],"picked":"rmod:monthlycard"},{"not_picked":["Kintsugi","Astrolabe"],"picked":"Honey Jar"},{"not_picked":["Replay:Bronze Core","Painkiller Herb"],"picked":"Replay:Ancient Bell"},{"not_picked":["Strawberry","Regal Pillow"],"picked":"Lantern"},{"not_picked":["Replay:Ringing Soul","Meat on the Bone"],"picked":"Molten Egg 2"},{"not_picked":["Incense Burner","Torii"],"picked":"Girya"}],"items_purged_floors":[],"is_endless":false,"potions_floor_spawned":[1,2,4,6,8,18,25,27,29,30,33,36,42,46,48],"ascension_level":2}}