{"host":"bq4pt811tk9yrmjl","time":1609171287,"event":{"mods":["AchievementEnabler","BaseMod","Colored Map","Colored Powertips","Defuse TimeMaze Blight","Hermit","Minty Spire (QoL Compilation)","StSLib","SuperFastMode"],"gold_per_floor":[111,186,204,126,126,151,151,185,211,225,235,92,92,102,102,199,199,215,215,202,220,73,73,73,73],"floor_reached":24,"playtime":563,"items_purged":[],"score":243,"play_id":"622a742e-3a5e-4471-a488-446f8de17adc","local_time":"20201228140127","is_ascension_mode":true,"campfire_choices":[{"floor":7,"key":"RECALL"},{"floor":13,"key":"REST"},{"data":"Ragnarok","floor":15,"key":"SMITH"},{"floor":23,"key":"REST"}],"circlet_count":0,"master_deck":["Strike_P","Strike_P","Strike_P","Strike_P","Defend_P","Defend_P","Defend_P","Defend_P","Eruption","Vigilance","DeceiveReality","Prostrate","Ragnarok+1","Establishment","WindmillStrike","Consecrate+1"],"relics":["PureWater","NeowsBlessing","Omamori","Pen Nib","Vajra","Medical Kit","Black Star","Blood Vial"],"acts_visited":["Exordium","TheCity"],"potions_floor_usage":[8,16,16,18,20],"damage_taken":[{"damage":0,"enemies":"Small Slimes","floor":1,"turns":1},{"damage":0,"enemies":"Jaw Worm","floor":3,"turns":1},{"damage":0,"enemies":"Lagavulin","floor":6,"turns":1},{"damage":21,"enemies":"3 Sentries","floor":8,"turns":12},{"damage":3,"enemies":"Cultist","floor":10,"turns":6},{"damage":6,"enemies":"3 Louse","floor":11,"turns":5},{"damage":2,"enemies":"Large Slime","floor":14,"turns":6},{"damage":17,"enemies":"Hexaghost","floor":16,"turns":13},{"damage":7,"enemies":"Shell Parasite","floor":18,"turns":9},{"damage":16,"enemies":"2 Thieves","floor":20,"turns":4},{"damage":34,"enemies":"Centurion and Healer","floor":21,"turns":10},{"damage":0,"enemies":"Book of Stabbing","floor":24,"turns":1}],"seed_played":"789863614623989250","potions_obtained":[{"floor":1,"key":"CultistPotion"},{"floor":6,"key":"Weak Potion"},{"floor":11,"key":"SpeedPotion"},{"floor":16,"key":"AttackPotion"},{"floor":18,"key":"Energy Potion"}],"is_trial":false,"path_per_floor":["M","?","M","$","?","E","R","E","T","M","M","$","R","M","R","B",null,"M","$","M","M","$","R","E"],"character_chosen":"WATCHER","items_purchased":["DeceiveReality","Medical Kit","Blood Vial"],"campfire_rested":2,"item_purchase_floors":[4,12,22],"current_hp_per_floor":[72,61,61,61,61,61,61,40,40,37,31,31,52,50,50,33,72,65,65,49,15,15,36,38,38],"gold":73,"neow_bonus":"THREE_ENEMY_KILL","is_daily":false,"chose_seed":false,"campfire_upgraded":1,"win_rate":0.0,"timestamp":1609171287,"path_taken":["M","?","M","$","?","E","R","E","T","M","?","$","R","M","R","BOSS","M","$","M","M","$","R","E"],"items_purchased_type":["Card","Relic","Relic"],"build_version":"2020-12-22","purchased_purges":0,"victory":false,"max_hp_per_floor":[72,72,72,72,72,72,72,72,72,72,72,72,72,72,72,72,72,72,72,72,72,72,72,72,72],"card_choices":[{"not_picked":["Fasting2","Crescendo","SashWhip"],"picked":"SKIP","floor":1},{"not_picked":["Adaptation","Halt","InnerPeace"],"picked":"SKIP","floor":3},{"not_picked":["WheelKick","EmptyMind","EmptyBody"],"picked":"SKIP","floor":6},{"not_picked":["Halt","EmptyBody"],"picked":"Prostrate","floor":8},{"not_picked":["Evaluate","Wireheading","SignatureMove"],"picked":"SKIP","floor":10},{"not_picked":["Prostrate","Sanctity"],"picked":"Ragnarok","floor":11},{"not_picked":["Tantrum","PathToVictory","Evaluate"],"picked":"SKIP","floor":14},{"not_picked":["SpiritShield","Blasphemy"],"picked":"Establishment","floor":16},{"not_picked":["CutThroughFate","Crescendo+1"],"picked":"WindmillStrike","floor":18},{"not_picked":["Vengeance","SignatureMove"],"picked":"Consecrate+1","floor":20},{"not_picked":["SashWhip","Fasting2","SandsOfTime"],"picked":"SKIP","floor":21}],"player_experience":135363,"relics_obtained":[{"floor":6,"key":"Omamori"},{"floor":8,"key":"Pen Nib"},{"floor":9,"key":"Vajra"}],"event_choices":[{"damage_healed":0,"gold_gain":75,"player_choice":"Gather Gold","damage_taken":11,"max_hp_gain":0,"max_hp_loss":0,"event_name":"World of Goop","floor":2,"gold_loss":0},{"damage_healed":0,"gold_gain":0,"player_choice":"Ignored","damage_taken":0,"max_hp_gain":0,"max_hp_loss":0,"event_name":"Transmorgrifier","floor":5,"gold_loss":0}],"is_beta":false,"boss_relics":[{"not_picked":["Velvet Choker","Coffee Dripper"],"picked":"Black Star"}],"items_purged_floors":[],"is_endless":false,"potions_floor_spawned":[1,6,11,16,18],"killed_by":"Book of Stabbing","ascension_level":1}}