{"host":"x6tlfgqpy55vgxdn","time":1609160853,"event":{"mods":["AchievementEnabler","BaseMod","DeckTracker","Minty Spire (QoL Compilation)","Permanent Neow","StSLib","SuperFastMode"],"gold_per_floor":[117,128,128,53,53,53,53,68,115,115,141,152,185,199,199,301,301,314,327,327,346,359,359,388,388,411,423,435,475,502,531,543,660,672,698,932,957,1019,1031,1043,1073,1085,1097,1140,1162,1191,1203,1203],"floor_reached":47,"playtime":2248,"items_purged":["Strike_B"],"score":831,"play_id":"5fd2f2fa-e4dd-4aa5-9d37-781912a4b131","local_time":"20201228220733","is_ascension_mode":true,"campfire_choices":[{"floor":6.0,"key":"DIG"},{"floor":10.0,"key":"DIG"},{"floor":15.0,"key":"DIG"},{"floor":23.0,"key":"DIG"},{"floor":25.0,"key":"DIG"},{"floor":27.0,"key":"DIG"},{"data":"Loop","floor":32.0,"key":"SMITH"},{"floor":40.0,"key":"RECALL"},{"floor":42.0,"key":"DIG"}],"circlet_count":0,"master_deck":["AscendersBane","Strike_B+1","Zap","Dualcast+1","Darkness","Redo","Compile Driver+1","Biased Cognition","Loop+1","Coolheaded","Reboot","Steam+1","Reinforced Body+1","Conserve Battery+1","Aggregate+1","Decay","Coolheaded+1","Fusion+1","Darkness+1","Hologram+1","Defragment","Consume+1"],"relics":["Cracked Core","Shovel","Pen Nib","Anchor","MealTicket","Turnip","Bottled Tornado","Ancient Tea Set","Astrolabe","Akabeko","Bronze Scales","Whetstone","MawBank","HornCleat","Nilry\u0027s Codex","Red Mask","Coffee Dripper","CaptainsWheel","Centennial Puzzle","Art of War"],"acts_visited":["Exordium","TheCity","TheBeyond"],"potions_floor_usage":[47],"damage_taken":[{"damage":0.0,"enemies":"Cultist","floor":1.0,"turns":3.0},{"damage":7.0,"enemies":"Jaw Worm","floor":2.0,"turns":3.0},{"damage":4.0,"enemies":"2 Louse","floor":8.0,"turns":2.0},{"damage":5.0,"enemies":"Gremlin Nob","floor":11.0,"turns":3.0},{"damage":2.0,"enemies":"Exordium Wildlife","floor":12.0,"turns":4.0},{"damage":20.0,"enemies":"3 Sentries","floor":13.0,"turns":5.0},{"damage":2.0,"enemies":"Exordium Thugs","floor":14.0,"turns":4.0},{"damage":0.0,"enemies":"Hexaghost","floor":16.0,"turns":7.0},{"damage":0.0,"enemies":"Spheric Guardian","floor":18.0,"turns":3.0},{"damage":0.0,"enemies":"Chosen","floor":19.0,"turns":5.0},{"damage":7.0,"enemies":"Snake Plant","floor":21.0,"turns":2.0},{"damage":17.0,"enemies":"Centurion and Healer","floor":22.0,"turns":6.0},{"damage":1.0,"enemies":"Gremlin Leader","floor":24.0,"turns":8.0},{"damage":0.0,"enemies":"Masked Bandits","floor":29.0,"turns":5.0},{"damage":0.0,"enemies":"Shelled Parasite and Fungi","floor":30.0,"turns":4.0},{"damage":0.0,"enemies":"Snecko","floor":31.0,"turns":3.0},{"damage":13.0,"enemies":"Champ","floor":33.0,"turns":11.0},{"damage":0.0,"enemies":"3 Shapes","floor":35.0,"turns":6.0},{"damage":0.0,"enemies":"3 Darklings","floor":37.0,"turns":8.0},{"damage":4.0,"enemies":"Mind Bloom Boss Battle","floor":38.0,"turns":6.0},{"damage":11.0,"enemies":"4 Shapes","floor":41.0,"turns":7.0},{"damage":25.0,"enemies":"Giant Head","floor":44.0,"turns":6.0},{"damage":0.0,"enemies":"Jaw Worm Horde","floor":45.0,"turns":3.0},{"damage":0.0,"enemies":"Spire Growth","floor":46.0,"turns":4.0},{"damage":17,"enemies":"Reptomancer","floor":47,"turns":3}],"seed_played":"3824988067155789120","potions_obtained":[{"floor":8.0,"key":"Block Potion"},{"floor":12.0,"key":"Energy Potion"},{"floor":13.0,"key":"Regen Potion"},{"floor":14.0,"key":"EssenceOfDarkness"},{"floor":19.0,"key":"SmokeBomb"},{"floor":22.0,"key":"Dexterity Potion"},{"floor":29.0,"key":"AttackPotion"},{"floor":31.0,"key":"SpeedPotion"},{"floor":33.0,"key":"Fire Potion"},{"floor":35.0,"key":"CultistPotion"},{"floor":44.0,"key":"GamblersBrew"}],"is_trial":false,"path_per_floor":["M","M","?","$","?","R","?","M","T","R","E","M","E","M","R","B",null,"M","M","?","M","M","R","E","R","T","R","?","?","M","M","R","B",null,"M","?","M","?","?","R","M","R","T","E","M","M","E"],"character_chosen":"DEFECT","items_purchased":[],"campfire_rested":0,"item_purchase_floors":[],"current_hp_per_floor":[68,61,54,54,40,40,40,36,36,36,31,29,9,7,7,7,53,53,53,53,46,44,44,43,43,43,43,27,27,27,27,27,14,55,55,55,55,51,51,51,40,40,40,15,15,15,0,0],"gold":1203,"neow_bonus":"REMOVE_TWO","is_daily":false,"chose_seed":false,"campfire_upgraded":1,"win_rate":0.0,"timestamp":1609160853,"path_taken":["M","M","?","$","?","R","?","?","T","R","E","M","E","M","R","BOSS","M","M","?","?","M","R","E","R","T","R","?","?","M","M","R","BOSS","M","?","M","?","?","R","M","R","T","E","?","M","E"],"items_purchased_type":[],"build_version":"2020-12-22","purchased_purges":1,"victory":false,"max_hp_per_floor":[68,68,68,68,68,68,68,68,68,68,68,68,68,68,68,68,68,68,68,68,68,68,68,68,68,68,68,68,68,68,68,68,68,68,68,68,68,68,68,68,68,68,68,68,68,68,68,68],"card_choices":[{"not_picked":["Rebound","Hologram"],"picked":"Darkness","floor":1.0},{"not_picked":["Turbo","Lockon"],"picked":"Redo","floor":2.0},{"not_picked":["Ball Lightning","Turbo"],"picked":"Compile Driver","floor":8.0},{"not_picked":["Beam Cell","Redo"],"picked":"Biased Cognition","floor":11.0},{"not_picked":["Turbo","Chaos"],"picked":"Loop","floor":12.0},{"not_picked":["Chaos","Redo"],"picked":"Cold Snap","floor":13.0},{"not_picked":["Sweeping Beam","Melter"],"picked":"Coolheaded","floor":14.0},{"not_picked":["Machine Learning","Amplify"],"picked":"Reboot","floor":16.0},{"not_picked":["Ball Lightning","Melter","Chaos"],"picked":"SKIP","floor":18.0},{"not_picked":["Lockon","Chaos"],"picked":"Aggregate+1","floor":19.0},{"not_picked":["Coolheaded","Melter","Turbo"],"picked":"SKIP","floor":21.0},{"not_picked":["Cold Snap","Conserve Battery+1"],"picked":"Coolheaded+1","floor":22.0},{"not_picked":["Self Repair","Coolheaded","Sunder"],"picked":"SKIP","floor":24.0},{"not_picked":["Streamline","Doom and Gloom"],"picked":"Fusion+1","floor":29.0},{"not_picked":["Cold Snap","Stack","Blizzard"],"picked":"SKIP","floor":30.0},{"not_picked":["Beam Cell","Gash","Ball Lightning"],"picked":"SKIP","floor":31.0},{"not_picked":["Conserve Battery+1","Sweeping Beam+1","Beam Cell"],"picked":"SKIP","floor":35.0},{"not_picked":["Lockon","Cold Snap","Sweeping Beam+1"],"picked":"SKIP","floor":37.0},{"not_picked":["Sweeping Beam","Barrage+1"],"picked":"Darkness+1","floor":41.0},{"not_picked":["Aggregate+1","Skim+1"],"picked":"Hologram+1","floor":44.0},{"not_picked":["Cold Snap+1","Melter+1"],"picked":"Defragment","floor":45.0},{"not_picked":["Gash+1","Buffer"],"picked":"Consume+1","floor":46.0}],"player_experience":213503,"relics_obtained":[{"floor":6.0,"key":"Pen Nib"},{"floor":9.0,"key":"Anchor"},{"floor":10.0,"key":"MealTicket"},{"floor":11.0,"key":"Turnip"},{"floor":13.0,"key":"Bottled Tornado"},{"floor":15.0,"key":"Ancient Tea Set"},{"floor":23.0,"key":"Akabeko"},{"floor":24.0,"key":"Bronze Scales"},{"floor":25.0,"key":"Whetstone"},{"floor":26.0,"key":"MawBank"},{"floor":27.0,"key":"HornCleat"},{"floor":28.0,"key":"Nilry\u0027s Codex"},{"floor":29.0,"key":"Red Mask"},{"floor":38.0,"key":"CaptainsWheel"},{"floor":42.0,"key":"Centennial Puzzle"},{"floor":44.0,"key":"Art of War"}],"event_choices":[{"damage_healed":0.0,"max_hp_gain":0.0,"max_hp_loss":0.0,"gold_gain":0.0,"event_name":"Scrap Ooze","player_choice":"Success","floor":3.0,"gold_loss":0.0,"damage_taken":7.0,"relics_obtained":["Shovel"]},{"damage_healed":0.0,"max_hp_gain":0.0,"max_hp_loss":0.0,"gold_gain":0.0,"event_name":"Shining Light","player_choice":"Entered Light","floor":5.0,"gold_loss":0.0,"damage_taken":14.0,"cards_upgraded":["Dualcast","Strike_B"]},{"cards_removed":["Defend_B"],"damage_healed":0.0,"max_hp_gain":0.0,"max_hp_loss":0.0,"gold_gain":0.0,"event_name":"Living Wall","player_choice":"Forget","floor":7.0,"gold_loss":0.0,"damage_taken":0.0},{"damage_healed":0.0,"max_hp_gain":0.0,"max_hp_loss":0.0,"gold_gain":0.0,"event_name":"Wheel of Change","player_choice":"Cursed","floor":20.0,"gold_loss":0.0,"damage_taken":0.0,"cards_obtained":["Decay"]},{"damage_healed":0.0,"max_hp_gain":0.0,"max_hp_loss":0.0,"gold_gain":0.0,"event_name":"Cursed Tome","player_choice":"Obtained Book","floor":28.0,"gold_loss":0.0,"damage_taken":16.0},{"damage_healed":0.0,"max_hp_gain":0.0,"max_hp_loss":0.0,"gold_gain":0.0,"event_name":"Masked Bandits","player_choice":"Fought Bandits","floor":29.0,"gold_loss":0.0,"damage_taken":0.0},{"damage_healed":0.0,"max_hp_gain":0.0,"max_hp_loss":0.0,"gold_gain":222.0,"event_name":"Tomb of Lord Red Mask","player_choice":"Wore Mask","floor":36.0,"gold_loss":0.0,"damage_taken":0.0},{"damage_healed":0.0,"max_hp_gain":0.0,"max_hp_loss":0.0,"gold_gain":0.0,"event_name":"MindBloom","player_choice":"Fight","floor":38.0,"gold_loss":0.0,"damage_taken":0.0},{"cards_removed":["Cold Snap"],"damage_healed":0.0,"max_hp_gain":0.0,"max_hp_loss":0.0,"gold_gain":0.0,"event_name":"Falling","player_choice":"Removed Attack","floor":39.0,"gold_loss":0.0,"damage_taken":0.0}],"is_beta":false,"boss_relics":[{"not_picked":["Runic Dome","Tiny House"],"picked":"Astrolabe"},{"not_picked":["Busted Crown","Pandora\u0027s Box"],"picked":"Coffee Dripper"}],"items_purged_floors":[4],"is_endless":false,"potions_floor_spawned":[8,12,13,14,19,22,29,31,33,35,44],"killed_by":"Reptomancer","ascension_level":10}}