{"host":"fuszjwm6fqgjjp4d","time":1609145746,"event":{"mods":["BaseMod","Bestiary","Colored Map","DeckTracker","Minty Spire (QoL Compilation)","Permanent Neow","Relic Sorter","Relic Stats","StSLib"],"gold_per_floor":[119,139,159,179,245,277,288,288,288,288,288,307,338,362,362,362,362],"floor_reached":16,"playtime":383,"items_purged":[],"score":222,"play_id":"5e6a1a2a-aaeb-45f0-b089-47d3e80fed30","local_time":"20201228025546","is_ascension_mode":true,"campfire_choices":[{"data":"Perfected Strike","floor":8,"key":"SMITH"},{"data":"Perfected Strike","floor":11,"key":"SMITH"},{"data":"Spot Weakness","floor":15,"key":"SMITH"}],"circlet_count":0,"master_deck":["AscendersBane","Strike_R","Strike_R","Strike_R","Strike_R","Strike_R","Defend_R","Defend_R","Defend_R","Defend_R","Bash","Immolate","Shrug It Off","Perfected Strike+1","Perfected Strike+1","Dropkick","Evolve","Spot Weakness+1"],"relics":["Burning Blood","StrikeDummy","Bottled Flame","Golden Idol","Nunchaku"],"acts_visited":["Exordium"],"potions_floor_usage":[4,12,12,14],"damage_taken":[{"damage":6,"enemies":"Cultist","floor":1,"turns":3},{"damage":10,"enemies":"Small Slimes","floor":2,"turns":3},{"damage":2,"enemies":"2 Louse","floor":3,"turns":3},{"damage":0,"enemies":"Large Slime","floor":4,"turns":2},{"damage":40,"enemies":"Lagavulin","floor":6,"turns":6},{"damage":11,"enemies":"2 Fungi Beasts","floor":7,"turns":3},{"damage":4,"enemies":"Gremlin Gang","floor":12,"turns":4},{"damage":8,"enemies":"Gremlin Nob","floor":13,"turns":3},{"damage":1,"enemies":"Looter","floor":14,"turns":2},{"damage":28,"enemies":"The Guardian","floor":16,"turns":7}],"seed_played":"-5708238024530133497","potions_obtained":[{"floor":3,"key":"Fire Potion"},{"floor":6,"key":"Ancient Potion"},{"floor":7,"key":"EssenceOfSteel"},{"floor":13,"key":"AttackPotion"},{"floor":14,"key":"SpeedPotion"}],"is_trial":false,"path_per_floor":["M","M","M","M","?","E","M","R","T","?","R","M","E","M","R","B"],"character_chosen":"IRONCLAD","items_purchased":[],"campfire_rested":0,"item_purchase_floors":[],"current_hp_per_floor":[68,64,68,68,68,34,29,29,29,29,29,31,29,34,34,6,6],"gold":362,"neow_bonus":"THREE_RARE_CARDS","is_daily":false,"chose_seed":false,"campfire_upgraded":3,"win_rate":0.0,"timestamp":1609145746,"path_taken":["M","M","M","?","?","E","M","R","T","?","R","M","E","M","R","BOSS"],"items_purchased_type":[],"build_version":"2020-12-22","purchased_purges":0,"victory":false,"max_hp_per_floor":[68,68,68,68,68,68,68,68,68,62,62,62,62,62,62,62,62],"relic_stats":{"Nunchaku":[1],"counters":[10,36],"Golden Idol":15,"obtain_stats":[{"Bottled Flame":9,"Nunchaku":13,"Golden Idol":10,"StrikeDummy":6,"Burning Blood":0},{"Bottled Flame":6,"Nunchaku":8,"Golden Idol":6,"StrikeDummy":5,"Burning Blood":0},{"Bottled Flame":20,"Nunchaku":27,"Golden Idol":20,"StrikeDummy":17,"Burning Blood":0}],"Burning Blood":48},"card_choices":[{"not_picked":["Double Tap","Fiend Fire"],"picked":"Immolate","floor":0},{"not_picked":["Havoc","Power Through"],"picked":"Shrug It Off","floor":1},{"not_picked":["Fire Breathing","Sword Boomerang"],"picked":"Perfected Strike","floor":2},{"not_picked":["Infernal Blade","Whirlwind"],"picked":"Perfected Strike","floor":3},{"not_picked":["Iron Wave","Rage","Thunderclap"],"picked":"SKIP","floor":4},{"not_picked":["Clothesline","Armaments","Cleave"],"picked":"SKIP","floor":6},{"not_picked":["Warcry","Headbutt"],"picked":"Dropkick","floor":7},{"not_picked":["Iron Wave","Burning Pact","Corruption"],"picked":"SKIP","floor":12},{"not_picked":["Reckless Charge","Impervious"],"picked":"Evolve","floor":13},{"not_picked":["Feel No Pain","Anger"],"picked":"Spot Weakness","floor":14}],"player_experience":1227785,"relics_obtained":[{"floor":6,"key":"StrikeDummy"},{"floor":9,"key":"Bottled Flame"},{"floor":13,"key":"Nunchaku"}],"event_choices":[{"damage_healed":0,"gold_gain":66,"player_choice":"Gained Gold","damage_taken":0,"max_hp_gain":0,"max_hp_loss":0,"event_name":"Golden Wing","floor":5,"gold_loss":0},{"damage_healed":0,"gold_gain":0,"player_choice":"Lose Max HP","damage_taken":0,"relics_obtained":["Golden Idol"],"max_hp_gain":0,"max_hp_loss":6,"event_name":"Golden Idol","floor":10,"gold_loss":0}],"is_beta":false,"boss_relics":[],"items_purged_floors":[],"is_endless":false,"potions_floor_spawned":[3,6,7,13,14],"killed_by":"The Guardian","ascension_level":19}}