{"host":"vcrofm1hbk0ziuql","time":1609186393,"event":{"mods":["2.2 Compatiblity","BaseMod","Colored Map","DeckTracker","Googly Eyes","Highlight Path","Minty Spire (QoL Compilation)","StSLib"],"gold_per_floor":[118,130,148,148,160,160,194,194,194,46,56,56,56,69,69,165,215,233,60,60,71,85,85,104,118,118,118,135,135,50,0,0,0,0],"floor_reached":33,"playtime":1875,"items_purged":["Strike_B","Doubt","Strike_B"],"score":249,"play_id":"19023fbc-0108-45fd-9145-798733362384","local_time":"20201228201313","is_ascension_mode":false,"campfire_choices":[{"data":"White Noise","floor":6,"key":"SMITH"},{"data":"Stack","floor":8,"key":"SMITH"},{"data":"Static Discharge","floor":13,"key":"SMITH"},{"floor":15,"key":"REST"},{"data":"Self Repair","floor":23,"key":"SMITH"},{"data":"Stack","floor":27,"key":"SMITH"},{"floor":32,"key":"REST"}],"circlet_count":0,"master_deck":["Strike_B","Strike_B+1","Defend_B","Defend_B","Defend_B","Defend_B","Zap+1","Dualcast","Thunder Strike","Ball Lightning","White Noise+1","Stack+1","Static Discharge+1","Conserve Battery","BootSequence","Stack+1","Tempest+1","Self Repair+1","Heatsinks","Loop"],"relics":["Cracked Core","Blood Vial","Tiny House","Smiling Mask","Singing Bowl"],"acts_visited":["Exordium","TheCity"],"potions_floor_usage":[7,11,28,33,33],"damage_taken":[{"damage":1,"enemies":"Cultist","floor":1,"turns":4},{"damage":7,"enemies":"Jaw Worm","floor":2,"turns":4},{"damage":0,"enemies":"2 Louse","floor":3,"turns":2},{"damage":6,"enemies":"2 Fungi Beasts","floor":5,"turns":2},{"damage":29,"enemies":"Gremlin Nob","floor":7,"turns":4},{"damage":6,"enemies":"3 Louse","floor":11,"turns":3},{"damage":13,"enemies":"Exordium Thugs","floor":14,"turns":3},{"damage":14,"enemies":"Slime Boss","floor":16,"turns":8},{"damage":1,"enemies":"Spheric Guardian","floor":18,"turns":4},{"damage":0,"enemies":"Chosen","floor":21,"turns":5},{"damage":21,"enemies":"Centurion and Healer","floor":22,"turns":8},{"damage":20,"enemies":"Snecko","floor":24,"turns":5},{"damage":28,"enemies":"Shelled Parasite and Fungi","floor":25,"turns":4},{"damage":18,"enemies":"Snake Plant","floor":28,"turns":3},{"damage":62,"enemies":"Champ","floor":33,"turns":9}],"seed_played":"-6103694924233605486","potions_obtained":[{"floor":1,"key":"Strength Potion"},{"floor":2,"key":"DistilledChaos"},{"floor":7,"key":"ColorlessPotion"},{"floor":14,"key":"BlessingOfTheForge"},{"floor":16,"key":"EssenceOfDarkness"},{"floor":17,"key":"LiquidBronze"},{"floor":24,"key":"PowerPotion"},{"floor":25,"key":"SpeedPotion"}],"is_trial":false,"path_per_floor":["M","M","M","?","M","R","E","R","T","$","M","$","R","M","R","B",null,"M","$","?","M","M","R","M","M","T","R","M","T","$","?","R","B"],"character_chosen":"DEFECT","items_purchased":["Static Discharge","Static Discharge","Loop"],"campfire_rested":2,"item_purchase_floors":[10,19,30],"current_hp_per_floor":[74,67,67,67,61,61,32,32,32,32,28,28,28,17,39,27,80,79,79,80,80,66,66,58,42,42,42,26,26,26,26,50,0,0],"gold":0,"neow_bonus":"THREE_RARE_CARDS","is_daily":false,"chose_seed":false,"campfire_upgraded":5,"win_rate":0.0,"timestamp":1609186393,"path_taken":["M","?","M","?","?","R","E","R","T","?","M","$","R","M","R","BOSS","M","$","?","M","M","R","M","M","T","R","?","?","?","?","R","BOSS"],"items_purchased_type":["Card","Card","Card"],"build_version":"2020-12-22","purchased_purges":3,"victory":false,"max_hp_per_floor":[75,75,75,75,75,75,75,75,75,75,75,75,75,75,75,75,80,80,80,80,80,80,80,80,80,80,80,80,80,80,80,80,80,80],"card_choices":[{"not_picked":["Meteor Strike","Amplify"],"picked":"Thunder Strike","floor":0},{"not_picked":["Chill","Chaos","Skim"],"picked":"SKIP","floor":1},{"not_picked":["Streamline","Recycle"],"picked":"Ball Lightning","floor":2},{"not_picked":["Redo","Steam"],"picked":"White Noise","floor":3},{"not_picked":["Beam Cell","Compile Driver"],"picked":"Stack","floor":5},{"not_picked":["Rebound","Streamline","Steam"],"picked":"SKIP","floor":7},{"not_picked":["White Noise","Fusion"],"picked":"Conserve Battery","floor":11},{"not_picked":["Glacier","Barrage"],"picked":"BootSequence","floor":14},{"not_picked":["Ball Lightning","Force Field"],"picked":"Stack","floor":17},{"not_picked":["Gash","Rebound"],"picked":"Tempest+1","floor":18},{"not_picked":["Steam Power","Redo+1"],"picked":"Self Repair","floor":21},{"not_picked":["Hologram","Beam Cell","Doom and Gloom"],"picked":"SKIP","floor":22},{"not_picked":["Ball Lightning","Streamline","Aggregate"],"picked":"SKIP","floor":24},{"not_picked":["Barrage","Steam Power"],"picked":"Heatsinks","floor":25},{"not_picked":["Ball Lightning","Darkness","Rebound"],"picked":"SKIP","floor":28}],"player_experience":547492,"relics_obtained":[{"floor":7,"key":"Blood Vial"},{"floor":26,"key":"Smiling Mask"},{"floor":29,"key":"Singing Bowl"}],"event_choices":[{"damage_healed":0,"gold_gain":0,"player_choice":"Upgraded","damage_taken":0,"max_hp_gain":0,"max_hp_loss":0,"event_name":"Upgrade Shrine","floor":4,"gold_loss":0,"cards_upgraded":["Zap"]},{"cards_removed":["Static Discharge"],"damage_healed":1,"gold_gain":0,"player_choice":"Offered Uncommon","damage_taken":0,"max_hp_gain":0,"max_hp_loss":0,"event_name":"Bonfire Elementals","floor":20,"gold_loss":0},{"damage_healed":0,"gold_gain":0,"player_choice":"Paid Fearfully","damage_taken":0,"max_hp_gain":0,"max_hp_loss":0,"event_name":"Masked Bandits","floor":31,"gold_loss":50}],"is_beta":false,"boss_relics":[{"not_picked":["Ectoplasm","Snecko Eye"],"picked":"Tiny House"}],"items_purged_floors":[10,19,30],"is_endless":false,"potions_floor_spawned":[1,2,7,14,16,21,24,25],"killed_by":"Champ","ascension_level":0}}