{"host":"0e3sjn8nzeyxegex","time":1609132894,"event":{"mods":["Act Like it!","AlwaysNeverKeys","BaseMod","Better Altar","Better Note","Better Sensory Stone","Better Skull","Better Third Choice","Better Vampires","Colored Map","Friendly Minions","Minty Spire (QoL Compilation)","Permanent Neow","Quick Restart","StSLib","The Alterego"],"gold_per_floor":[20,32,32,42,52,52,86,86,161,161,186,200,200,232,232,306,306,319,55,73,73,86,86,120,120,145,145,145,156,188,200,200,273,273,293,310,310,327,340,368,77,111,111,144,160,179,179,208,208,208],"floor_reached":51,"playtime":4033,"items_purged":["alterego_mod:Strike","alterego_mod:Strike"],"score":1634,"play_id":"b606cfbe-92f3-4510-a1fb-1899d8895114","local_time":"20201228002134","is_ascension_mode":true,"campfire_choices":[{"data":"alterego_mod:PerceptionDisorder","floor":6.0,"key":"SMITH"},{"data":"alterego_mod:Palingenesis","floor":10.0,"key":"SMITH"},{"floor":13.0,"key":"REST"},{"data":"alterego_mod:Palingenesis+1","floor":15.0,"key":"SMITH"},{"data":"alterego_mod:Palingenesis+2","floor":23.0,"key":"SMITH"},{"data":"alterego_mod:Palingenesis+3","floor":25.0,"key":"SMITH"},{"data":"alterego_mod:BiFurious","floor":27.0,"key":"SMITH"},{"data":"alterego_mod:PresenceConcealment","floor":32.0,"key":"SMITH"},{"data":"alterego_mod:BigMeatyClaws","floor":47.0,"key":"PURGE"},{"data":"alterego_mod:Defend","floor":49.0,"key":"PURGE"}],"circlet_count":0,"master_deck":["AscendersBane","alterego_mod:Defend","alterego_mod:Defend","alterego_mod:BrynhildrsRune","alterego_mod:MagicResistance","alterego_mod:GoddessCore","alterego_mod:PerceptionDisorder+1","alterego_mod:Pet","alterego_mod:GoddessCore","alterego_mod:Palingenesis+4","alterego_mod:Pet","alterego_mod:BiFurious+1","alterego_mod:Bounce","alterego_mod:Birthday","alterego_mod:Birthday","alterego_mod:PerceptionDisorder+1","Good Instincts","Trip","alterego_mod:PresenceConcealment+1","alterego_mod:Bounce","alterego_mod:Pet","alterego_mod:GoddessCore+1","alterego_mod:TrickOrTreatment","alterego_mod:Pet+1","alterego_mod:Cushion+1","alterego_mod:SakuraLabyrinth","alterego_mod:Bounce","alterego_mod:Bounce","alterego_mod:DeftHands+1"],"relics":["alterego_mod:MasochisticConstitution","Unceasing Top","Letter Opener","Regal Pillow","HornCleat","Philosopher\u0027s Stone","Lee\u0027s Waffle","Bag of Marbles","Smiling Mask","Lantern","Fusion Hammer","InkBottle","Bronze Scales","Strawberry","Gambling Chip","Peace Pipe","The Courier"],"acts_visited":["Exordium","TheCity","TheBeyond"],"potions_floor_usage":[50,50],"damage_taken":[{"damage":6.0,"enemies":"2 Louse","floor":1.0,"turns":5.0},{"damage":11.0,"enemies":"Jaw Worm","floor":2.0,"turns":5.0},{"damage":10.0,"enemies":"Cultist","floor":4.0,"turns":4.0},{"damage":8.0,"enemies":"2 Fungi Beasts","floor":5.0,"turns":6.0},{"damage":32.0,"enemies":"Gremlin Nob","floor":7.0,"turns":4.0},{"damage":43.0,"enemies":"3 Sentries","floor":11.0,"turns":11.0},{"damage":2.0,"enemies":"Red Slaver","floor":12.0,"turns":4.0},{"damage":11.0,"enemies":"Lagavulin","floor":14.0,"turns":7.0},{"damage":67.0,"enemies":"Slime Boss","floor":16.0,"turns":13.0},{"damage":34.0,"enemies":"Shell Parasite","floor":18.0,"turns":5.0},{"damage":4.0,"enemies":"3 Byrds","floor":20.0,"turns":5.0},{"damage":24.0,"enemies":"Cultist and Chosen","floor":22.0,"turns":5.0},{"damage":93.0,"enemies":"Gremlin Leader","floor":24.0,"turns":13.0},{"damage":6.0,"enemies":"Centurion and Healer","floor":29.0,"turns":5.0},{"damage":37.0,"enemies":"Slavers","floor":30.0,"turns":5.0},{"damage":6.0,"enemies":"3 Cultists","floor":31.0,"turns":4.0},{"damage":4.0,"enemies":"Champ","floor":33.0,"turns":9.0},{"damage":34.0,"enemies":"3 Darklings","floor":35.0,"turns":6.0},{"damage":32.0,"enemies":"Orb Walker","floor":36.0,"turns":4.0},{"damage":15.0,"enemies":"Spire Growth","floor":38.0,"turns":6.0},{"damage":16.0,"enemies":"Sphere and 2 Shapes","floor":39.0,"turns":4.0},{"damage":40.0,"enemies":"Giant Head","floor":40.0,"turns":7.0},{"damage":45.0,"enemies":"Reptomancer","floor":42.0,"turns":9.0},{"damage":26.0,"enemies":"Nemesis","floor":44.0,"turns":5.0},{"damage":9.0,"enemies":"4 Shapes","floor":45.0,"turns":6.0},{"damage":0.0,"enemies":"Jaw Worm Horde","floor":46.0,"turns":5.0},{"damage":4.0,"enemies":"Giant Head","floor":48.0,"turns":6.0},{"damage":58,"enemies":"Time Eater","floor":50,"turns":9}],"seed_played":"-7311458350897732702","potions_obtained":[{"floor":2.0,"key":"Explosive Potion"},{"floor":7.0,"key":"LiquidMemories"},{"floor":11.0,"key":"DistilledChaos"},{"floor":20.0,"key":"Swift Potion"},{"floor":22.0,"key":"LiquidBronze"},{"floor":29.0,"key":"GamblersBrew"},{"floor":30.0,"key":"GamblersBrew"},{"floor":36.0,"key":"DuplicationPotion"},{"floor":38.0,"key":"SpeedPotion"},{"floor":39.0,"key":"Regen Potion"},{"floor":44.0,"key":"Swift Potion"}],"is_trial":false,"path_per_floor":["M","M","?","M","M","R","E","?","T","R","E","M","R","E","R","B",null,"M","$","M","?","M","R","E","R","T","R","?","M","E","M","R","B",null,"M","M","?","M","M","E","$","E","T","E","M","M","R","E","R","B",null],"character_chosen":"The_Alterego","items_purchased":["Lee\u0027s Waffle","alterego_mod:Birthday","Bronze Scales","alterego_mod:SakuraLabyrinth"],"campfire_rested":1,"item_purchase_floors":[19,19,41,41],"current_hp_per_floor":[66,63,63,61,68,68,37,37,37,37,16,22,58,55,55,31,63,37,82,83,83,69,69,51,51,51,51,51,57,39,59,59,67,84,86,63,63,63,59,41,41,60,60,53,73,98,98,105,105,69],"gold":208,"neow_bonus":"TRANSFORM_TWO_CARDS","is_daily":false,"chose_seed":false,"campfire_upgraded":7,"win_rate":0.0,"timestamp":1609132894,"path_taken":["M","M","?","M","M","R","E","?","T","R","E","M","R","E","R","BOSS","M","$","M","?","M","R","E","R","T","R","?","M","E","M","R","BOSS","M","M","?","M","M","E","$","E","T","E","M","M","R","E","R","BOSS"],"items_purchased_type":["Relic","Card","Relic","Card"],"build_version":"2020-12-22","purchased_purges":2,"victory":true,"max_hp_per_floor":[66,67,67,68,69,69,70,70,70,70,71,72,72,73,73,74,74,75,82,83,83,84,84,85,85,85,85,85,86,87,88,88,89,89,90,91,91,92,93,94,94,102,102,103,104,104,104,105,105,106],"card_choices":[{"not_picked":["alterego_mod:Complex","alterego_mod:IndependentAction"],"picked":"alterego_mod:PerceptionDisorder","floor":1.0},{"not_picked":["alterego_mod:Table","alterego_mod:Valentines"],"picked":"alterego_mod:Pet","floor":2.0},{"not_picked":["alterego_mod:Skirt","alterego_mod:Crossover","alterego_mod:TrashNCrash"],"picked":"SKIP","floor":4.0},{"not_picked":["alterego_mod:Cooking","alterego_mod:BusterCard"],"picked":"alterego_mod:GoddessCore","floor":5.0},{"not_picked":["alterego_mod:DiscoLights","alterego_mod:IndependentAction"],"picked":"alterego_mod:Palingenesis","floor":7.0},{"not_picked":["alterego_mod:MagicResistance","alterego_mod:TrashNCrash"],"picked":"alterego_mod:Pet","floor":11.0},{"not_picked":["alterego_mod:1TonWallop","alterego_mod:Nekomimi"],"picked":"alterego_mod:BiFurious","floor":12.0},{"not_picked":["alterego_mod:HighServant","alterego_mod:BusterCard"],"picked":"alterego_mod:Bounce","floor":14.0},{"not_picked":["alterego_mod:Clap","alterego_mod:DustData"],"picked":"alterego_mod:Birthday","floor":18.0},{"not_picked":["alterego_mod:Clap","alterego_mod:Valentines"],"picked":"alterego_mod:PerceptionDisorder+1","floor":20.0},{"not_picked":["Jack Of All Trades","Secret Weapon"],"picked":"Good Instincts","floor":21.0},{"not_picked":["Magnetism","HandOfGreed"],"picked":"Trip","floor":21.0},{"not_picked":["alterego_mod:Maid","alterego_mod:HighServant+1"],"picked":"alterego_mod:PresenceConcealment","floor":22.0},{"not_picked":["alterego_mod:BustOut","alterego_mod:Jiggle"],"picked":"alterego_mod:Bounce","floor":24.0},{"not_picked":["alterego_mod:PerceptionDisorder","alterego_mod:Mirror"],"picked":"alterego_mod:GoddessCore+1","floor":29.0},{"not_picked":["alterego_mod:ClassAdvantage","alterego_mod:DiscoLights","alterego_mod:Valentines"],"picked":"SKIP","floor":30.0},{"not_picked":["alterego_mod:Collar+1","alterego_mod:Smother","alterego_mod:Skirt"],"picked":"SKIP","floor":31.0},{"not_picked":["alterego_mod:SideboobHour","alterego_mod:RingBreak"],"picked":"alterego_mod:TrickOrTreatment","floor":33.0},{"not_picked":["alterego_mod:Valentines","alterego_mod:Mirror","alterego_mod:IndependentAction"],"picked":"SKIP","floor":35.0},{"not_picked":["alterego_mod:GoddessCore","alterego_mod:Mirror+1","alterego_mod:Jiggle"],"picked":"SKIP","floor":36.0},{"not_picked":["alterego_mod:GachaTicket","alterego_mod:TrashNCrash"],"picked":"alterego_mod:Pet+1","floor":38.0},{"not_picked":["alterego_mod:Clap","alterego_mod:Pet","alterego_mod:Undulate"],"picked":"SKIP","floor":39.0},{"not_picked":["alterego_mod:RingBreak","alterego_mod:Schoolgirl"],"picked":"alterego_mod:Cushion+1","floor":40.0},{"not_picked":["alterego_mod:Complex","alterego_mod:DeftHands"],"picked":"alterego_mod:Bounce","floor":42.0},{"not_picked":["alterego_mod:BustOut","alterego_mod:Bloomers","alterego_mod:Rip"],"picked":"SKIP","floor":44.0},{"not_picked":["alterego_mod:PerceptionDisorder","alterego_mod:MagicResistance"],"picked":"alterego_mod:Bounce","floor":45.0},{"not_picked":["alterego_mod:Maid","alterego_mod:Clap+1","alterego_mod:Skirt"],"picked":"SKIP","floor":46.0},{"not_picked":["alterego_mod:Cycle","alterego_mod:HighServant"],"picked":"alterego_mod:DeftHands+1","floor":48.0}],"player_experience":1139305,"relics_obtained":[{"floor":7.0,"key":"Unceasing Top"},{"floor":9.0,"key":"Letter Opener"},{"floor":11.0,"key":"Regal Pillow"},{"floor":14.0,"key":"HornCleat"},{"floor":24.0,"key":"Bag of Marbles"},{"floor":26.0,"key":"Smiling Mask"},{"floor":30.0,"key":"Lantern"},{"floor":40.0,"key":"InkBottle"},{"floor":42.0,"key":"Strawberry"},{"floor":43.0,"key":"Gambling Chip"},{"floor":44.0,"key":"Peace Pipe"},{"floor":48.0,"key":"The Courier"}],"event_choices":[{"cards_removed":["alterego_mod:Defend"],"damage_healed":0.0,"max_hp_gain":0.0,"max_hp_loss":0.0,"gold_gain":0.0,"event_name":"Living Wall","player_choice":"Forget","floor":3.0,"gold_loss":0.0,"damage_taken":0.0},{"damage_healed":0.0,"max_hp_gain":0.0,"max_hp_loss":0.0,"gold_gain":2.0,"event_name":"betterStone:BetterStone","player_choice":"1","floor":21.0,"gold_loss":0.0,"damage_taken":0.0},{"damage_healed":0.0,"max_hp_gain":0.0,"max_hp_loss":0.0,"gold_gain":0.0,"cards_transformed":["alterego_mod:Strike"],"event_name":"Transmorgrifier","player_choice":"Transformed","floor":28.0,"gold_loss":0.0,"damage_taken":0.0,"cards_obtained":["alterego_mod:Pet"]},{"damage_healed":0.0,"max_hp_gain":0.0,"max_hp_loss":0.0,"gold_gain":0.0,"event_name":"Tomb of Lord Red Mask","player_choice":"Ignored","floor":37.0,"gold_loss":0.0,"damage_taken":0.0}],"is_beta":false,"boss_relics":[{"not_picked":["Velvet Choker","Empty Cage"],"picked":"Philosopher\u0027s Stone"},{"not_picked":["Calling Bell","Black Star"],"picked":"Fusion Hammer"}],"items_purged_floors":[19,41],"is_endless":false,"potions_floor_spawned":[2,7,11,20,22,29,30,36,38,39,44,46],"ascension_level":16}}