{"host":"ic2t2jxz7s3jvs1m","time":1609122613,"event":{"mods":["AchievementEnabler","Aspiration","BaseMod","Better Third Choice","Block Reminder","Colored Map","Conspire","Curses Come First","Downfall","Energized Spire","Halation","Hubris","Infinite Spire","Jess\u0027s Bottle","Minty Spire (QoL Compilation)","Quick Restart","Relic Stats","Replay The Spire","SacredBarkPlus","Small Relic Pack","StSLib","The Blue Laboratory","Trackpad","Transform Curses","Uncapped","vexMod"],"gold_per_floor":[111,111,111,14,14,14,14,42,93,93,104,115,190,12,12,109,209,225,426,444,394,394,394,404,419,444,444,461,461,480,480,480,585,585,595,595,452,452,304,304,304,304,304],"floor_reached":42,"playtime":5764,"items_purged":[],"score":465,"play_id":"90cd0152-4165-4c28-bdb0-984e703d4a2b","local_time":"20201227203013","is_ascension_mode":false,"campfire_choices":[{"data":"Metallicize","floor":6.0,"key":"SMITH"},{"floor":15.0,"key":"DIG"},{"data":"Demon Form","floor":23,"key":"SMITH"},{"floor":29,"key":"REST"},{"floor":32,"key":"REST"}],"circlet_count":0,"master_deck":["Demonic Infusion+1","conspire:GhostlyStrike","conspire:GhostlyStrike","conspire:GhostlyStrike","conspire:GhostlyStrike","conspire:GhostlyDefend","conspire:GhostlyDefend","conspire:GhostlyDefend","conspire:GhostlyDefend","Bash","Metallicize+1","Iron Wave","Dramatic Entrance","Second Wind","Battle Trance","Whirlwind","Metallicize+1","Demon Form+1","conspire:ExplosiveBarrier","Thunderclap","Rampage","conspire:SpireCoStock","Eclipse","Pommel Strike","Insight","Berserk","Bloodletting","Berserk","relicPack:StarPlatinum","Flex+1","Madness","Madness"],"relics":["Burning Blood","hubris:Icosahedron","halation:EternalFortune","Omamori","Bag of Marbles","hubris:Towel","DollysMirror","hubris:Zylophone","Replay:Wanted Poster","Replay:Mystery Machine","hubris:MedicalManual","trackpad:DemonHeart","relicPack:StarArrow","Toy Ornithopter","Bronze Scales"],"acts_visited":["Exordium","TheCity","TheBeyond"],"potions_floor_usage":[33],"damage_taken":[{"damage":12.0,"enemies":"Small Slimes","floor":1.0,"turns":5.0},{"damage":14.0,"enemies":"3 Sentries","floor":8.0,"turns":16.0},{"damage":1.0,"enemies":"Jaw Worm","floor":11.0,"turns":3.0},{"damage":0.0,"enemies":"2 Louse","floor":12.0,"turns":2.0},{"damage":38.0,"enemies":"The Guardian","floor":16.0,"turns":13.0},{"damage":8,"enemies":"Shell Parasite","floor":18,"turns":6},{"damage":16,"enemies":"3 Byrds","floor":20,"turns":5},{"damage":10,"enemies":"3 Cultists","floor":24,"turns":5},{"damage":25,"enemies":"Sentry and Sphere","floor":25,"turns":6},{"damage":15,"enemies":"Cultist and Chosen","floor":28,"turns":5},{"damage":17,"enemies":"Snecko","floor":30,"turns":6},{"damage":11,"enemies":"conspire:MysteriousRune","floor":33,"turns":8},{"damage":12,"enemies":"3 Shapes","floor":35,"turns":7},{"damage":69,"enemies":"Reptomancer","floor":42,"turns":4}],"seed_played":"4836155881444497505","potions_obtained":[{"floor":8.0,"key":"blueLaboratory:Moonshine"},{"floor":18,"key":"blueLaboratory:HorrorPotion"},{"floor":25,"key":"blueLaboratory:AbyssPotion"},{"floor":28,"key":"SkillPotion"},{"floor":35,"key":"Explosive Potion"}],"is_trial":false,"path_per_floor":["M","?","?","$","?","R","$","E","T","?","M","M","?","$","R_BF","B",null,"M","?","M","?","?","R","M","M","T","?","M","R","M","AVR","R","B",null,"M","?","$","?","$","PTL","PTL","E"],"character_chosen":"IRONCLAD","items_purchased":["Dramatic Entrance","Whirlwind","DollysMirror","Toy Ornithopter","Bronze Scales"],"campfire_rested":2,"item_purchase_floors":[4,14,14,37,39],"current_hp_per_floor":[74,74,74,74,77,77,77,69,69,69,74,80,69,69,69,37,83,81,61,51,51,83,83,79,60,60,60,51,75,64,64,83,78,83,77,77,77,67,67,67,67,0,0],"gold":304,"neow_bonus":"RANDOM_EVENT","is_daily":false,"chose_seed":false,"campfire_upgraded":2,"win_rate":0.0,"timestamp":1609122613,"path_taken":["M","?","?","$","?","R","?","E","T","?","?","M","?","?","R_BF","BOSS","M","?","M","?","?","R","M","?","T","?","M","R","M","AVR","R","BOSS","M","?","$","?","?","PTL","PTL","E"],"items_purchased_type":["Card","Card","Relic","Relic","Relic"],"build_version":"2020-12-22","purchased_purges":0,"victory":false,"max_hp_per_floor":[80,80,80,80,83,83,83,83,83,83,83,83,83,83,83,83,83,83,83,83,83,83,83,83,83,83,83,83,83,83,83,83,83,83,83,83,83,83,83,83,83,83,83],"relic_stats":{"counters":[14,91],"Bronze Scales":[9],"obtain_stats":[{"relicPack:StarArrow":34,"hubris:MedicalManual":31,"Omamori":8,"hubris:Towel":10,"Replay:Mystery Machine":26,"Burning Blood":0,"hubris:Zylophone":15,"Replay:Wanted Poster":17,"hubris:Icosahedron":2,"trackpad:DemonHeart":31,"DollysMirror":14,"Bronze Scales":39,"halation:EternalFortune":5,"Bag of Marbles":9,"Toy Ornithopter":37},{"relicPack:StarArrow":12,"hubris:MedicalManual":11,"Omamori":2,"hubris:Towel":2,"Replay:Mystery Machine":9,"Burning Blood":0,"hubris:Zylophone":4,"Replay:Wanted Poster":5,"hubris:Icosahedron":1,"trackpad:DemonHeart":11,"DollysMirror":4,"Bronze Scales":13,"halation:EternalFortune":1,"Bag of Marbles":2,"Toy Ornithopter":13},{"relicPack:StarArrow":80,"hubris:MedicalManual":72,"Omamori":21,"hubris:Towel":21,"Replay:Mystery Machine":61,"Burning Blood":0,"hubris:Zylophone":26,"Replay:Wanted Poster":39,"hubris:Icosahedron":5,"trackpad:DemonHeart":72,"DollysMirror":26,"Bronze Scales":87,"halation:EternalFortune":5,"Bag of Marbles":21,"Toy Ornithopter":87}],"Burning Blood":78,"Toy Ornithopter":0},"card_choices":[{"not_picked":["Evolve","Havoc"],"picked":"Iron Wave","floor":1.0},{"not_picked":["Life Link","Headbutt"],"picked":"Second Wind","floor":8.0},{"not_picked":["ReplayTheSpireMod:Corrosion Curse","Pommel Strike"],"picked":"hubris:SharpeningStone","floor":11.0},{"not_picked":["Life Link","Perfected Strike"],"picked":"Battle Trance","floor":12.0},{"not_picked":["Feed","hubris:StunningStrike"],"picked":"Demon Form","floor":16.0},{"not_picked":["Warcry","Intimidate"],"picked":"conspire:ExplosiveBarrier","floor":18},{"not_picked":["ReplayTheSpireMod:Strike From Hell","Body Slam"],"picked":"Thunderclap","floor":19},{"not_picked":["Burning Pact","Blood for Blood"],"picked":"Rampage","floor":20},{"not_picked":["True Grit","Clothesline"],"picked":"Eclipse","floor":24},{"not_picked":["Havoc","Body Slam"],"picked":"Pommel Strike","floor":25},{"not_picked":["Sword Boomerang","Replay:Undeath\u0027s Touch"],"picked":"Berserk","floor":28},{"not_picked":["Battle Trance","Thunderclap"],"picked":"Bloodletting","floor":30},{"not_picked":["hubris:StunningStrike","Corruption"],"picked":"Berserk","floor":33},{"not_picked":["hubris:ReadiedAction","Headbutt+1"],"picked":"Flex+1","floor":35}],"player_experience":258144,"relics_obtained":[{"floor":8.0,"key":"Omamori"},{"floor":9.0,"key":"Bag of Marbles"},{"floor":15.0,"key":"hubris:Zylophone"},{"floor":26,"key":"Replay:Mystery Machine"}],"event_choices":[{"damage_healed":0.0,"max_hp_gain":0.0,"max_hp_loss":0.0,"gold_gain":0.0,"cards_transformed":["Strike_R"],"event_name":"Living Wall","player_choice":"Change","floor":0.0,"gold_loss":0.0,"damage_taken":0.0,"cards_obtained":["Metallicize"]},{"damage_healed":0.0,"max_hp_gain":0.0,"max_hp_loss":0.0,"gold_gain":0.0,"event_name":"conspire:LoneGhost","player_choice":"Agree","floor":3.0,"gold_loss":0.0,"damage_taken":0.0},{"damage_healed":0.0,"max_hp_gain":0.0,"max_hp_loss":0.0,"gold_gain":75.0,"event_name":"betterThird:BetterGoop","player_choice":"Gold","floor":13.0,"gold_loss":0.0,"damage_taken":11.0},{"damage_healed":0,"gold_gain":0,"player_choice":"Invest 1","damage_taken":0,"max_hp_gain":0,"max_hp_loss":0,"event_name":"conspire:Investor","floor":21,"gold_loss":0},{"cards_removed":["hubris:SharpeningStone"],"damage_healed":32,"gold_gain":0,"player_choice":"Offered Uncommon","damage_taken":0,"max_hp_gain":0,"max_hp_loss":0,"event_name":"Bonfire Elementals","floor":22,"gold_loss":0},{"damage_healed":0,"gold_gain":0,"player_choice":"Insight","damage_taken":0,"max_hp_gain":0,"max_hp_loss":0,"event_name":"betterThird:BetterWriting","floor":27,"gold_loss":0,"cards_obtained":["Insight"]},{"damage_healed":0,"gold_gain":0,"player_choice":"Ignored","damage_taken":0,"max_hp_gain":0,"max_hp_loss":0,"event_name":"Tomb of Lord Red Mask","floor":36,"gold_loss":0},{"damage_healed":0,"gold_gain":0,"player_choice":"Embrace Madness","damage_taken":10,"max_hp_gain":0,"max_hp_loss":0,"event_name":"Winding Halls","floor":38,"gold_loss":0,"cards_obtained":["Madness","Madness"]}],"is_beta":false,"boss_relics":[{"not_picked":["vexMod:RockOfEvil","halation:Yufonium"],"picked":"Replay:Wanted Poster"},{"not_picked":["energizedSpire:NeverEndingSparkler","aspiration:RunicSpoon"],"picked":"relicPack:StarArrow"}],"items_purged_floors":[],"is_endless":false,"potions_floor_spawned":[8,18,25,28,35],"killed_by":"Reptomancer","ascension_level":0}}