{"host":"l2821e3dgmq4sghh","time":1609117414,"event":{"mods":["BaseMod","Colored Powertips","Minty Spire (QoL Compilation)","StSLib"],"gold_per_floor":[110,122,44,63,74,100,116,143,197,229,248,268,17,48,48,151,151,163,73,87,87,87,113,113,143,143,160,160],"floor_reached":27,"playtime":2757,"items_purged":[],"score":431,"play_id":"cd10b94f-f763-44ce-9871-02795ab3baf1","local_time":"20201228020334","is_ascension_mode":true,"campfire_choices":[{"data":"Noxious Fumes","floor":15,"key":"SMITH"},{"data":"Neutralize","floor":24,"key":"SMITH"}],"circlet_count":0,"master_deck":["Strike_G","Strike_G","Strike_G+1","Strike_G","Defend_G+1","Defend_G","Defend_G","Defend_G","Defend_G","Survivor","Neutralize+1","Backstab","Noxious Fumes+1","Masterful Stab","Quick Slash","Backflip+1","Dagger Spray","Slice","PiercingWail","Deflect","Blade Dance","Cloak And Dagger","Acrobatics","Blade Dance"],"relics":["WristBlade","Gremlin Horn","Vajra","Mercury Hourglass","HornCleat","PreservedInsect","Sozu","MutagenicStrength","Nloth\u0027s Gift","MealTicket"],"acts_visited":["Exordium","TheCity"],"potions_floor_usage":[10],"damage_taken":[{"damage":0.0,"enemies":"Cultist","floor":1.0,"turns":4.0},{"damage":0.0,"enemies":"2 Louse","floor":2.0,"turns":2.0},{"damage":6.0,"enemies":"Jaw Worm","floor":4.0,"turns":2.0},{"damage":0.0,"enemies":"Lots of Slimes","floor":5.0,"turns":4.0},{"damage":5.0,"enemies":"3 Sentries","floor":6.0,"turns":8.0},{"damage":0.0,"enemies":"Exordium Thugs","floor":7.0,"turns":3.0},{"damage":5.0,"enemies":"Lagavulin","floor":8.0,"turns":4.0},{"damage":17,"enemies":"3 Sentries","floor":10,"turns":5},{"damage":0,"enemies":"3 Louse","floor":11,"turns":1},{"damage":0,"enemies":"2 Fungi Beasts","floor":12,"turns":1},{"damage":0,"enemies":"Gremlin Nob","floor":14,"turns":2},{"damage":0,"enemies":"Slime Boss","floor":16,"turns":5},{"damage":2,"enemies":"Chosen","floor":18,"turns":3},{"damage":0,"enemies":"Shell Parasite","floor":20,"turns":2},{"damage":0,"enemies":"Book of Stabbing","floor":23,"turns":2},{"damage":0,"enemies":"Gremlin Leader","floor":25,"turns":2},{"damage":1,"enemies":"Shelled Parasite and Fungi","floor":27,"turns":4}],"seed_played":"1150554103761172915","potions_obtained":[{"floor":1.0,"key":"Swift Potion"},{"floor":5.0,"key":"CunningPotion"},{"floor":6.0,"key":"SkillPotion"},{"floor":8,"key":"ColorlessPotion"},{"floor":14,"key":"Block Potion"}],"is_trial":false,"path_per_floor":["M","M","$","M","M","E","M","E","T","E","M","M","$","E","R","B",null,"M","?","M","?","?","E","R","E","T","M"],"character_chosen":"THE_SILENT","items_purchased":["Masterful Stab","HornCleat"],"campfire_rested":0,"item_purchase_floors":[3,13],"current_hp_per_floor":[70,70,70,64,64,59,59,54,54,37,37,37,37,37,37,37,70,68,68,68,68,68,68,68,68,68,67,67],"gold":160,"neow_bonus":"BOSS_RELIC","is_daily":false,"chose_seed":false,"campfire_upgraded":2,"win_rate":0.0,"timestamp":1609117414,"path_taken":["M","M","$","M","?","E","M","E","T","E","M","M","$","E","R","BOSS","M","?","?","?","?","E","R","E","T","M"],"items_purchased_type":["Card","Relic"],"build_version":"2020-12-22","purchased_purges":0,"victory":false,"max_hp_per_floor":[70,70,70,70,70,70,70,70,70,70,70,70,70,70,70,70,70,70,70,70,70,70,70,70,70,70,70,70],"card_choices":[{"not_picked":["Escape Plan","Accuracy"],"picked":"Backstab","floor":1.0},{"not_picked":["Underhanded Strike","Dagger Throw"],"picked":"Noxious Fumes","floor":2.0},{"not_picked":["Underhanded Strike","Acrobatics"],"picked":"Quick Slash","floor":4.0},{"not_picked":["Expertise","Deadly Poison"],"picked":"Backflip","floor":5.0},{"not_picked":["Backflip","Escape Plan"],"picked":"Dagger Spray","floor":6.0},{"not_picked":["Heel Hook","Bane"],"picked":"Slice","floor":7.0},{"not_picked":["Concentrate","Footwork"],"picked":"PiercingWail","floor":8},{"not_picked":["Distraction","Bane"],"picked":"Deflect","floor":10},{"not_picked":["Flechettes","Leg Sweep","Burst"],"picked":"SKIP","floor":11},{"not_picked":["Backflip","Quick Slash"],"picked":"Blade Dance","floor":12},{"not_picked":["Footwork","Crippling Poison"],"picked":"Cloak And Dagger","floor":14},{"not_picked":["PiercingWail","Poisoned Stab"],"picked":"Acrobatics","floor":18},{"not_picked":["Reflex","Acrobatics+1"],"picked":"Blade Dance","floor":20},{"not_picked":["Adrenaline","Malaise","Night Terror"],"picked":"SKIP","floor":23},{"not_picked":["Outmaneuver","Bane","Finisher"],"picked":"SKIP","floor":25}],"player_experience":5391854,"relics_obtained":[{"floor":6.0,"key":"Gremlin Horn"},{"floor":8,"key":"Vajra"},{"floor":9,"key":"War Paint"},{"floor":10,"key":"Mercury Hourglass"},{"floor":14,"key":"PreservedInsect"},{"floor":23,"key":"MealTicket"}],"event_choices":[{"cards_removed":["Strike_G"],"damage_healed":0,"gold_gain":0,"player_choice":"Upgrade and Remove","damage_taken":0,"max_hp_gain":0,"max_hp_loss":0,"event_name":"Designer","floor":19,"gold_loss":90,"cards_upgraded":["Strike_G"]},{"damage_healed":0,"gold_gain":0,"player_choice":"Inject Mutagens","damage_taken":0,"relics_obtained":["MutagenicStrength"],"max_hp_gain":0,"max_hp_loss":0,"event_name":"Drug Dealer","floor":21,"gold_loss":0},{"damage_healed":0,"gold_gain":0,"player_choice":"Traded Relic","damage_taken":0,"relics_obtained":["Nloth\u0027s Gift"],"max_hp_gain":0,"max_hp_loss":0,"event_name":"N\u0027loth","floor":22,"relics_lost":["War Paint"],"gold_loss":0}],"is_beta":false,"boss_relics":[{"not_picked":["SacredBark","Black Star"],"picked":"Sozu"}],"items_purged_floors":[],"is_endless":false,"potions_floor_spawned":[1,5,6,8,14,20,23,27],"killed_by":"Shelled Parasite and Fungi","ascension_level":1}}