{"host":"tfkz8stxzb1up54p","time":1609177289,"event":{"mods":["AchievementEnabler","BaseMod","Block Reminder","Colored Powertips","Disable Question Mark Monsters","Emptier Cage","Gold Saver","Gremlin Skip","Highlight Path","Minty Spire (QoL Compilation)","Permanent Neow","StSLib"],"gold_per_floor":[216,216,230,210,221,255,269,298,298,125,125,140,140,167,167,246,246,260,260,275,275,275,275,289,339,362,362,397,672,690,704,704,704,704],"floor_reached":33,"playtime":2174,"items_purged":[],"score":600,"play_id":"a8ef5e2c-5c89-40f2-a346-cc1d05094d47","local_time":"20201228174129","is_ascension_mode":true,"campfire_choices":[{"floor":11,"key":"REST"},{"floor":15,"key":"REST"},{"floor":23,"key":"REST"},{"floor":32,"key":"REST"}],"circlet_count":0,"master_deck":["AscendersBane","Strike_B","Strike_B","Strike_B","Strike_B","Defend_B","Defend_B","Defend_B","Zap+1","Sunder+1","Darkness","Steam","Tempest","Compile Driver+1","Reinforced Body","Cold Snap","Ball Lightning","Double Energy","Multi-Cast","Leap+1","Compile Driver","Compile Driver+1","Writhe","Ball Lightning","Regret","Meteor Strike"],"relics":["Cracked Core","Pen Nib","InkBottle","Lizard Tail","Whetstone","Thread and Needle","Bag of Marbles","Nuclear Battery","Happy Flower","Du-Vu Doll","Vajra"],"acts_visited":["Exordium","TheCity"],"potions_floor_usage":[6,7,8,18,24,31,31],"damage_taken":[{"damage":2,"enemies":"2 Louse","floor":1,"turns":3},{"damage":7,"enemies":"Jaw Worm","floor":3,"turns":3},{"damage":1,"enemies":"Cultist","floor":5,"turns":3},{"damage":19,"enemies":"Lagavulin","floor":6,"turns":6},{"damage":0,"enemies":"Lots of Slimes","floor":7,"turns":2},{"damage":21,"enemies":"3 Sentries","floor":8,"turns":6},{"damage":4,"enemies":"3 Louse","floor":12,"turns":2},{"damage":22,"enemies":"The Guardian","floor":16,"turns":8},{"damage":16,"enemies":"Shell Parasite","floor":18,"turns":3},{"damage":16,"enemies":"3 Byrds","floor":20,"turns":3},{"damage":14,"enemies":"3 Cultists","floor":24,"turns":6},{"damage":0,"enemies":"Slavers","floor":28,"turns":3},{"damage":0,"enemies":"Chosen and Byrds","floor":30,"turns":3},{"damage":6,"enemies":"Snake Plant","floor":31,"turns":3},{"damage":114,"enemies":"Automaton","floor":33,"turns":10}],"seed_played":"6542730716928452378","potions_obtained":[{"floor":1,"key":"AttackPotion"},{"floor":4,"key":"LiquidMemories"},{"floor":5,"key":"Explosive Potion"},{"floor":7,"key":"Energy Potion"},{"floor":16,"key":"GamblersBrew"},{"floor":20,"key":"ColorlessPotion"},{"floor":28,"key":"LiquidBronze"},{"floor":30,"key":"Regen Potion"}],"is_trial":false,"path_per_floor":["M","?","M","?","M","E","M","E","T","$","R","M","?","T","R","B",null,"M","$","M","?","?","R","M","?","T","?","E","?","M","M","R","B"],"character_chosen":"DEFECT","items_purchased":["Whetstone"],"campfire_rested":4,"item_purchase_floors":[10],"current_hp_per_floor":[62,62,55,55,54,35,35,14,14,14,33,29,18,18,37,15,52,36,36,20,33,33,52,38,38,38,38,38,38,38,37,56,0,0],"gold":704,"neow_bonus":"TRANSFORM_TWO_CARDS","is_daily":false,"chose_seed":false,"campfire_upgraded":0,"win_rate":0.0,"timestamp":1609177289,"path_taken":["M","?","M","?","M","E","?","E","T","$","R","?","?","?","R","BOSS","M","$","M","?","?","R","?","?","T","?","E","?","?","M","R","BOSS"],"items_purchased_type":["Relic"],"build_version":"2020-12-22","purchased_purges":0,"victory":false,"max_hp_per_floor":[64,64,64,64,64,64,64,64,64,64,64,64,64,64,64,64,64,64,64,64,64,64,64,64,64,64,64,64,64,64,64,64,64,64],"card_choices":[{"not_picked":["Scrape","Redo"],"picked":"Steam","floor":1},{"not_picked":["Storm","Defragment"],"picked":"Tempest","floor":3},{"not_picked":["Aggregate","Coolheaded"],"picked":"Compile Driver","floor":5},{"not_picked":["Amplify","Electrodynamics"],"picked":"Reinforced Body","floor":6},{"not_picked":["Redo","FTL"],"picked":"Cold Snap","floor":7},{"not_picked":["Heatsinks","Rip and Tear"],"picked":"Ball Lightning","floor":8},{"not_picked":["Stack","FTL"],"picked":"Double Energy","floor":12},{"not_picked":["Buffer","Machine Learning"],"picked":"Multi-Cast","floor":16},{"not_picked":["Go for the Eyes","Recycle+1"],"picked":"Leap+1","floor":18},{"not_picked":["Stack","Coolheaded"],"picked":"Compile Driver","floor":20},{"not_picked":["Beam Cell","Leap"],"picked":"Compile Driver+1","floor":24},{"not_picked":["FTL","Sunder"],"picked":"Ball Lightning","floor":28},{"not_picked":["Stack","Rebound","Streamline"],"picked":"SKIP","floor":30},{"not_picked":["Capacitor","Hello World"],"picked":"Meteor Strike","floor":31}],"player_experience":1262800,"relics_obtained":[{"floor":6,"key":"Pen Nib"},{"floor":8,"key":"InkBottle"},{"floor":9,"key":"Lizard Tail"},{"floor":14,"key":"Bag of Marbles"},{"floor":26,"key":"Happy Flower"},{"floor":28,"key":"Vajra"}],"event_choices":[{"damage_healed":0,"gold_gain":0,"player_choice":"Grow","damage_taken":0,"max_hp_gain":0,"max_hp_loss":0,"event_name":"Living Wall","floor":2,"gold_loss":0,"cards_upgraded":["Zap"]},{"damage_healed":0,"gold_gain":0,"player_choice":"Bought 1 Potion","damage_taken":0,"max_hp_gain":0,"max_hp_loss":0,"event_name":"The Woman in Blue","floor":4,"gold_loss":0},{"damage_healed":0,"gold_gain":0,"player_choice":"Success","damage_taken":11,"relics_obtained":["Thread and Needle"],"max_hp_gain":0,"max_hp_loss":0,"event_name":"Scrap Ooze","floor":13,"gold_loss":0},{"damage_healed":13,"gold_gain":0,"player_choice":"Heal","damage_taken":0,"max_hp_gain":0,"max_hp_loss":0,"event_name":"The Library","floor":21,"gold_loss":0},{"damage_healed":0,"gold_gain":0,"player_choice":"Ignored","damage_taken":0,"max_hp_gain":0,"max_hp_loss":0,"event_name":"Cursed Tome","floor":22,"gold_loss":0},{"damage_healed":0,"gold_gain":50,"player_choice":"Stole From Cult","damage_taken":0,"max_hp_gain":0,"max_hp_loss":0,"event_name":"Nest","floor":25,"gold_loss":0},{"damage_healed":0,"gold_gain":0,"player_choice":"Opened","damage_taken":0,"relics_obtained":["Du-Vu Doll"],"max_hp_gain":0,"max_hp_loss":0,"event_name":"The Mausoleum","floor":27,"gold_loss":0,"cards_obtained":["Writhe"]},{"damage_healed":0,"gold_gain":275,"player_choice":"Desecrate","damage_taken":0,"max_hp_gain":0,"max_hp_loss":0,"event_name":"Golden Shrine","floor":29,"gold_loss":0,"cards_obtained":["Regret"]}],"is_beta":false,"boss_relics":[{"not_picked":["Sozu","Busted Crown"],"picked":"Nuclear Battery"}],"items_purged_floors":[],"is_endless":false,"potions_floor_spawned":[1,5,7,16,20,28,30],"killed_by":"Automaton","ascension_level":20}}