{"host":"w6bv7e6dabj27l4i","time":1609122954,"event":{"mods":["Act Like it!","BaseMod","Colored Map","Custom Start","Downfall","Minty Spire (QoL Compilation)","Quick Restart","StSLib","Synergy Search","Unceasing Turn Reminder","slay the spire mod where everything is the same but ironclad has a cowboy hat"],"gold_per_floor":[99,99,99,99,99,126,126,143,68,168,168,93,113,132,145,145,145,145],"floor_reached":16,"playtime":869,"items_purged":[],"score":129,"play_id":"4f0c1d6e-bc00-41fd-b940-f392234ff2c2","local_time":"20201227203554","is_ascension_mode":true,"campfire_choices":[{"floor":1,"key":"RECALL"},{"data":"champ:Taunt","floor":9,"key":"SMITH"},{"data":"champ:IronFortress","floor":12,"key":"SMITH"}],"circlet_count":0,"master_deck":["champ:Strike","champ:Strike","champ:Defend","champ:Defend","champ:Defend","champ:Execute","champ:Taunt+1","champ:ShieldSigil+1","champ:BringItOn","champ:FocusedBerserking","champ:IronFortress+1","champ:FocusedBerserking+1","champ:SteelEdge+1","champ:ShieldSigil+1","champ:Control+1"],"relics":["champ:ChampionCrown","downfall:HeartsMalice","Toxic Egg 2","downfall:HeartBlessingRed","downfall:HeartBlessingBlue"],"acts_visited":["Exordium"],"potions_floor_usage":[10,16,16],"damage_taken":[{"damage":0,"enemies":"Jaw Worm","floor":2,"turns":1},{"damage":0,"enemies":"Cultist","floor":4,"turns":1},{"damage":0,"enemies":"3 Sentries","floor":6,"turns":1},{"damage":5,"enemies":"2 Louse","floor":8,"turns":2},{"damage":47,"enemies":"downfall:Heads","floor":10,"turns":5},{"damage":37,"enemies":"Blue Slaver","floor":13,"turns":5},{"damage":43,"enemies":"3 Louse","floor":14,"turns":4},{"damage":46,"enemies":"Exordium Thugs","floor":15,"turns":3},{"damage":113,"enemies":"downfall:Defect","floor":16,"turns":5}],"seed_played":"990459869570303967","potions_obtained":[{"floor":6,"key":"DistilledChaos"},{"floor":13,"key":"AttackPotion"},{"floor":14,"key":"Weak Potion"}],"is_trial":false,"path_per_floor":["R","M","?","M","?","E","T","M","R","?","?","R","M","M","M","B"],"character_chosen":"THE_CHAMP","items_purchased":[],"campfire_rested":0,"item_purchase_floors":[],"current_hp_per_floor":[90,90,90,90,90,90,90,90,90,78,78,88,86,78,58,0,0,0],"gold":145,"neow_bonus":"THREE_ENEMY_KILL","is_daily":false,"chose_seed":false,"campfire_upgraded":2,"win_rate":0.0,"timestamp":1609122954,"path_taken":["R","M","?","?","?","E","T","M","R","?","?","R","?","M","M","BOSS"],"items_purchased_type":[],"build_version":"2020-12-22","purchased_purges":0,"victory":false,"max_hp_per_floor":[90,90,90,90,90,90,90,90,90,90,90,100,100,100,100,100,100,100],"card_choices":[{"not_picked":["champ:Haymaker","champ:EnGarde"],"picked":"champ:ShieldSigil","floor":2},{"not_picked":["champ:EnGarde","champ:FlashCut"],"picked":"champ:FocusedBerserking","floor":4},{"not_picked":["champ:FanOfKnives","champ:DefensiveShout+1"],"picked":"champ:IronFortress","floor":6},{"not_picked":["champ:BringItOn+1","champ:FocusedGladiator+1"],"picked":"champ:FocusedBerserking+1","floor":8},{"not_picked":["champ:TornadoPunch","champ:IronFortress"],"picked":"champ:ShieldSigil+1","floor":10},{"not_picked":["champ:Devastate","champ:GladiatorsShout+1","champ:CrookedStrike"],"picked":"SKIP","floor":13},{"not_picked":["champ:BerserkersShout+1","champ:BladeFlurry"],"picked":"champ:Control+1","floor":14},{"not_picked":["champ:FanOfKnives","champ:BringItOn+1","champ:DefensiveShout+1"],"picked":"SKIP","floor":15}],"player_experience":465327,"relics_obtained":[{"floor":6,"key":"Toxic Egg 2"}],"event_choices":[{"damage_healed":0,"gold_gain":0,"cards_transformed":["champ:Strike"],"player_choice":"Transformed","damage_taken":0,"max_hp_gain":0,"max_hp_loss":0,"event_name":"Transmorgrifier","floor":3,"gold_loss":0,"cards_obtained":["champ:BringItOn"]},{"damage_healed":0,"gold_gain":0,"player_choice":"Upgraded","damage_taken":0,"max_hp_gain":0,"max_hp_loss":0,"event_name":"Upgrade Shrine","floor":11,"gold_loss":0,"cards_upgraded":["champ:SteelEdge"]}],"is_beta":false,"boss_relics":[],"items_purged_floors":[],"is_endless":false,"potions_floor_spawned":[6,13,14],"killed_by":"downfall:Defect","ascension_level":1}}