{"host":"nz11ypxva4e39b7q","time":1609168639,"event":{"mods":["BaseMod","Colored Map","Downfall","Minty Spire (QoL Compilation)","StSLib"],"gold_per_floor":[99,118,28,303,38,70,122,135,168,93,107,107,122,142,158,158,158,158],"floor_reached":16,"playtime":1173,"items_purged":["champ:Defend","Regret"],"score":112,"play_id":"dd0af75a-e84e-411b-be29-fd0b16d3af58","local_time":"20201228161719","is_ascension_mode":false,"campfire_choices":[{"floor":1,"key":"RECALL"},{"data":"champ:MurderStrike","floor":10,"key":"SMITH"},{"floor":12,"key":"REST"}],"circlet_count":0,"master_deck":["champ:Strike","champ:Strike","champ:Strike","champ:Strike","champ:Defend","champ:Defend","champ:Defend","champ:Execute","champ:Taunt","champ:MurderStrike+1","champ:Lariat","champ:DefensiveShout","champ:ViciousMockery"],"relics":["champ:ChampionCrown","Nunchaku","Omamori","Potion Belt","Akabeko","downfall:HeartBlessingRed"],"acts_visited":["Exordium"],"potions_floor_usage":[6,9,16,16],"damage_taken":[{"damage":16,"enemies":"Jaw Worm","floor":2,"turns":6},{"damage":5,"enemies":"downfall:FleeingMerchant","floor":3,"turns":4},{"damage":18,"enemies":"downfall:FleeingMerchant","floor":5,"turns":4},{"damage":34,"enemies":"Gremlin Nob","floor":6,"turns":5},{"damage":1,"enemies":"Cultist","floor":8,"turns":4},{"damage":35,"enemies":"3 Sentries","floor":9,"turns":9},{"damage":10,"enemies":"Small Slimes","floor":11,"turns":2},{"damage":10,"enemies":"Exordium Wildlife","floor":13,"turns":4},{"damage":11,"enemies":"Large Slime","floor":14,"turns":4},{"damage":23,"enemies":"Exordium Thugs","floor":15,"turns":7},{"damage":14,"enemies":"downfall:Watcher","floor":16,"turns":9}],"seed_played":"-193564600497719982","potions_obtained":[{"floor":2,"key":"LiquidMemories"},{"floor":6,"key":"Guardian:BlockOnCardUsePotion"},{"floor":8,"key":"champ:CounterPotion"},{"floor":11,"key":"Fire Potion"},{"floor":14,"key":"Energy Potion"}],"is_trial":false,"path_per_floor":["R","M","$","?","$","E","T","M","E","R","M","R","M","M","M","B"],"character_chosen":"THE_CHAMP","items_purchased":["Nunchaku"],"campfire_rested":1,"item_purchase_floors":[5],"current_hp_per_floor":[90,84,84,84,74,50,50,49,17,17,12,39,39,28,14,0,0,0],"gold":158,"neow_bonus":"ONE_RANDOM_RARE_CARD","is_daily":false,"chose_seed":false,"campfire_upgraded":1,"win_rate":0.0,"timestamp":1609168639,"path_taken":["R","M","$","?","$","E","T","M","E","R","M","R","M","M","M","BOSS"],"items_purchased_type":["Relic"],"build_version":"2020-12-22","purchased_purges":2,"victory":false,"max_hp_per_floor":[90,90,90,90,90,90,90,90,90,90,90,90,90,90,90,90,90,90],"card_choices":[{"not_picked":["champ:Backstep","champ:FaceSlap"],"picked":"champ:Lariat","floor":2},{"not_picked":["champ:FanOfKnives","champ:Haymaker","champ:AdrenalArmor"],"picked":"SKIP","floor":3},{"not_picked":["champ:Riposte","champ:FlashCut","champ:Backstep"],"picked":"SKIP","floor":5},{"not_picked":["champ:CrookedStrike","champ:BringItOn","champ:Haymaker"],"picked":"SKIP","floor":6},{"not_picked":["champ:Haymaker","champ:Riposte","champ:Circumvent"],"picked":"SKIP","floor":8},{"not_picked":["champ:BladeFlurry","champ:PerfectedStrike","champ:CheapShot"],"picked":"SKIP","floor":9},{"not_picked":["champ:CalledShot","champ:AdrenalArmor"],"picked":"champ:DefensiveShout","floor":11},{"not_picked":["champ:Backstep","champ:Haymaker","champ:Lariat"],"picked":"SKIP","floor":13},{"not_picked":["champ:Haymaker","champ:BladeFlurry"],"picked":"champ:ViciousMockery","floor":14},{"not_picked":["champ:GladiatorsShout","champ:RecklessLeap","champ:Backstep"],"picked":"SKIP","floor":15}],"player_experience":1149528,"relics_obtained":[{"floor":6,"key":"Omamori"},{"floor":7,"key":"Potion Belt"},{"floor":9,"key":"Akabeko"}],"event_choices":[],"is_beta":false,"boss_relics":[],"items_purged_floors":[3,5],"is_endless":false,"potions_floor_spawned":[2,6,8,11,14],"killed_by":"downfall:Watcher","ascension_level":0}}