{"host":"6d7y2d7a0xmat6il","time":1609199570,"event":{"mods":["AchievementEnabler","Aspiration","BaseMod","Better Note","Colored Map","Colored Powertips","Conspire","Highlight Path","Hubris","Infinite Spire","Marisa????????","Minty Spire (QoL Compilation)","Permanent Neow","Replay The Spire","Shop Mod","StSLib","The Wild Card","vexMod"],"gold_per_floor":[115,115,126,141,158,158,172,202,229,258,270,270,283,299,299,399,399,413,425,436,111,111,146,421,434,434,434,434,466,466,466,466,564,564,583,583,118,164,203,203,228,228],"floor_reached":41,"playtime":3099,"items_purged":["Strike_P","Strike_P"],"score":543,"play_id":"f6cb5db2-8be5-4165-a168-3b35063d9441","local_time":"20201228155250","is_ascension_mode":false,"campfire_choices":[{"data":"BattleHymn","floor":6,"key":"SMITH"},{"data":"Eruption","floor":12,"key":"SMITH"},{"data":"Replay:Anticipation","floor":15,"key":"SMITH"},{"floor":28,"key":"REST"},{"floor":30,"key":"REST"},{"floor":32,"key":"REST"},{"data":"hubris:EnhanceAbility","floor":40,"key":"SMITH"}],"circlet_count":0,"master_deck":["Strike_P","Strike_P","Defend_P","Defend_P","Defend_P","Defend_P","Eruption+1","Vigilance","Swivel","EmptyBody","BattleHymn+1","Adaptation","Wallop","Skewer","Replay:Vibes","Perseverance","Prostrate","Replay:Anticipation+1","ConjureBlade","AbeCurse","Prostrate","Evaluate+1","ThirdEye","Brilliance","LikeWater","Regret","Worship+1","DeceiveReality+1","Pot Of Greed","Pot Of Greed","Pot Of Greed","EmptyBody+1","Replay:Battleflow+1","MasterReality","Wish","Sanctity","Swift Strike","Mind Blast","Pot Of Greed","ReplayTheSpireMod:Private Reserves","Wireheading","Prostrate","hubris:EnhanceAbility+1","FearNoEvil","Dark Shackles","Consecrate+1","Replay:Anticipation+1"],"relics":["PureWater","m_TsuchinokoRing","aspiration:ChemicalBlood","Abe\u0027s Treasure","MerchantsRug","Dream Catcher","vexMod:FocusSash","White Beast Statue","Nilry\u0027s Codex","Mercury Hourglass","Busted Crown","BargainBundle","Ornamental Fan","CatCart"],"acts_visited":["Exordium","TheCity","TheBeyond"],"potions_floor_usage":[5,7,7,16,19,20,23,23,23,29,29,33,33,35,35,38,38,41,41,41,41],"damage_taken":[{"damage":0,"enemies":"conspire:RoseBush","floor":1,"turns":4},{"damage":0,"enemies":"Cultist","floor":3,"turns":5},{"damage":0,"enemies":"infinitespire:Voidling","floor":4,"turns":5},{"damage":0,"enemies":"Looter","floor":5,"turns":4},{"damage":6,"enemies":"Exordium Wildlife","floor":7,"turns":4},{"damage":29,"enemies":"3 Sentries","floor":8,"turns":6},{"damage":3,"enemies":"Replay:BlueRogue","floor":10,"turns":6},{"damage":2,"enemies":"Blue Slaver","floor":11,"turns":4},{"damage":13,"enemies":"Lots of Slimes","floor":13,"turns":3},{"damage":0,"enemies":"2 Fungi Beasts","floor":14,"turns":3},{"damage":36,"enemies":"Fading Forest","floor":16,"turns":11},{"damage":0,"enemies":"Spheric Guardian","floor":18,"turns":2},{"damage":21,"enemies":"conspire:FuzzyDice","floor":19,"turns":5},{"damage":31,"enemies":"Shelled Parasite and Fungi","floor":20,"turns":6},{"damage":0,"enemies":"conspire:Head Lice","floor":23,"turns":3},{"damage":6,"enemies":"conspire:HollyBat","floor":25,"turns":6},{"damage":42,"enemies":"Nightmare","floor":29,"turns":9},{"damage":18,"enemies":"Champ","floor":33,"turns":7},{"damage":13,"enemies":"3 Darklings","floor":35,"turns":5},{"damage":6,"enemies":"Orin","floor":38,"turns":8},{"damage":0,"enemies":"3 Shapes","floor":39,"turns":4},{"damage":8,"enemies":"infinitespire:Three Voidlings","floor":41,"turns":4},{"damage":68,"enemies":"Nightmare_Alpha","floor":41,"turns":4}],"seed_played":"7770501394212442804","potions_obtained":[{"floor":1,"key":"ColorlessPotion"},{"floor":2,"key":"StancePotion"},{"floor":2,"key":"Block Potion"},{"floor":7,"key":"FearPotion"},{"floor":11,"key":"Languid Potion"},{"floor":13,"key":"Explosive Potion"},{"floor":16,"key":"Elixir"},{"floor":18,"key":"Energy Potion"},{"floor":19,"key":"Strength Potion"},{"floor":19,"key":"SkillPotion"},{"floor":20,"key":"ColorlessPotion"},{"floor":29,"key":"Explosive Potion"},{"floor":33,"key":"Strength Potion"},{"floor":35,"key":"Fire Potion"},{"floor":38,"key":"Weak Potion"},{"floor":39,"key":"Milkshake"}],"is_trial":false,"path_per_floor":["M","?","M","M","M","R","M","E","T","E","M","R","M","M","R","B",null,"M","M","M","$","?","E","?","M","T","?","R","NM","R","T","R","B",null,"M","?","$","?","M","R","?"],"character_chosen":"WATCHER","items_purchased":["Brilliance","MerchantsRug","Dream Catcher","BargainBundle","Wireheading","Prostrate","Ornamental Fan","hubris:EnhanceAbility","FearNoEvil","DistilledChaos","Energy Potion","Energy Potion","Dark Shackles"],"campfire_rested":3,"item_purchase_floors":[21,21,21,37,37,37,37,37,37,37,37,37,37],"current_hp_per_floor":[72,72,72,72,72,72,66,37,44,41,39,39,26,26,26,14,79,79,79,48,48,48,48,48,42,42,26,49,7,30,30,53,35,79,66,56,56,50,50,50,0,0],"gold":228,"neow_bonus":"NOSTALGIA","is_daily":false,"chose_seed":false,"campfire_upgraded":4,"win_rate":0.0,"timestamp":1609199570,"path_taken":["M","?","?","?","M","R","M","E","T","E","M","R","M","M","R","BOSS","M","M","?","$","?","E","?","?","T","?","R","NM","R","?","R","BOSS","M","?","$","?","M","R","?"],"items_purchased_type":["Card","Relic","Relic","Relic","Card","Card","Relic","Card","Card","Potion","Potion","Potion","Card"],"build_version":"2020-12-22","purchased_purges":2,"victory":false,"max_hp_per_floor":[72,72,72,72,72,72,72,72,79,79,79,79,79,79,79,79,79,79,79,79,79,79,79,79,79,79,79,79,79,79,79,79,79,79,79,79,79,79,79,79,79,79],"card_choices":[{"not_picked":["Halt","Meditate"],"picked":"Swivel","floor":1},{"not_picked":["Riddle With Holes","WreathOfFlame"],"picked":"EmptyBody","floor":3},{"not_picked":["CutThroughFate","SashWhip"],"picked":"BattleHymn","floor":4},{"not_picked":["Nirvana","TalkToTheHand"],"picked":"Adaptation","floor":5},{"not_picked":["Replay:ManipulateFuture","Indignation"],"picked":"Wallop","floor":7},{"not_picked":["EmptyMind","Replay:Hum"],"picked":"Skewer","floor":8},{"not_picked":["SashWhip","Blade Dance"],"picked":"Replay:Vibes","floor":10},{"not_picked":["JustLucky","InnerPeace"],"picked":"Perseverance","floor":11},{"not_picked":["Fasting2","FlurryOfBlows"],"picked":"Prostrate","floor":13},{"not_picked":["WreathOfFlame","Burst"],"picked":"Replay:Anticipation","floor":14},{"not_picked":["Night Terror","Burst"],"picked":"ConjureBlade","floor":16},{"not_picked":["EmptyBody","ReachHeaven"],"picked":"Prostrate","floor":18},{"not_picked":["Replay:AtTheReady","ClearTheMind"],"picked":"Evaluate+1","floor":19},{"not_picked":["CutThroughFate+1","ReachHeaven+1"],"picked":"ThirdEye","floor":20},{"not_picked":["Evaluate+1","FlyingSleeves"],"picked":"LikeWater","floor":23},{"not_picked":["Replay:AtTheReady","FlurryOfBlows"],"picked":"Worship+1","floor":25},{"not_picked":["Protect+1","EmptyBody"],"picked":"DeceiveReality+1","floor":28},{"not_picked":["Worship+1","Sanctity+1"],"picked":"EmptyBody+1","floor":29},{"not_picked":["Protect","Replay:Vibes"],"picked":"Replay:Battleflow+1","floor":30},{"not_picked":["CutThroughFate","Crescendo+1"],"picked":"MasterReality","floor":32},{"not_picked":["ConjureBlade","Omniscience"],"picked":"Wish","floor":33},{"not_picked":[],"picked":"Sanctity","floor":35},{"not_picked":[],"picked":"Swift Strike","floor":36},{"not_picked":[],"picked":"Mind Blast","floor":36},{"not_picked":[],"picked":"ReplayTheSpireMod:Private Reserves","floor":36},{"not_picked":[],"picked":"Consecrate+1","floor":38},{"not_picked":[],"picked":"Replay:Anticipation+1","floor":39}],"player_experience":160879,"relics_obtained":[{"floor":8,"key":"hubris:Reverence"},{"floor":9,"key":"Strawberry"},{"floor":10,"key":"aspiration:ChemicalBlood"},{"floor":23,"key":"vexMod:FocusSash"},{"floor":26,"key":"White Beast Statue"},{"floor":27,"key":"Nilry\u0027s Codex"},{"floor":29,"key":"Grinning Jar"},{"floor":31,"key":"Mercury Hourglass"},{"floor":38,"key":"CatCart"}],"event_choices":[{"damage_healed":0,"gold_gain":0,"player_choice":"Got Potions","damage_taken":0,"max_hp_gain":0,"max_hp_loss":0,"event_name":"Lab","floor":2,"gold_loss":0},{"damage_healed":0,"gold_gain":0,"player_choice":"Ignored","damage_taken":0,"max_hp_gain":0,"max_hp_loss":0,"event_name":"betterNote:BetterNote","floor":22,"gold_loss":0,"cards_obtained":["Ghostly"]},{"damage_healed":0,"gold_gain":275,"player_choice":"Desecrate","damage_taken":0,"max_hp_gain":0,"max_hp_loss":0,"event_name":"Golden Shrine","floor":24,"gold_loss":0,"cards_obtained":["Regret"]},{"damage_healed":0,"gold_gain":0,"player_choice":"Obtained Book","damage_taken":16,"max_hp_gain":0,"max_hp_loss":0,"event_name":"Cursed Tome","floor":27,"gold_loss":0},{"damage_healed":0,"gold_gain":0,"player_choice":"Memory 3","damage_taken":10,"max_hp_gain":0,"max_hp_loss":0,"event_name":"SensoryStone","floor":36,"gold_loss":0},{"damage_healed":0,"gold_gain":0,"player_choice":"Fight","damage_taken":0,"max_hp_gain":0,"max_hp_loss":0,"event_name":"OrinTheCat","floor":38,"gold_loss":0}],"is_beta":false,"boss_relics":[{"not_picked":["Replay:Grab Bag","aspiration:RitualDagger"],"picked":"Abe\u0027s Treasure"},{"not_picked":["SacredBark","Replay:Drink Me"],"picked":"Busted Crown"}],"items_purged_floors":[21,37],"is_endless":true,"potions_floor_spawned":[1,3,7,11,13,16,18,19,20,29,33,35,38,39,41],"killed_by":"Nightmare_Alpha","ascension_level":0}}