{"host":"6pgtslebjnyv5xmi","time":1609140441,"event":{"mods":["AchievementEnabler","BaseMod","Colored Map","Minty Spire (QoL Compilation)","Rare Cards Sparkle","StSLib","SuperFastMode","everything is the same but u backflip on backflip"],"gold_per_floor":[118,43,43,43,58,88,88,106,106,106,119,119,133,148,148,253,253,271,283,312,312,312,312,312,327,327,227,240,252,127,140,140,244,244,256,106,122,122,141,156,156,167,194,194,194,244,244,258,258,258,258],"floor_reached":50,"playtime":2414,"items_purged":["Strike_R","Strike_R","Havoc+1","Defend_R"],"score":471,"play_id":"cd2fefe4-895d-4530-8a8a-cc6e6c2ee85e","local_time":"20201228162721","is_ascension_mode":false,"campfire_choices":[{"data":"Clash","floor":10,"key":"SMITH"},{"data":"Bash","floor":12,"key":"SMITH"},{"data":"Defend_R","floor":15,"key":"SMITH"},{"data":"Havoc","floor":23,"key":"SMITH"},{"floor":32,"key":"REST"},{"floor":45,"key":"REST"},{"floor":49,"key":"REST"}],"circlet_count":0,"master_deck":["Strike_R","Strike_R","Bash+1","Clash+1","Dropkick+1"],"relics":["Black Blood","NeowsBlessing","FossilizedHelix","Pantograph","Red Mask","Toy Ornithopter","Bottled Flame","Fusion Hammer","Boot","Gambling Chip"],"acts_visited":["Exordium","TheCity","TheBeyond"],"potions_floor_usage":[16,16,18,20,28,33,33,33,48,50,50],"damage_taken":[{"damage":0,"enemies":"Small Slimes","floor":1,"turns":1},{"damage":0,"enemies":"2 Louse","floor":5,"turns":1},{"damage":0,"enemies":"3 Sentries","floor":6,"turns":1},{"damage":0,"enemies":"Cultist","floor":8,"turns":3},{"damage":11,"enemies":"3 Louse","floor":11,"turns":3},{"damage":0,"enemies":"Blue Slaver","floor":13,"turns":2},{"damage":0,"enemies":"Looter","floor":14,"turns":2},{"damage":53,"enemies":"Slime Boss","floor":16,"turns":17},{"damage":10,"enemies":"Spheric Guardian","floor":18,"turns":4},{"damage":20,"enemies":"2 Thieves","floor":19,"turns":4},{"damage":17,"enemies":"Masked Bandits","floor":20,"turns":5},{"damage":26,"enemies":"Snake Plant","floor":25,"turns":4},{"damage":35,"enemies":"Sentry and Sphere","floor":28,"turns":6},{"damage":0,"enemies":"Centurion and Healer","floor":29,"turns":6},{"damage":10,"enemies":"Snecko","floor":31,"turns":4},{"damage":71,"enemies":"Collector","floor":33,"turns":6},{"damage":10,"enemies":"Orb Walker","floor":35,"turns":4},{"damage":0,"enemies":"3 Darklings","floor":37,"turns":6},{"damage":0,"enemies":"Transient","floor":39,"turns":5},{"damage":8,"enemies":"Spire Growth","floor":40,"turns":3},{"damage":28,"enemies":"Maw","floor":42,"turns":5},{"damage":33,"enemies":"Mind Bloom Boss Battle","floor":46,"turns":3},{"damage":7,"enemies":"Jaw Worm Horde","floor":48,"turns":3},{"damage":88,"enemies":"Awakened One","floor":50,"turns":5}],"seed_played":"7209418075500720754","potions_obtained":[{"floor":6,"key":"Swift Potion"},{"floor":11,"key":"Block Potion"},{"floor":13,"key":"Dexterity Potion"},{"floor":14,"key":"Regen Potion"},{"floor":16,"key":"PowerPotion"},{"floor":20,"key":"Strength Potion"},{"floor":25,"key":"SteroidPotion"},{"floor":28,"key":"DuplicationPotion"},{"floor":29,"key":"LiquidMemories"},{"floor":40,"key":"AttackPotion"},{"floor":42,"key":"AttackPotion"},{"floor":46,"key":"SpeedPotion"}],"is_trial":false,"path_per_floor":["M","$","?","?","M","E","?","M","T","R","M","R","M","M","R","B",null,"M","M","?","?","?","R","?","M","T","$","M","M","$","M","R","B",null,"M","$","M","$","M","M","?","M","T","?","R","?","?","M","R","B"],"character_chosen":"IRONCLAD","items_purchased":[],"campfire_rested":3,"item_purchase_floors":[],"current_hp_per_floor":[80,80,80,85,85,85,85,85,85,85,80,80,85,85,85,53,85,85,77,72,72,72,72,72,58,58,58,40,52,52,54,79,26,85,85,85,85,85,85,85,85,69,69,69,81,60,60,70,81,0,0],"gold":258,"neow_bonus":"THREE_ENEMY_KILL","is_daily":false,"chose_seed":false,"campfire_upgraded":4,"win_rate":0.0,"timestamp":1609140441,"path_taken":["M","$","?","?","M","E","?","M","T","R","M","R","M","?","R","BOSS","M","M","?","?","?","R","?","M","T","$","M","M","$","M","R","BOSS","M","$","M","$","M","M","?","M","T","?","R","?","?","M","R","BOSS"],"items_purchased_type":[],"build_version":"2020-12-22","purchased_purges":4,"victory":false,"max_hp_per_floor":[80,80,80,85,85,85,85,85,85,85,85,85,85,85,85,85,85,85,85,85,85,85,85,85,85,85,85,85,85,85,85,85,85,85,85,85,85,85,85,85,85,85,85,81,81,81,81,81,81,81,81],"card_choices":[{"not_picked":["True Grit","Hemokinesis"],"picked":"Clash","floor":1},{"not_picked":["Body Slam","Hemokinesis","Clothesline"],"picked":"SKIP","floor":5},{"not_picked":["Flex","Perfected Strike","Clothesline"],"picked":"SKIP","floor":6},{"not_picked":["Havoc","Sword Boomerang","Evolve"],"picked":"SKIP","floor":8},{"not_picked":["Sword Boomerang","Pommel Strike","Corruption"],"picked":"SKIP","floor":11},{"not_picked":["Wild Strike","Metallicize","Anger"],"picked":"SKIP","floor":13},{"not_picked":["Searing Blow","Clash","Wild Strike"],"picked":"SKIP","floor":14},{"not_picked":["Cleave","Searing Blow","Sword Boomerang"],"picked":"SKIP","floor":18},{"not_picked":["Pommel Strike","Armaments","Iron Wave"],"picked":"SKIP","floor":19},{"not_picked":["Sever Soul","Twin Strike+1","Rampage"],"picked":"SKIP","floor":25},{"not_picked":["Cleave","Iron Wave","True Grit"],"picked":"SKIP","floor":28},{"not_picked":["Juggernaut","Power Through","Twin Strike"],"picked":"SKIP","floor":29},{"not_picked":["Flame Barrier","Wild Strike+1"],"picked":"Dropkick+1","floor":31},{"not_picked":["Body Slam","Anger","Wild Strike+1"],"picked":"SKIP","floor":35},{"not_picked":["Cleave+1","Thunderclap","Spot Weakness+1"],"picked":"SKIP","floor":37},{"not_picked":["Twin Strike+1","Uppercut+1","Offering"],"picked":"SKIP","floor":39},{"not_picked":["True Grit","Inflame","Searing Blow+1"],"picked":"SKIP","floor":40},{"not_picked":["Fire Breathing+1","Battle Trance","Twin Strike"],"picked":"SKIP","floor":42},{"not_picked":["Warcry+1","Armaments","Spot Weakness+1"],"picked":"SKIP","floor":48}],"player_experience":547183,"relics_obtained":[{"floor":6,"key":"FossilizedHelix"},{"floor":9,"key":"Pantograph"},{"floor":20,"key":"Red Mask"},{"floor":26,"key":"Bottled Flame"},{"floor":43,"key":"Boot"},{"floor":46,"key":"Gambling Chip"}],"event_choices":[{"cards_removed":["Defend_R"],"damage_healed":0,"gold_gain":0,"player_choice":"Forget","damage_taken":0,"max_hp_gain":0,"max_hp_loss":0,"event_name":"Living Wall","floor":3,"gold_loss":0},{"damage_healed":0,"gold_gain":0,"player_choice":"Donut","damage_taken":0,"max_hp_gain":5,"max_hp_loss":0,"event_name":"Big Fish","floor":4,"gold_loss":0},{"damage_healed":0,"gold_gain":0,"player_choice":"0 cards matched","damage_taken":0,"max_hp_gain":0,"max_hp_loss":0,"event_name":"Match and Keep!","floor":7,"gold_loss":0,"cards_obtained":[]},{"damage_healed":0,"gold_gain":0,"player_choice":"Fought Bandits","damage_taken":0,"max_hp_gain":0,"max_hp_loss":0,"event_name":"Masked Bandits","floor":20,"gold_loss":0},{"damage_healed":0,"gold_gain":0,"cards_transformed":["Strike_R","Defend_R"],"player_choice":"Became Test Subject","damage_taken":0,"max_hp_gain":0,"max_hp_loss":0,"event_name":"Drug Dealer","floor":21,"gold_loss":0,"cards_obtained":["Havoc","Warcry"]},{"damage_healed":0,"gold_gain":0,"player_choice":"Ignored","damage_taken":0,"max_hp_gain":0,"max_hp_loss":0,"event_name":"Cursed Tome","floor":22,"gold_loss":0},{"cards_removed":["Warcry"],"damage_healed":0,"gold_gain":0,"player_choice":"Gave Card","damage_taken":0,"relics_obtained":["Toy Ornithopter"],"max_hp_gain":0,"max_hp_loss":0,"event_name":"WeMeetAgain","floor":24,"gold_loss":0},{"cards_removed":["Defend_R"],"damage_healed":0,"gold_gain":0,"player_choice":"Removed Skill","damage_taken":0,"max_hp_gain":0,"max_hp_loss":0,"event_name":"Falling","floor":41,"gold_loss":0},{"damage_healed":0,"gold_gain":0,"player_choice":"Max HP","damage_taken":0,"max_hp_gain":0,"max_hp_loss":4,"event_name":"Winding Halls","floor":44,"gold_loss":0},{"damage_healed":0,"gold_gain":0,"player_choice":"Fight","damage_taken":0,"max_hp_gain":0,"max_hp_loss":0,"event_name":"MindBloom","floor":46,"gold_loss":0},{"damage_healed":0,"gold_gain":0,"player_choice":"Ignored","damage_taken":0,"max_hp_gain":0,"max_hp_loss":0,"event_name":"Mysterious Sphere","floor":47,"gold_loss":0}],"is_beta":false,"boss_relics":[{"not_picked":["Mark of Pain","SlaversCollar"],"picked":"Black Blood"},{"not_picked":["Black Star","Philosopher\u0027s Stone"],"picked":"Fusion Hammer"}],"items_purged_floors":[2,27,30,36],"is_endless":false,"potions_floor_spawned":[6,11,13,14,16,20,25,28,29,40,42,46],"killed_by":"Awakened One","ascension_level":0}}