{"host":"Shugu","time":1609177910,"event":{"mods":["BaseMod","Colored Powertips","Minty Spire (QoL Compilation)","Waifu the Spire"],"gold_per_floor":[117,117,136,154,154,154,171,198,198,198,212,222,236,255,255,359,359,369,23,23,23,34,34,69,69,69,97,97,107,107,127,127,230,230,242,167,178,145,160,160,188,188,188,188,188,38,38,38,38,38,38,38,38,66,66],"floor_reached":56,"playtime":4236,"items_purged":["Strike_R","Strike_R"],"score":1686,"play_id":"584e70df-b793-4f94-b3fe-6c3923a7b900","local_time":"20201229015150","is_ascension_mode":true,"campfire_choices":[{"data":"Wild Strike","floor":6.0,"key":"SMITH"},{"floor":10.0,"key":"REST"},{"data":"Wild Strike","floor":15.0,"key":"SMITH"},{"data":"Power Through","floor":23.0,"key":"SMITH"},{"data":"Barricade","floor":28.0,"key":"SMITH"},{"data":"Dark Embrace","floor":30.0,"key":"SMITH"},{"floor":32.0,"key":"REST"},{"floor":40.0,"key":"REST"},{"data":"Seeing Red","floor":42.0,"key":"SMITH"},{"data":"Exhume","floor":44.0,"key":"SMITH"},{"data":"Exhume","floor":45.0,"key":"SMITH"},{"floor":49.0,"key":"RECALL"},{"floor":52,"key":"REST"}],"circlet_count":0,"master_deck":["Strike_R","Strike_R","Defend_R","Defend_R","Defend_R","Defend_R+1","Bash","Purity+1","Fire Breathing+1","Wild Strike+1","Shrug It Off","Exhume+1","Wild Strike+1","Exhume+1","Power Through+1","Sever Soul","Barricade+1","Dark Embrace+1","Brutality","CurseOfTheBell","Second Wind","Havoc+1","Seeing Red+1","Evolve+1","Feel No Pain+1","Flex+1"],"relics":["Burning Blood","Kunai","HornCleat","Runic Cube","Dead Branch","Enchiridion","InkBottle","Red Skull","Akabeko","Calling Bell","Pen Nib","Letter Opener","WingedGreaves","Ancient Tea Set","Oddly Smooth Stone","Pantograph"],"acts_visited":["Exordium","TheCity","TheBeyond","TheEnding"],"potions_floor_usage":[50,50,55],"damage_taken":[{"damage":10.0,"enemies":"Small Slimes","floor":1.0,"turns":4.0},{"damage":6.0,"enemies":"Jaw Worm","floor":3.0,"turns":4.0},{"damage":12.0,"enemies":"2 Louse","floor":4.0,"turns":2.0},{"damage":6.0,"enemies":"Large Slime","floor":7.0,"turns":6.0},{"damage":32.0,"enemies":"Lagavulin","floor":8.0,"turns":5.0},{"damage":13.0,"enemies":"Blue Slaver","floor":11.0,"turns":4.0},{"damage":3.0,"enemies":"2 Fungi Beasts","floor":12.0,"turns":3.0},{"damage":12.0,"enemies":"Exordium Thugs","floor":13.0,"turns":4.0},{"damage":8.0,"enemies":"Blue Slaver","floor":14.0,"turns":4.0},{"damage":28.0,"enemies":"Slime Boss","floor":16.0,"turns":7.0},{"damage":16.0,"enemies":"Spheric Guardian","floor":18.0,"turns":4.0},{"damage":3.0,"enemies":"Chosen","floor":22.0,"turns":2.0},{"damage":3.0,"enemies":"Gremlin Leader","floor":24.0,"turns":6.0},{"damage":27.0,"enemies":"Book of Stabbing","floor":27.0,"turns":5.0},{"damage":8.0,"enemies":"3 Cultists","floor":29.0,"turns":4.0},{"damage":10.0,"enemies":"Centurion and Healer","floor":31.0,"turns":6.0},{"damage":28.0,"enemies":"Collector","floor":33.0,"turns":11.0},{"damage":22.0,"enemies":"3 Darklings","floor":35.0,"turns":4.0},{"damage":26.0,"enemies":"Orb Walker","floor":37.0,"turns":4.0},{"damage":22.0,"enemies":"Sphere and 2 Shapes","floor":39.0,"turns":6.0},{"damage":8.0,"enemies":"Giant Head","floor":41.0,"turns":9.0},{"damage":32,"enemies":"Awakened One","floor":50,"turns":8},{"damage":2,"enemies":"Shield and Spear","floor":54,"turns":2},{"damage":40,"enemies":"The Heart","floor":55,"turns":10}],"seed_played":"4633705772676516357","potions_obtained":[{"floor":1.0,"key":"HeartOfIron"},{"floor":7.0,"key":"BloodPotion"},{"floor":12.0,"key":"ColorlessPotion"},{"floor":14.0,"key":"Weak Potion"},{"floor":24.0,"key":"LiquidBronze"},{"floor":27.0,"key":"EssenceOfSteel"},{"floor":33.0,"key":"GamblersBrew"},{"floor":35.0,"key":"CultistPotion"},{"floor":41.0,"key":"LiquidMemories"},{"floor":54,"key":"DuplicationPotion"}],"is_trial":false,"path_per_floor":["M","?","M","M","?","R","M","E","T","R","M","M","M","M","R","B",null,"M","$","?","?","M","R","E","T","T","E","R","M","R","M","R","B",null,"M","$","M","$","M","R","E","R","T","R","R","$","?","$","R","B",null,"R","$","E","B",null],"character_chosen":"IRONCLAD","items_purchased":["Power Through","Dead Branch","Seeing Red","Weak Potion"],"campfire_rested":4,"item_purchase_floors":[19,19,38,46],"current_hp_per_floor":[68,52,52,46,39,39,39,29,29,53,46,49,43,41,41,19,65,55,55,39,39,42,42,45,45,45,24,24,22,22,18,42,20,65,49,49,29,29,13,37,35,35,35,35,35,35,35,35,35,9,62,80,80,80,46],"gold":66,"neow_bonus":"RANDOM_COLORLESS","is_daily":false,"chose_seed":false,"campfire_upgraded":8,"win_rate":0.0,"timestamp":1609177910,"path_taken":["M","?","M","M","?","R","M","E","T","R","M","M","M","M","R","BOSS","M","$","?","?","M","R","E","?","T","E","R","M","R","M","R","BOSS","M","$","M","$","M","R","E","R","T","R","R","$","?","?","R","BOSS","R","$","E","BOSS"],"items_purchased_type":["Card","Relic","Card","Potion"],"build_version":"2020-12-18","purchased_purges":2,"victory":true,"max_hp_per_floor":[80,80,80,80,80,80,80,80,80,80,80,80,80,80,80,80,80,80,80,80,80,80,80,80,80,80,80,80,80,80,80,80,80,80,80,80,80,80,80,80,80,80,80,80,80,80,80,80,80,80,80,80,80,80,80],"card_choices":[{"not_picked":["Deep Breath","Panacea"],"picked":"Purity","floor":0.0},{"not_picked":["Cleave","Havoc"],"picked":"Fire Breathing","floor":1.0},{"not_picked":["Headbutt","Carnage"],"picked":"Wild Strike","floor":3.0},{"not_picked":["Iron Wave","Spot Weakness"],"picked":"Shrug It Off","floor":4.0},{"not_picked":["Rage","Anger","True Grit"],"picked":"SKIP","floor":7.0},{"not_picked":["Perfected Strike","Havoc"],"picked":"Exhume","floor":8.0},{"not_picked":["Bloodletting","Havoc","Flex"],"picked":"SKIP","floor":11.0},{"not_picked":["Havoc","Uppercut","Body Slam"],"picked":"SKIP","floor":12.0},{"not_picked":["Pommel Strike","Second Wind"],"picked":"Wild Strike","floor":13.0},{"not_picked":["Rupture","Uppercut","Heavy Blade"],"picked":"SKIP","floor":14.0},{"not_picked":["Impervious","Double Tap"],"picked":"Exhume","floor":16.0},{"not_picked":["True Grit","Blood for Blood","Entrench"],"picked":"SKIP","floor":18.0},{"not_picked":["Perfected Strike","Iron Wave","Thunderclap"],"picked":"SKIP","floor":22.0},{"not_picked":["Demon Form","Ghostly Armor"],"picked":"Sever Soul","floor":24.0},{"not_picked":["True Grit","Intimidate"],"picked":"Barricade","floor":27.0},{"not_picked":["Flame Barrier","Inflame"],"picked":"Dark Embrace","floor":29.0},{"not_picked":["Cleave","Inflame","Headbutt"],"picked":"SKIP","floor":31.0},{"not_picked":["Juggernaut","Barricade"],"picked":"Brutality","floor":33.0},{"not_picked":["Disarm+1","Rage+1"],"picked":"Second Wind","floor":35.0},{"not_picked":["Flame Barrier","Wild Strike"],"picked":"Havoc+1","floor":37.0},{"not_picked":["Clash","Whirlwind+1"],"picked":"Evolve+1","floor":39.0},{"not_picked":["Shrug It Off+1","Sword Boomerang"],"picked":"Feel No Pain+1","floor":41.0},{"not_picked":["Headbutt","Iron Wave+1"],"picked":"Flex+1","floor":54}],"player_experience":373674,"relics_obtained":[{"floor":8.0,"key":"Kunai"},{"floor":9.0,"key":"HornCleat"},{"floor":20.0,"key":"Enchiridion"},{"floor":24.0,"key":"InkBottle"},{"floor":25.0,"key":"Red Skull"},{"floor":27.0,"key":"Akabeko"},{"floor":34.0,"key":"Pen Nib"},{"floor":34.0,"key":"Letter Opener"},{"floor":34.0,"key":"WingedGreaves"},{"floor":41.0,"key":"Ancient Tea Set"},{"floor":43.0,"key":"Oddly Smooth Stone"},{"floor":54,"key":"Pantograph"}],"event_choices":[{"damage_healed":0.0,"max_hp_gain":0.0,"max_hp_loss":0.0,"gold_gain":0.0,"event_name":"Shining Light","player_choice":"Entered Light","floor":2.0,"gold_loss":0.0,"damage_taken":16.0,"cards_upgraded":["Defend_R","Fire Breathing"]},{"cards_removed":["Strike_R"],"damage_healed":0.0,"max_hp_gain":0.0,"max_hp_loss":0.0,"gold_gain":0.0,"event_name":"Golden Wing","player_choice":"Card Removal","floor":5.0,"gold_loss":0.0,"damage_taken":7.0},{"damage_healed":0.0,"max_hp_gain":0.0,"max_hp_loss":0.0,"gold_gain":0.0,"event_name":"Cursed Tome","player_choice":"Obtained Book","floor":20.0,"gold_loss":0.0,"damage_taken":16.0},{"damage_healed":0.0,"max_hp_gain":0.0,"max_hp_loss":0.0,"gold_gain":0.0,"event_name":"Accursed Blacksmith","player_choice":"Forge","floor":47.0,"gold_loss":0.0,"damage_taken":0.0,"cards_upgraded":["Purity"]}],"is_beta":true,"boss_relics":[{"not_picked":["Runic Dome","SacredBark"],"picked":"Runic Cube"},{"not_picked":["Astrolabe","Tiny House"],"picked":"Calling Bell"}],"items_purged_floors":[36,46],"is_endless":false,"potions_floor_spawned":[1,7,12,14,24,27,33,35,41,54],"ascension_level":9}}