{"host":"5fasz840ryq7obdf","time":1609172182,"event":{"mods":["AchievementEnabler","BaseMod","Bestiary","Better Altar","Better Skull","Better Third Choice","BetterRewards","Block Reminder","Colored Powertips","Curses Come First","Highlight Path","Minty Spire (QoL Compilation)","Quick Restart","Rare Cards Sparkle","Relic Sorter","Relic Stats","Replay The Spire","Shop Mod","Spicy Shops","StSLib","SuperFastMode"],"gold_per_floor":[120,129,129,149,13,56,56,83,106,127,127,127],"floor_reached":11,"playtime":445,"items_purged":["Strike_B"],"score":146,"play_id":"8d3ca358-156b-43c9-b55a-44652f920540","local_time":"20201228161622","is_ascension_mode":true,"campfire_choices":[{"floor":7,"key":"REST"}],"circlet_count":0,"master_deck":["AscendersBane","Strike_B","Strike_B","Strike_B","Defend_B","Defend_B","Defend_B","Defend_B","Zap","Dualcast","Storm","Fission","Sadistic Nature","Go for the Eyes","Conserve Battery","Compile Driver","ReplayTheSpireMod:Restless Dread","BasicCrystalCard","Defragment","Compile Driver","Cold Snap","Sunder"],"relics":["Cracked Core","Membership Card","CeramicFish","Ring of Misfortune","Ring of Fury","Replay:Wax Seal","Blood Vial","PreservedInsect"],"acts_visited":["Exordium"],"potions_floor_usage":[],"damage_taken":[{"damage":12,"enemies":"Jaw Worm","floor":1,"turns":4},{"damage":7,"enemies":"2 Louse","floor":4,"turns":2},{"damage":27,"enemies":"3 Sentries","floor":6,"turns":6},{"damage":0,"enemies":"Cultist","floor":8,"turns":3},{"damage":11,"enemies":"Red Slaver","floor":10,"turns":4},{"damage":21,"enemies":"Lagavulin","floor":11,"turns":3}],"seed_played":"2958259755946282989","potions_obtained":[{"floor":6,"key":"Swift Potion"}],"is_trial":false,"path_per_floor":["M","?","?","M","$","E","R","M","T","M","E"],"character_chosen":"DEFECT","items_purchased":["Storm","Fission","Sadistic Nature","Membership Card","CeramicFish","Go for the Eyes","Conserve Battery","Replay:Wax Seal","Defragment"],"campfire_rested":1,"item_purchase_floors":[0,0,0,0,0,0,0,5,5],"current_hp_per_floor":[12,12,35,28,28,1,22,24,24,15,0,0],"gold":127,"neow_bonus":"","is_daily":false,"chose_seed":false,"campfire_upgraded":0,"win_rate":0.0,"timestamp":1609172182,"path_taken":["M","?","?","M","$","E","R","M","T","M","E"],"items_purchased_type":["Card","Card","Card","Relic","Relic","Card","Card","Relic","Card"],"build_version":"2020-12-22","purchased_purges":1,"victory":false,"max_hp_per_floor":[71,71,71,71,71,71,71,71,71,71,71,71],"relic_stats":{"Blood Vial":6,"counters":[9,32],"CeramicFish":81,"PreservedInsect":29,"obtain_stats":[{"Blood Vial":6,"Bronze Scales":0,"CeramicFish":0,"Ring of Misfortune":2,"Ring of Fury":2,"PreservedInsect":9,"Membership Card":0,"Frozen Egg 2":0,"Replay:Antivirus Software":2,"Replay:Wax Seal":5,"Cracked Core":0},{"Blood Vial":6,"Bronze Scales":0,"CeramicFish":3,"Ring of Misfortune":4,"Ring of Fury":4,"PreservedInsect":7,"Membership Card":3,"Frozen Egg 2":0,"Replay:Antivirus Software":1,"Replay:Wax Seal":5,"Cracked Core":0},{"Blood Vial":22,"Bronze Scales":0,"CeramicFish":10,"Ring of Misfortune":14,"Ring of Fury":14,"PreservedInsect":25,"Membership Card":10,"Frozen Egg 2":0,"Replay:Antivirus Software":3,"Replay:Wax Seal":16,"Cracked Core":0}]},"card_choices":[{"not_picked":["Beam Cell","ReplayTheSpireMod:GoodbyeWorld"],"picked":"Compile Driver","floor":1},{"not_picked":["Compile Driver","Turbo"],"picked":"BasicCrystalCard","floor":4},{"not_picked":["Time Bomb","ReplayTheSpireMod:System Scan"],"picked":"Compile Driver","floor":6},{"not_picked":["Compile Driver","Hologram"],"picked":"Cold Snap","floor":8},{"not_picked":["Sweeping Beam","Redo"],"picked":"Sunder","floor":10}],"player_experience":1225524,"relics_obtained":[{"floor":2,"key":"Ring of Misfortune"},{"floor":2,"key":"Ring of Fury"},{"floor":6,"key":"Blood Vial"},{"floor":9,"key":"PreservedInsect"}],"event_choices":[{"damage_healed":23,"gold_gain":0,"player_choice":"Banana","damage_taken":0,"max_hp_gain":0,"max_hp_loss":0,"event_name":"Big Fish","floor":3,"gold_loss":0}],"is_beta":false,"boss_relics":[],"items_purged_floors":[5],"is_endless":false,"potions_floor_spawned":[6],"killed_by":"Lagavulin","ascension_level":20}}