{"host":"56ghxnzsglgdq727","time":1609136320,"event":{"mods":["AchievementEnabler","BaseMod","Minty Spire (QoL Compilation)"],"gold_per_floor":[364,113,151,51,51,96,96,155,155,193,231,231,231,294,294,294,294],"floor_reached":16,"playtime":350,"items_purged":["Strike_R","Strike_R"],"score":116,"play_id":"a8737236-75a8-47ef-8d26-40856c9fea48","local_time":"20201228011840","is_ascension_mode":true,"campfire_choices":[{"data":"HandOfGreed","floor":7,"key":"SMITH"},{"floor":15,"key":"REST"}],"circlet_count":0,"master_deck":["Strike_R","Strike_R","Strike_R","Defend_R","Defend_R","Defend_R","Defend_R","Bash","Body Slam","HandOfGreed+1","Body Slam","Iron Wave","Armaments"],"relics":["Burning Blood","NlothsMask","Darkstone Periapt","Strawberry"],"acts_visited":["Exordium"],"potions_floor_usage":[8,16],"damage_taken":[{"damage":11,"enemies":"2 Louse","floor":1,"turns":2},{"damage":6,"enemies":"Cultist","floor":3,"turns":3},{"damage":14,"enemies":"Gremlin Nob","floor":6,"turns":3},{"damage":54,"enemies":"Lagavulin","floor":8,"turns":6},{"damage":16,"enemies":"Jaw Worm","floor":10,"turns":5},{"damage":0,"enemies":"Looter","floor":11,"turns":3},{"damage":10,"enemies":"Exordium Wildlife","floor":14,"turns":4},{"damage":48,"enemies":"Hexaghost","floor":16,"turns":10}],"seed_played":"-1247767498018185413","potions_obtained":[{"floor":6,"key":"Energy Potion"},{"floor":8,"key":"Explosive Potion"},{"floor":11,"key":"Explosive Potion"},{"floor":14,"key":"GamblersBrew"}],"is_trial":false,"path_per_floor":["M","$","M","$","?","E","R","E","T","M","M","?","?","M","R","B"],"character_chosen":"IRONCLAD","items_purchased":["HandOfGreed"],"campfire_rested":1,"item_purchase_floors":[2],"current_hp_per_floor":[67,67,67,67,67,59,59,18,18,8,14,14,40,36,59,11,11],"gold":294,"neow_bonus":"TWO_FIFTY_GOLD","is_daily":false,"chose_seed":false,"campfire_upgraded":1,"win_rate":0.0,"timestamp":1609136320,"path_taken":["M","$","M","$","?","E","R","E","T","?","M","?","?","M","R","BOSS"],"items_purchased_type":["Card"],"build_version":"2020-12-22","purchased_purges":2,"victory":false,"max_hp_per_floor":[72,72,72,72,72,72,72,79,79,79,79,79,79,79,79,79,79],"card_choices":[{"not_picked":["Evolve","Wild Strike"],"picked":"Body Slam","floor":1},{"not_picked":["Disarm","Thunderclap"],"picked":"Body Slam","floor":3},{"not_picked":["Anger","Wild Strike","Dropkick"],"picked":"SKIP","floor":6},{"not_picked":["Hemokinesis","Sever Soul","Sword Boomerang"],"picked":"SKIP","floor":8},{"not_picked":["Warcry","Cleave"],"picked":"Iron Wave","floor":10},{"not_picked":["Wild Strike","Evolve","Pommel Strike"],"picked":"SKIP","floor":11},{"not_picked":["True Grit","Pummel"],"picked":"Armaments","floor":14}],"player_experience":33658,"relics_obtained":[{"floor":6,"key":"Darkstone Periapt"},{"floor":8,"key":"Strawberry"}],"event_choices":[{"damage_healed":0,"gold_gain":0,"player_choice":"Trade","damage_taken":0,"relics_obtained":["NlothsMask"],"max_hp_gain":0,"max_hp_loss":0,"event_name":"FaceTrader","floor":5,"gold_loss":0},{"damage_healed":0,"gold_gain":0,"player_choice":"Ignored","damage_taken":0,"max_hp_gain":0,"max_hp_loss":0,"event_name":"Golden Idol","floor":12,"gold_loss":0},{"damage_healed":26,"gold_gain":0,"player_choice":"Banana","damage_taken":0,"max_hp_gain":0,"max_hp_loss":0,"event_name":"Big Fish","floor":13,"gold_loss":0}],"is_beta":false,"boss_relics":[],"items_purged_floors":[2,4],"is_endless":false,"potions_floor_spawned":[6,8,11,14],"killed_by":"Hexaghost","ascension_level":1}}