{"host":"gttgmv2wah99hzdm","time":1609175647,"event":{"mods":["AchievementEnabler","BaseMod","Bestiary","Block Reminder","Filter the Spire","Minty Spire (QoL Compilation)","Permanent Neow","Random Character Button","Relic Stats","ojb\u0027s Better Paths Mod","ojb\u0027s Info Mod"],"gold_per_floor":[114,189,189,189,206,206,69,69,96,96,111,128,128,128],"floor_reached":13,"playtime":304,"items_purged":[],"score":146,"play_id":"0ffba788-2171-458f-8ba5-0f4153f98ef8","local_time":"20201228111407","is_ascension_mode":true,"campfire_choices":[{"floor":6,"key":"REST"},{"data":"Strike_B","floor":8,"key":"SMITH"},{"data":"Heatsinks","floor":10,"key":"SMITH"}],"circlet_count":0,"master_deck":["AscendersBane","Strike_B","Strike_B+1","Defend_B","Defend_B","Defend_B","Zap+1","Dualcast","Double Energy+1","Force Field+1","Consume+1","Heatsinks+1","FTL","Ball Lightning"],"relics":["Astrolabe","NlothsMask"],"acts_visited":["Exordium"],"potions_floor_usage":[13],"damage_taken":[{"damage":20,"enemies":"2 Louse","floor":1,"turns":4},{"damage":0,"enemies":"Jaw Worm","floor":5,"turns":4},{"damage":4,"enemies":"Small Slimes","floor":11,"turns":3},{"damage":13,"enemies":"2 Fungi Beasts","floor":12,"turns":4},{"damage":41,"enemies":"Gremlin Nob","floor":13,"turns":3}],"seed_played":"9207589947641932826","potions_obtained":[{"floor":5,"key":"FocusPotion"}],"is_trial":false,"path_per_floor":["M","?","?","?","M","R","$","R","T","R","M","M","E"],"character_chosen":"DEFECT","items_purchased":["FTL","FocusPotion"],"campfire_rested":1,"item_purchase_floors":[7,7],"current_hp_per_floor":[44,33,33,33,33,54,54,54,54,54,50,37,0,0],"gold":128,"neow_bonus":"BOSS_RELIC","is_daily":false,"chose_seed":false,"campfire_upgraded":2,"win_rate":0.0,"timestamp":1609175647,"path_taken":["M","?","?","?","M","R","$","R","T","R","?","M","E"],"items_purchased_type":["Card","Potion"],"build_version":"2020-12-22","purchased_purges":0,"victory":false,"max_hp_per_floor":[71,71,71,71,71,71,71,71,71,71,71,71,71,71],"relic_stats":{"counters":[5,18],"Astrolabe":["Double Energy","Force Field","Consume"],"obtain_stats":[{"Astrolabe":0,"Cracked Core":0,"NlothsMask":4},{"Astrolabe":0,"Cracked Core":0,"NlothsMask":1},{"Astrolabe":0,"Cracked Core":0,"NlothsMask":4}]},"card_choices":[{"not_picked":["Turbo","Capacitor"],"picked":"Heatsinks","floor":1},{"not_picked":["Consume","Undo","Steam"],"picked":"SKIP","floor":5},{"not_picked":["Turbo","Steam","Double Energy"],"picked":"SKIP","floor":11},{"not_picked":["Redo","Beam Cell"],"picked":"Ball Lightning","floor":12}],"player_experience":1021059,"relics_obtained":[],"event_choices":[{"damage_healed":0,"gold_gain":75,"player_choice":"Gather Gold","damage_taken":11,"max_hp_gain":0,"max_hp_loss":0,"event_name":"World of Goop","floor":2,"gold_loss":0},{"damage_healed":0,"gold_gain":0,"player_choice":"Grow","damage_taken":0,"max_hp_gain":0,"max_hp_loss":0,"event_name":"Living Wall","floor":3,"gold_loss":0,"cards_upgraded":["Zap"]},{"damage_healed":0,"gold_gain":0,"player_choice":"Trade","damage_taken":0,"relics_obtained":["NlothsMask"],"max_hp_gain":0,"max_hp_loss":0,"event_name":"FaceTrader","floor":4,"gold_loss":0}],"is_beta":false,"boss_relics":[],"items_purged_floors":[],"is_endless":false,"potions_floor_spawned":[5,12],"killed_by":"Gremlin Nob","ascension_level":20}}