{"host":"cxvet2awney1vbzu","time":1609181333,"event":{"mods":["AchievementEnabler","BaseMod","Colored Powertips","Highlight Path","Minty Spire (QoL Compilation)","Quick Restart","StSLib"],"gold_per_floor":[117,31,46,59,77,102,102,133,184,109,122,142,142,174,174,269,269,285,295,370,380,280,280,280],"floor_reached":23,"playtime":1477,"items_purged":["Strike_G","Defend_G"],"score":222,"play_id":"0332b069-821e-4c25-8588-eaf3275a1d47","local_time":"20201228184853","is_ascension_mode":true,"campfire_choices":[{"floor":7.0,"key":"REST"},{"floor":13.0,"key":"REST"},{"floor":15.0,"key":"REST"}],"circlet_count":0,"master_deck":["Strike_G","Strike_G","Strike_G","Strike_G","Defend_G","Defend_G","Defend_G","Survivor","Neutralize","Quick Slash","Sucker Punch","Skewer","Dagger Throw","Venomology","Grand Finale","Tactician+1"],"relics":["Ring of the Snake","Turnip","Darkstone Periapt","Bronze Scales","Odd Mushroom","Boot","Black Star"],"acts_visited":["Exordium","TheCity"],"potions_floor_usage":[23],"damage_taken":[{"damage":0.0,"enemies":"Cultist","floor":1.0,"turns":4.0},{"damage":0.0,"enemies":"2 Louse","floor":3.0,"turns":3.0},{"damage":3.0,"enemies":"Jaw Worm","floor":4.0,"turns":3.0},{"damage":1.0,"enemies":"Lots of Slimes","floor":5.0,"turns":5.0},{"damage":64.0,"enemies":"Lagavulin","floor":6.0,"turns":10.0},{"damage":17.0,"enemies":"Gremlin Nob","floor":8.0,"turns":4.0},{"damage":2.0,"enemies":"Looter","floor":11.0,"turns":4.0},{"damage":2.0,"enemies":"The Mushroom Lair","floor":12.0,"turns":4.0},{"damage":10.0,"enemies":"3 Sentries","floor":14.0,"turns":5.0},{"damage":19.0,"enemies":"Slime Boss","floor":16.0,"turns":10.0},{"damage":17.0,"enemies":"2 Thieves","floor":18.0,"turns":4.0},{"damage":6.0,"enemies":"Spheric Guardian","floor":19.0,"turns":4.0},{"damage":0.0,"enemies":"Centurion and Healer","floor":21.0,"turns":2.0},{"damage":40,"enemies":"Book of Stabbing","floor":23,"turns":4}],"seed_played":"1007618030292071607","potions_obtained":[{"floor":3.0,"key":"Block Potion"},{"floor":6.0,"key":"LiquidBronze"},{"floor":8.0,"key":"BlessingOfTheForge"},{"floor":11.0,"key":"EntropicBrew"},{"floor":14.0,"key":"EntropicBrew"},{"floor":18.0,"key":"Swift Potion"}],"is_trial":false,"path_per_floor":["M","$","M","M","M","E","R","E","T","$","M","?","R","E","R","B",null,"M","M","?","M","$","E"],"character_chosen":"THE_SILENT","items_purchased":["Sucker Punch","Skewer"],"campfire_rested":3,"item_purchase_floors":[2,2],"current_hp_per_floor":[70,70,70,67,66,2,23,6,6,6,4,2,23,13,34,15,70,53,47,40,40,40,0,0],"gold":280,"neow_bonus":"REMOVE_CARD","is_daily":false,"chose_seed":false,"campfire_upgraded":0,"win_rate":0.0,"timestamp":1609181333,"path_taken":["M","?","M","M","M","E","R","E","T","$","M","?","R","E","R","BOSS","M","M","?","?","$","E"],"items_purchased_type":["Card","Card"],"build_version":"2020-12-22","purchased_purges":2,"victory":false,"max_hp_per_floor":[70,70,70,70,70,70,70,70,70,70,70,70,70,70,70,70,70,70,70,70,70,70,70,70],"card_choices":[{"not_picked":["Backflip","Accuracy"],"picked":"Quick Slash","floor":1.0},{"not_picked":["Noxious Fumes","Finisher"],"picked":"Dagger Throw","floor":3.0},{"not_picked":["Backflip","Concentrate","Flechettes"],"picked":"SKIP","floor":4.0},{"not_picked":["Bane","Footwork","Quick Slash"],"picked":"SKIP","floor":5.0},{"not_picked":["Bouncing Flask","Sucker Punch"],"picked":"Venomology","floor":6.0},{"not_picked":["Flechettes","Wraith Form v2","Quick Slash"],"picked":"SKIP","floor":8.0},{"not_picked":["Catalyst","Accuracy","Heel Hook"],"picked":"SKIP","floor":11.0},{"not_picked":["Backflip","Backstab","Distraction"],"picked":"SKIP","floor":14.0},{"not_picked":["Tools of the Trade","Die Die Die"],"picked":"Grand Finale","floor":16.0},{"not_picked":["Flying Knee","Outmaneuver","Cloak And Dagger"],"picked":"SKIP","floor":18.0},{"not_picked":["Heel Hook","Deadly Poison"],"picked":"Tactician+1","floor":19.0},{"not_picked":["Quick Slash+1","Deadly Poison+1","Prepared"],"picked":"SKIP","floor":21.0}],"player_experience":424136,"relics_obtained":[{"floor":6.0,"key":"Turnip"},{"floor":8.0,"key":"Darkstone Periapt"},{"floor":9.0,"key":"Bronze Scales"},{"floor":12.0,"key":"Odd Mushroom"},{"floor":14.0,"key":"Boot"}],"event_choices":[{"damage_healed":0.0,"max_hp_gain":0.0,"max_hp_loss":0.0,"gold_gain":0.0,"event_name":"Mushrooms","player_choice":"Fought Mushrooms","floor":12.0,"gold_loss":0.0,"damage_taken":0.0},{"damage_healed":0.0,"max_hp_gain":0.0,"max_hp_loss":0.0,"gold_gain":75.0,"event_name":"FaceTrader","player_choice":"Touch","floor":20.0,"gold_loss":0.0,"damage_taken":7.0}],"is_beta":false,"boss_relics":[{"not_picked":["Runic Dome","SlaversCollar"],"picked":"Black Star"}],"items_purged_floors":[10,22],"is_endless":false,"potions_floor_spawned":[3,6,8,11,14,16,18],"killed_by":"Book of Stabbing","ascension_level":1}}