{"host":"nkolxg4se00n20yf","time":1609170844,"event":{"mods":["BaseMod","CatGirl Mod","Chen","Colored Map","Colored Powertips","Downfall","Friendly Minions","Infinite Spire","Kiyohime????","Marisa????????","Minty Spire (QoL Compilation)","StSLib","Td1madao Mod","The Administrix","The Cursed","The Exalted","The Hierophant","The Servant 0.9.4"],"gold_per_floor":[109,109,128,139,139,173,173,184,255,255,281,297,310,275,275,379,379,399,399,399,314,370,413,413,421,421],"floor_reached":25,"playtime":1435,"items_purged":[],"score":370,"play_id":"a97ca4c7-ba99-438e-a644-433b84adb2cf","local_time":"20201228165404","is_ascension_mode":true,"campfire_choices":[{"floor":7.0,"key":"REST"},{"floor":10.0,"key":"REST"},{"floor":15.0,"key":"REST"},{"floor":24.0,"key":"REST"}],"circlet_count":0,"master_deck":["AscendersBane","Strike_B","Strike_B+1","Strike_B","Strike_B","Defend_B+1","Defend_B","Defend_B","Defend_B","Zap","Dualcast","Machine Learning","Beam Cell","Go for the Eyes","Reprogram","Biased Cognition","Defragment","Redo+1","Conserve Battery+1","Reinforced Body+1","Core Surge","Ball Lightning","Decay","Coolheaded+1","Force Field+1"],"relics":["theCatGirl:TrainedRelic","infinitespire:Cubic Diamond","Du-Vu Doll","Toxic Egg 2","Bromod:ArcaneNullifier","Bromod:ArcaneGrace","Enchiridion","infinitespire:Midas Blood","infinitespire:Eraser"],"acts_visited":["Exordium","TheCity"],"potions_floor_usage":[],"damage_taken":[{"damage":8.0,"enemies":"Jaw Worm","floor":1.0,"turns":4.0},{"damage":3.0,"enemies":"Small Slimes","floor":3.0,"turns":3.0},{"damage":2.0,"enemies":"2 Louse","floor":4.0,"turns":2.0},{"damage":37.0,"enemies":"3 Sentries","floor":6.0,"turns":9.0},{"damage":6.0,"enemies":"Exordium Wildlife","floor":8.0,"turns":4.0},{"damage":11.0,"enemies":"Lagavulin","floor":11.0,"turns":7.0},{"damage":11.0,"enemies":"2 Fungi Beasts","floor":12.0,"turns":4.0},{"damage":0.0,"enemies":"3 Louse","floor":13.0,"turns":3.0},{"damage":37.0,"enemies":"The Guardian","floor":16.0,"turns":15.0},{"damage":18.0,"enemies":"Shell Parasite","floor":18.0,"turns":5.0},{"damage":36.0,"enemies":"3 Byrds","floor":22.0,"turns":7.0},{"damage":67.0,"enemies":"Slavers","floor":23.0,"turns":5.0},{"damage":48,"enemies":"Book of Stabbing","floor":25,"turns":5}],"seed_played":"-763765077481993348","potions_obtained":[{"floor":1.0,"key":"SpeedPotion"},{"floor":3.0,"key":"SpeedPotion"},{"floor":8.0,"key":"GamblersBrew"},{"floor":12.0,"key":"EssenceOfSteel"},{"floor":18.0,"key":"PowerPotion"},{"floor":23.0,"key":"Fruit Juice"}],"is_trial":false,"path_per_floor":["M","?","M","M","?","E","R","M","T","R","E","M","M","?","R","B",null,"M","?","?","?","M","E","R","E"],"character_chosen":"DEFECT","items_purchased":[],"campfire_rested":4,"item_purchase_floors":[],"current_hp_per_floor":[60,46,43,41,41,4,24,18,18,38,27,16,16,33,53,16,55,40,24,24,24,65,17,38,0,0],"gold":421,"neow_bonus":"THREE_RARE_CARDS","is_daily":false,"chose_seed":false,"campfire_upgraded":0,"win_rate":0.0,"timestamp":1609170844,"path_taken":["M","?","M","M","?","E","R","M","T","R","E","M","M","?","R","BOSS","M","?","?","?","M","E","R","E"],"items_purchased_type":[],"build_version":"2020-12-22","purchased_purges":0,"victory":false,"max_hp_per_floor":[68,68,68,68,68,68,68,68,68,68,68,68,68,68,68,68,68,68,68,68,68,68,73,73,73,73],"card_choices":[{"not_picked":["Seek","Amplify"],"picked":"Machine Learning","floor":0.0},{"not_picked":["Stack","Sweeping Beam"],"picked":"Beam Cell","floor":1.0},{"not_picked":["Redo","Sweeping Beam"],"picked":"Go for the Eyes","floor":3.0},{"not_picked":["Steam","Heatsinks"],"picked":"Reprogram","floor":4.0},{"not_picked":["Sweeping Beam","Streamline"],"picked":"Biased Cognition","floor":6.0},{"not_picked":["Chill","Redo"],"picked":"Defragment","floor":8.0},{"not_picked":["Scrape","Turbo+1"],"picked":"Redo+1","floor":11.0},{"not_picked":["Steam+1","Sweeping Beam"],"picked":"Conserve Battery+1","floor":12.0},{"not_picked":["Cold Snap","Go for the Eyes"],"picked":"Reinforced Body+1","floor":13.0},{"not_picked":["Seek+1","Multi-Cast+1"],"picked":"Core Surge","floor":16.0},{"not_picked":["Streamline","Go for the Eyes"],"picked":"Ball Lightning","floor":18.0},{"not_picked":["Rebound","Glacier+1"],"picked":"Coolheaded+1","floor":22.0},{"not_picked":["Hologram+1","Gash"],"picked":"Force Field+1","floor":23.0}],"player_experience":1062334,"relics_obtained":[{"floor":6.0,"key":"Du-Vu Doll"},{"floor":9.0,"key":"Toxic Egg 2"},{"floor":11.0,"key":"Bromod:ArcaneNullifier"},{"floor":19.0,"key":"Enchiridion"},{"floor":23.0,"key":"infinitespire:Eraser"}],"event_choices":[{"damage_healed":0.0,"max_hp_gain":0.0,"max_hp_loss":0.0,"gold_gain":0.0,"event_name":"Shining Light","player_choice":"Entered Light","floor":2.0,"gold_loss":0.0,"damage_taken":14.0,"cards_upgraded":["Strike_B","Defend_B"]},{"damage_healed":17.0,"max_hp_gain":0.0,"max_hp_loss":0.0,"gold_gain":0.0,"event_name":"The Cleric","player_choice":"Healed","floor":14.0,"gold_loss":35.0,"damage_taken":0.0},{"damage_healed":0.0,"max_hp_gain":0.0,"max_hp_loss":0.0,"gold_gain":0.0,"event_name":"Cursed Tome","player_choice":"Obtained Book","floor":19.0,"gold_loss":0.0,"damage_taken":16.0},{"damage_healed":0.0,"max_hp_gain":0.0,"max_hp_loss":0.0,"gold_gain":0.0,"event_name":"Forgotten Altar","player_choice":"Smashed Altar","floor":20.0,"gold_loss":0.0,"damage_taken":0.0,"cards_obtained":["Decay"]},{"damage_healed":0.0,"max_hp_gain":0.0,"max_hp_loss":0.0,"gold_gain":0.0,"event_name":"Addict","player_choice":"Obtained Relic","floor":21.0,"gold_loss":85.0,"damage_taken":0.0,"relics_obtained":["infinitespire:Midas Blood"]}],"is_beta":false,"boss_relics":[{"not_picked":["Busted Crown","Runic Pyramid"],"picked":"Bromod:ArcaneGrace"}],"items_purged_floors":[],"is_endless":false,"potions_floor_spawned":[1,3,8,12,13,18,23],"killed_by":"Book of Stabbing","ascension_level":12}}