{"host":"00yob6u0fiu7ehgs","time":1609191681,"event":{"mods":["Act Like it!","Arknights The Spire","Art Attack!","BaseMod","Chen","Colored Powertips","Elementarium","Gensokyo","GifTheSpireLib","Infinite Spire","Jorbs\u0027s Wanderer Trilogy","Koishi","Marisa????????","Minty Spire (QoL Compilation)","Rare Cards Sparkle","Reimu??????","Remilia??????","Replay The Spire","StSLib","The Alterego","The Animator","The Cursed","The Forsaken","The Servant 0.9.4","Wandering Minibosses"],"gold_per_floor":[12,22,32,50,50,77,60,72,144,144,144,144,170,190,190,190,190],"floor_reached":16,"playtime":939,"items_purged":[],"score":114,"play_id":"5597551b-4079-455e-93cf-3c9288702c9c","local_time":"20201228144121","is_ascension_mode":false,"campfire_choices":[{"floor":10,"key":"REST"},{"data":"ats:Disruption Kick","floor":12,"key":"SMITH"},{"floor":15,"key":"REST"}],"circlet_count":0,"master_deck":["ats:Strike C","ats:Strike G","ats:Strike S","ats:Armor Crushing Shot","ats:Defend","ats:Defend","ats:Defend","ats:Emotion Absorption","ats:Disruption Kick+1","ats:Magnetic Hammer","ats:Curse Doll","ats:Powerful Strike","ats:Nebulous Foxfire","ats:Collapsing Strike","ats:Overload","ats:Apocalypse","ats:Powerful Strike","Injury","ats:Flexible Camouflage"],"relics":["ats:Sanity","ats:Originium","Torii","ats:Originium","WingedGreaves"],"acts_visited":["Exordium"],"potions_floor_usage":[13],"damage_taken":[{"damage":1,"enemies":"Gensokyo:3_Fairies","floor":1,"turns":4},{"damage":3,"enemies":"Gensokyo:Gryphon","floor":2,"turns":5},{"damage":1,"enemies":"Gensokyo:Python","floor":3,"turns":4},{"damage":25,"enemies":"Gensokyo:Kitsune","floor":4,"turns":6},{"damage":21,"enemies":"Gensokyo:Mamizou","floor":6,"turns":8},{"damage":6,"enemies":"Gensokyo:CorruptedTreant","floor":7,"turns":7},{"damage":8,"enemies":"Gensokyo:2_Rabbits","floor":8,"turns":10},{"damage":20,"enemies":"Gensokyo:Aya","floor":13,"turns":5},{"damage":15,"enemies":"Gensokyo:Python_and_Kodama","floor":14,"turns":3},{"damage":87,"enemies":"Gensokyo:Yukari","floor":16,"turns":11}],"seed_played":"-6466823342262349030","potions_obtained":[{"floor":1,"key":"LiquidMemories"},{"floor":4,"key":"GamblersBrew"},{"floor":6,"key":"Venom Potion"},{"floor":8,"key":"AttackPotion"}],"is_trial":false,"path_per_floor":["M","M","M","M","?","E","M","M","T","R","?","R","E","M","R","B"],"character_chosen":"DOCTOR_CLASS","items_purchased":[],"campfire_rested":2,"item_purchase_floors":[],"current_hp_per_floor":[71,68,67,47,47,32,34,48,48,69,69,69,52,39,60,0,0],"gold":190,"neow_bonus":"TRANSFORM_TWO_CARDS","is_daily":false,"chose_seed":false,"campfire_upgraded":1,"win_rate":0.0,"timestamp":1609191681,"path_taken":["M","M","?","M","?","E","M","M","T","R","?","R","E","M","R","BOSS"],"items_purchased_type":[],"build_version":"2020-12-22","purchased_purges":0,"victory":false,"max_hp_per_floor":[72,72,72,72,72,72,72,72,72,72,72,72,72,72,72,72,72],"card_choices":[{"not_picked":["ats:Apocalypse","ats:Defend Order"],"picked":"ats:Curse Doll","floor":1},{"not_picked":["ats:Cat Scratch","ats:Encircling Forest"],"picked":"ats:Powerful Strike","floor":2},{"not_picked":["ats:Blood Oath","ats:Revitalization"],"picked":"ats:Nebulous Foxfire","floor":3},{"not_picked":["ats:Spore Proliferation","ats:Explosion Area Strengthen"],"picked":"ats:Collapsing Strike","floor":4},{"not_picked":["ats:Shell Defense","ats:Poison Spread"],"picked":"ats:Overload","floor":6},{"not_picked":["ats:Shell Defense","ats:Revitalization"],"picked":"ats:Apocalypse","floor":7},{"not_picked":["ats:Ignite","ats:Hammer On"],"picked":"ats:Powerful Strike","floor":8},{"not_picked":["ats:Overload","ats:Apocalypse"],"picked":"ats:Flexible Camouflage","floor":13},{"not_picked":["ats:Guardian Obelisk","ats:Cat Scratch","ats:Roar Of Ursus"],"picked":"SKIP","floor":14}],"player_experience":337679,"relics_obtained":[{"floor":6,"key":"ats:Originium"},{"floor":6,"key":"Blood Vial"},{"floor":13,"key":"ats:Originium"},{"floor":13,"key":"WingedGreaves"}],"event_choices":[],"is_beta":false,"boss_relics":[],"items_purged_floors":[],"is_endless":false,"potions_floor_spawned":[1,4,6,8],"killed_by":"Gensokyo:Yukari","ascension_level":0}}