{"host":"jqjg4un1gmm27ngb","time":1609124614,"event":{"mods":["AchievementEnabler","BaseMod","Block Reminder","Colored Map","Colored Powertips","DeckTracker","Minty Spire (QoL Compilation)","Quick Restart","Relic Stats"],"gold_per_floor":[366,62,62,81,34,68,68,82,82,99,132,207,207,219,219,315,315,328,347,262,14,29,29,55,154,154,180,199,212,223,238,238,238,238],"floor_reached":33,"playtime":2518,"items_purged":["Clumsy","Strike_B"],"score":304,"play_id":"9bba0633-4428-4642-ab24-5a3a4fc45ede","local_time":"20201227220334","is_ascension_mode":false,"campfire_choices":[{"floor":7,"key":"REST"},{"floor":13,"key":"REST"},{"floor":15,"key":"REST"},{"data":"Lockon","floor":23,"key":"SMITH"},{"floor":32,"key":"REST"}],"circlet_count":0,"master_deck":["Strike_B+1","Strike_B","Strike_B+1","Defend_B","Defend_B","Defend_B","Defend_B","Zap","Dualcast","Self Repair","Static Discharge","Cold Snap","Conserve Battery","Darkness","Defragment","Beam Cell","Hologram","Cold Snap","Lockon+1","Coolheaded","Ball Lightning","Gash","Gash","Echo Form","Loop+1","Rip and Tear+1","Chill","Compile Driver","Coolheaded+1","Coolheaded+1","Rebound","Sweeping Beam","All For One"],"relics":["FrozenCore","Orrery","Mummified Hand","PreservedInsect","Blue Candle","Mercury Hourglass","ClockworkSouvenir","Shuriken","Kunai","Red Mask"],"acts_visited":["Exordium","TheCity"],"potions_floor_usage":[11,11,16,24,30,33,33,33],"damage_taken":[{"damage":13,"enemies":"2 Louse","floor":1,"turns":2},{"damage":0,"enemies":"Jaw Worm","floor":4,"turns":1},{"damage":37,"enemies":"Lagavulin","floor":6,"turns":7},{"damage":5,"enemies":"Small Slimes","floor":8,"turns":3},{"damage":4,"enemies":"Looter","floor":10,"turns":3},{"damage":0,"enemies":"Gremlin Nob","floor":11,"turns":3},{"damage":11,"enemies":"3 Louse","floor":14,"turns":2},{"damage":25,"enemies":"The Guardian","floor":16,"turns":8},{"damage":8,"enemies":"Chosen","floor":18,"turns":5},{"damage":7,"enemies":"3 Byrds","floor":19,"turns":5},{"damage":9,"enemies":"Snecko","floor":22,"turns":6},{"damage":25,"enemies":"Slavers","floor":24,"turns":5},{"damage":29,"enemies":"Masked Bandits","floor":27,"turns":5},{"damage":0,"enemies":"Cultist and Chosen","floor":28,"turns":5},{"damage":2,"enemies":"Centurion and Healer","floor":29,"turns":7},{"damage":8,"enemies":"Shelled Parasite and Fungi","floor":30,"turns":5},{"damage":2,"enemies":"Cultist and Chosen","floor":31,"turns":5},{"damage":52,"enemies":"Champ","floor":33,"turns":8}],"seed_played":"3287584295114314436","potions_obtained":[{"floor":1,"key":"Ancient Potion"},{"floor":4,"key":"Block Potion"},{"floor":6,"key":"EssenceOfDarkness"},{"floor":19,"key":"SteroidPotion"},{"floor":22,"key":"BlessingOfTheForge"},{"floor":29,"key":"Ancient Potion"},{"floor":30,"key":"Ancient Potion"},{"floor":31,"key":"LiquidBronze"}],"is_trial":false,"path_per_floor":["M","$","?","M","$","E","R","M","T","M","E","?","R","M","R","B",null,"M","M","?","$","M","R","E","?","T","?","M","M","M","M","R","B"],"character_chosen":"DEFECT","items_purchased":["Static Discharge","Orrery","Cold Snap","ClockworkSouvenir"],"campfire_rested":4,"item_purchase_floors":[2,2,5,21],"current_hp_per_floor":[62,62,47,47,47,17,39,41,41,37,37,26,48,37,59,41,75,67,67,67,67,65,65,40,40,40,18,25,30,22,20,42,0,0],"gold":238,"neow_bonus":"TWO_FIFTY_GOLD","is_daily":false,"chose_seed":false,"campfire_upgraded":1,"win_rate":0.0,"timestamp":1609124614,"path_taken":["M","$","?","M","$","E","R","M","T","M","E","?","R","M","R","BOSS","M","M","?","$","M","R","E","?","T","?","M","M","M","M","R","BOSS"],"items_purchased_type":["Card","Relic","Card","Relic"],"build_version":"2020-12-22","purchased_purges":2,"victory":false,"max_hp_per_floor":[75,75,75,75,75,75,75,75,75,75,75,75,75,75,75,75,75,75,75,75,75,75,75,75,75,75,75,75,75,75,75,75,75,75],"relic_stats":{"counters":[18,84],"Mummified Hand":[49],"Shuriken":[14],"Blue Candle":[0],"PreservedInsect":59,"Kunai":[14],"obtain_stats":[{"Mummified Hand":6,"Shuriken":24,"Blue Candle":11,"Orrery":2,"PreservedInsect":9,"Red Mask":27,"Kunai":26,"Cracked Core":0,"FrozenCore":17,"Mercury Hourglass":20,"ClockworkSouvenir":21},{"Mummified Hand":3,"Shuriken":12,"Blue Candle":6,"Orrery":1,"PreservedInsect":4,"Red Mask":13,"Kunai":12,"Cracked Core":0,"FrozenCore":8,"Mercury Hourglass":10,"ClockworkSouvenir":10},{"Mummified Hand":10,"Shuriken":49,"Blue Candle":19,"Orrery":2,"PreservedInsect":13,"Red Mask":54,"Kunai":49,"Cracked Core":0,"FrozenCore":29,"Mercury Hourglass":39,"ClockworkSouvenir":39}],"FrozenCore":[17],"Mercury Hourglass":[174]},"card_choices":[{"not_picked":["Gash","Conserve Battery"],"picked":"Self Repair","floor":1},{"not_picked":["Coolheaded","Creative AI"],"picked":"Cold Snap","floor":2},{"not_picked":["Go for the Eyes","Barrage"],"picked":"Conserve Battery","floor":2},{"not_picked":["Turbo","Aggregate"],"picked":"Darkness","floor":2},{"not_picked":["Stack","Reprogram"],"picked":"Defragment","floor":2},{"not_picked":["Stack","Force Field"],"picked":"Beam Cell","floor":2},{"not_picked":["Redo","Heatsinks"],"picked":"Hologram","floor":4},{"not_picked":["Conserve Battery","Sunder"],"picked":"Lockon","floor":6},{"not_picked":["Biased Cognition","Recycle"],"picked":"Coolheaded","floor":8},{"not_picked":["Turbo","Redo"],"picked":"Ball Lightning","floor":10},{"not_picked":["Hologram","Heatsinks"],"picked":"Gash","floor":11},{"not_picked":["Chaos","Conserve Battery"],"picked":"Gash","floor":14},{"not_picked":["Reboot","Core Surge"],"picked":"Echo Form","floor":16},{"not_picked":["Beam Cell","Turbo"],"picked":"Loop+1","floor":18},{"not_picked":["Stack","Beam Cell"],"picked":"Rip and Tear+1","floor":19},{"not_picked":["Reinforced Body","Redo+1"],"picked":"Chill","floor":22},{"not_picked":["Hologram+1","Fission"],"picked":"Compile Driver","floor":24},{"not_picked":["Beam Cell","Conserve Battery"],"picked":"Coolheaded+1","floor":27},{"not_picked":["Go for the Eyes","Heatsinks"],"picked":"Coolheaded+1","floor":28},{"not_picked":["Undo+1","Consume"],"picked":"Rebound","floor":29},{"not_picked":["Cold Snap+1","Rebound"],"picked":"Sweeping Beam","floor":30},{"not_picked":["Streamline","Redo+1"],"picked":"All For One","floor":31}],"player_experience":149211,"relics_obtained":[{"floor":6,"key":"Mummified Hand"},{"floor":9,"key":"PreservedInsect"},{"floor":11,"key":"Blue Candle"},{"floor":24,"key":"Shuriken"},{"floor":26,"key":"Kunai"},{"floor":27,"key":"Red Mask"}],"event_choices":[{"damage_healed":0,"gold_gain":0,"player_choice":"Entered Light","damage_taken":15,"max_hp_gain":0,"max_hp_loss":0,"event_name":"Shining Light","floor":3,"gold_loss":0,"cards_upgraded":["Strike_B","Strike_B"]},{"damage_healed":0,"gold_gain":75,"player_choice":"Gather Gold","damage_taken":11,"max_hp_gain":0,"max_hp_loss":0,"event_name":"World of Goop","floor":12,"gold_loss":0},{"damage_healed":0,"gold_gain":0,"player_choice":"Obtained Relic","damage_taken":0,"relics_obtained":["Mercury Hourglass"],"max_hp_gain":0,"max_hp_loss":0,"event_name":"Addict","floor":20,"gold_loss":85},{"damage_healed":0,"gold_gain":99,"player_choice":"Stole From Cult","damage_taken":0,"max_hp_gain":0,"max_hp_loss":0,"event_name":"Nest","floor":25,"gold_loss":0},{"damage_healed":0,"gold_gain":0,"player_choice":"Fought Bandits","damage_taken":0,"max_hp_gain":0,"max_hp_loss":0,"event_name":"Masked Bandits","floor":27,"gold_loss":0}],"is_beta":false,"boss_relics":[{"not_picked":["Busted Crown","SacredBark"],"picked":"FrozenCore"}],"items_purged_floors":[2,21],"is_endless":false,"potions_floor_spawned":[1,4,6,19,22,29,30,31],"killed_by":"Champ","ascension_level":0}}