{"host":"grli52lbdph2722t","time":1609165330,"event":{"mods":["AchievementEnabler","BaseMod","Downfall","Minty Spire (QoL Compilation)","Quick Restart","StSLib"],"gold_per_floor":[99,117,131,142,142,142,169,8,33,33,66,81,120,30,49,156,156,156,184,133,133,133,133],"floor_reached":21,"playtime":914,"items_purged":["champ:Strike","champ:Strike"],"score":322,"play_id":"f1e0749f-fbf0-41cd-9747-fef545fc6189","local_time":"20201228152210","is_ascension_mode":true,"campfire_choices":[{"data":"champ:Execute","floor":1,"key":"SMITH"},{"data":"champ:GladiatorStyle","floor":6,"key":"SMITH"},{"floor":10,"key":"REST"},{"floor":18,"key":"RECALL"}],"circlet_count":0,"master_deck":["champ:Strike","champ:Strike","champ:Defend","champ:Defend","champ:Defend","champ:Defend","champ:Execute+1","champ:Taunt","champ:GladiatorStyle+1","champ:AdrenalArmor","champ:DeathBlow","champ:Duel","champ:Haymaker","champ:ShieldSlam","champ:BringItOn","champ:Backstep","champ:BerserkersShout","champ:StrikeOfGenius","champ:Balance","champ:CalledShot+1","champ:EnchantCrown","champ:ArenaPreparation"],"relics":["champ:ChampionCrown","champ:SignatureFinisher","Art of War","Bag of Preparation","Du-Vu Doll","Bronze Scales","CeramicFish","SlaversCollar","Strange Spoon"],"acts_visited":["Exordium","TheCity"],"potions_floor_usage":[11,12,13],"damage_taken":[{"damage":17,"enemies":"Cultist","floor":2,"turns":4},{"damage":23,"enemies":"Jaw Worm","floor":3,"turns":3},{"damage":10,"enemies":"Small Slimes","floor":4,"turns":4},{"damage":23,"enemies":"downfall:FleeingMerchant","floor":8,"turns":4},{"damage":39,"enemies":"Gremlin Nob","floor":9,"turns":4},{"damage":41,"enemies":"Lagavulin","floor":11,"turns":6},{"damage":23,"enemies":"Exordium Thugs","floor":12,"turns":2},{"damage":7,"enemies":"Gremlin Nob","floor":13,"turns":3},{"damage":20,"enemies":"downfall:FleeingMerchant","floor":14,"turns":4},{"damage":5,"enemies":"Exordium Wildlife","floor":15,"turns":2},{"damage":27,"enemies":"downfall:Watcher","floor":16,"turns":10},{"damage":46,"enemies":"Chosen","floor":19,"turns":7},{"damage":24,"enemies":"downfall:FleeingMerchant","floor":20,"turns":4},{"damage":32,"enemies":"Sentry and Sphere","floor":21,"turns":3}],"seed_played":"-8614503786876416475","potions_obtained":[{"floor":2,"key":"hexamod:EctoCoolerPotion"},{"floor":3,"key":"SkillPotion"},{"floor":9,"key":"PowerPotion"},{"floor":12,"key":"Energy Potion"},{"floor":13,"key":"SpeedPotion"}],"is_trial":false,"path_per_floor":["R","M","M","M","?","R","T","$","E","R","E","M","E","$","M","B",null,"R","M","$","M"],"character_chosen":"THE_CHAMP","items_purchased":["Bag of Preparation","champ:EnchantCrown","Strange Spoon","champ:ArenaPreparation"],"campfire_rested":1,"item_purchase_floors":[8,20,20,20],"current_hp_per_floor":[81,74,56,53,53,53,53,52,28,55,51,40,40,40,40,38,77,77,41,32,0,0,0],"gold":133,"neow_bonus":"ONE_RARE_RELIC","is_daily":false,"chose_seed":false,"campfire_upgraded":2,"win_rate":0.0,"timestamp":1609165330,"path_taken":["R","M","M","?","?","R","T","$","E","R","E","M","E","?","M","BOSS","R","M","?","M"],"items_purchased_type":["Relic","Card","Relic","Card"],"build_version":"2020-12-22","purchased_purges":2,"victory":false,"max_hp_per_floor":[90,90,90,90,90,90,90,90,90,90,90,90,90,90,90,90,90,90,90,90,90,90,90],"card_choices":[{"not_picked":["champ:EnragedBash","champ:ShieldSigil"],"picked":"champ:GladiatorStyle","floor":2},{"not_picked":["champ:Encircle","champ:FlashCut"],"picked":"champ:AdrenalArmor","floor":3},{"not_picked":["champ:Aggression","champ:GladiatorStyle"],"picked":"champ:DeathBlow","floor":4},{"not_picked":["champ:FalseCounter","champ:Encircle"],"picked":"champ:Duel","floor":8},{"not_picked":["champ:StanceDance","champ:BringItOn"],"picked":"champ:Haymaker","floor":9},{"not_picked":["champ:AdrenalArmor","champ:CalledShot"],"picked":"champ:ShieldSlam","floor":11},{"not_picked":["champ:ShieldSigil","champ:PerfectedStrike"],"picked":"champ:BringItOn","floor":12},{"not_picked":["champ:GutPunch","champ:FightOn"],"picked":"champ:Backstep","floor":13},{"not_picked":["champ:ShieldWall","champ:PerfectedStrike","champ:GutPunch"],"picked":"SKIP","floor":14},{"not_picked":["champ:PreciseThrust","champ:AdrenalArmor"],"picked":"champ:BerserkersShout","floor":15},{"not_picked":["champ:ShieldThrow","champ:VampiricStrike"],"picked":"champ:StrikeOfGenius","floor":16},{"not_picked":["champ:RageSigil","champ:GutPunch"],"picked":"champ:Balance","floor":19},{"not_picked":["champ:GladiatorsShout","champ:FlashCut"],"picked":"champ:CalledShot+1","floor":20}],"player_experience":4882447,"relics_obtained":[{"floor":7,"key":"Art of War"},{"floor":9,"key":"Du-Vu Doll"},{"floor":11,"key":"Bronze Scales"},{"floor":13,"key":"CeramicFish"}],"event_choices":[{"cards_removed":["Pain"],"damage_healed":0,"gold_gain":0,"player_choice":"Purged","damage_taken":0,"max_hp_gain":0,"max_hp_loss":0,"event_name":"Purifier","floor":5,"gold_loss":0}],"is_beta":false,"boss_relics":[{"not_picked":["Velvet Choker","SacredBark"],"picked":"SlaversCollar"}],"items_purged_floors":[14,20],"is_endless":false,"potions_floor_spawned":[2,3,9,12,13],"killed_by":"Sentry and Sphere","ascension_level":9}}