{"host":"sav7uxregyirlf69","time":1609166437,"event":{"mods":["AchievementEnabler","BaseMod","Colored Map","DeckTracker","Keyboard Shortcuts","Minty Spire (QoL Compilation)","READ ME - Guardian Mod","StSLib","SuperFastMode"],"gold_per_floor":[14,14,14,33,51,85,85,102,154,154,79,92,92,118,118,218,218,236,252,252,252,252,252],"floor_reached":22,"playtime":322,"items_purged":["Strike_R"],"score":209,"play_id":"c0a834b6-edd6-4a18-8464-fc7d5fc8d6bc","local_time":"20201228234037","is_ascension_mode":false,"campfire_choices":[{"data":"Juggernaut","floor":7,"key":"SMITH"},{"data":"Bash","floor":13,"key":"SMITH"},{"data":"Inflame","floor":15,"key":"SMITH"}],"circlet_count":0,"master_deck":["Strike_R","Strike_R","Strike_R","Defend_R","Defend_R","Defend_R","Defend_R","Bash+1","Juggernaut+1","Armaments+1","Clash","Sever Soul","Inflame+1","Flex","Clash","Limit Break","Seeing Red","Sword Boomerang"],"relics":["Black Blood"],"acts_visited":["Exordium","TheCity"],"potions_floor_usage":[6,8,16,19,22],"damage_taken":[{"damage":4,"enemies":"Cultist","floor":1,"turns":4},{"damage":8,"enemies":"2 Louse","floor":4,"turns":4},{"damage":6,"enemies":"Jaw Worm","floor":5,"turns":3},{"damage":0,"enemies":"Gremlin Nob","floor":6,"turns":3},{"damage":0,"enemies":"Lots of Slimes","floor":8,"turns":1},{"damage":14,"enemies":"Exordium Wildlife","floor":12,"turns":4},{"damage":18,"enemies":"The Guardian","floor":16,"turns":8},{"damage":16,"enemies":"Spheric Guardian","floor":18,"turns":4},{"damage":32,"enemies":"Chosen","floor":19,"turns":5},{"damage":73,"enemies":"Shelled Parasite and Fungi","floor":22,"turns":5}],"seed_played":"-2258257162785010741","potions_obtained":[{"floor":3,"key":"SmokeBomb"},{"floor":3,"key":"Regen Potion"},{"floor":3,"key":"Swift Potion"},{"floor":4,"key":"DistilledChaos"},{"floor":6,"key":"Explosive Potion"},{"floor":8,"key":"PowerPotion"},{"floor":16,"key":"FearPotion"}],"is_trial":false,"path_per_floor":["M","?","?","M","M","E","R","M","T","?","$","M","R","T","R","B",null,"M","M","?","?","M"],"character_chosen":"IRONCLAD","items_purchased":[],"campfire_rested":0,"item_purchase_floors":[],"current_hp_per_floor":[80,80,80,78,78,80,80,80,80,80,80,72,72,72,72,60,80,76,56,56,56,0,0],"gold":252,"neow_bonus":"THREE_RARE_CARDS","is_daily":false,"chose_seed":false,"campfire_upgraded":3,"win_rate":0.0,"timestamp":1609166437,"path_taken":["M","?","?","M","?","E","R","M","T","?","$","?","R","?","R","BOSS","M","M","?","?","?"],"items_purchased_type":[],"build_version":"2020-12-22","purchased_purges":1,"victory":false,"max_hp_per_floor":[80,80,80,80,80,80,80,80,80,80,80,80,80,80,80,80,80,80,80,80,80,80,80],"card_choices":[{"not_picked":["Berserk","Brutality"],"picked":"Juggernaut","floor":0},{"not_picked":["Anger","Pommel Strike"],"picked":"Armaments","floor":1},{"not_picked":["Infernal Blade","True Grit"],"picked":"Clash","floor":4},{"not_picked":["Dark Embrace","Carnage"],"picked":"Sever Soul","floor":5},{"not_picked":["Brutality","Warcry"],"picked":"Inflame","floor":6},{"not_picked":["Pommel Strike","Iron Wave","Anger"],"picked":"SKIP","floor":8},{"not_picked":["Blood for Blood","Whirlwind"],"picked":"Clash","floor":12},{"not_picked":["Juggernaut","Berserk"],"picked":"Limit Break","floor":16},{"not_picked":["Warcry+1","Iron Wave"],"picked":"Seeing Red","floor":18},{"not_picked":["Clothesline","Blood for Blood+1"],"picked":"Sword Boomerang","floor":19}],"player_experience":1035335,"relics_obtained":[],"event_choices":[{"damage_healed":0,"gold_gain":0,"player_choice":"Grow","damage_taken":0,"max_hp_gain":0,"max_hp_loss":0,"event_name":"Living Wall","floor":2,"gold_loss":0,"cards_upgraded":["Armaments"]},{"damage_healed":0,"gold_gain":0,"player_choice":"Got Potions","damage_taken":0,"max_hp_gain":0,"max_hp_loss":0,"event_name":"Lab","floor":3,"gold_loss":0},{"damage_healed":0,"gold_gain":0,"cards_transformed":["Strike_R"],"player_choice":"Transformed","damage_taken":0,"max_hp_gain":0,"max_hp_loss":0,"event_name":"Transmorgrifier","floor":10,"gold_loss":0,"cards_obtained":["Flex"]},{"damage_healed":0,"gold_gain":0,"player_choice":"Ignored","damage_taken":0,"max_hp_gain":0,"max_hp_loss":0,"event_name":"Cursed Tome","floor":20,"gold_loss":0},{"damage_healed":0,"gold_gain":0,"player_choice":"Ignored","damage_taken":0,"max_hp_gain":0,"max_hp_loss":0,"event_name":"Ghosts","floor":21,"gold_loss":0}],"is_beta":false,"boss_relics":[{"not_picked":["Fusion Hammer","Tiny House"],"picked":"Black Blood"}],"items_purged_floors":[11],"is_endless":false,"potions_floor_spawned":[4,6,8,16,18],"killed_by":"Shelled Parasite and Fungi","ascension_level":0}}