{"host":"f5ezd1v29dtbwkzo","time":1609179475,"event":{"mods":["2.2 Compatiblity","BaseMod","Hermit","Minty Spire (QoL Compilation)","Rare Cards Sparkle","Replay The Spire","StSLib"],"gold_per_floor":[112,128,93,103,129,129,42,54,66,88,100,102,114,151,163,271,283,312,324,348,360,392,404,416,444,456,13,24,51,51,86,86,184,184,194,46,46,63,79,107,107,107,107,107,8,8,26,0,0,0],"floor_reached":51,"playtime":3449,"items_purged":["Defend_R"],"score":740,"play_id":"3626b9d6-a1d3-4d6e-bbbd-f5424e1fb1bd","local_time":"20201228211755","is_ascension_mode":false,"campfire_choices":[{"floor":6,"key":"DIG"},{"floor":8,"key":"DIG"},{"floor":13,"key":"REST"},{"floor":15,"key":"DIG"},{"floor":24,"key":"DIG"},{"floor":30,"key":"DIG"},{"floor":32,"key":"DIG"},{"floor":42,"key":"DIG"},{"floor":44,"key":"DIG"},{"floor":49,"key":"DIG"}],"circlet_count":0,"master_deck":["Strike_R","Strike_R","Strike_R+1","Defend_R+1","Defend_R","Bash","Thunderclap","Armaments+1","ReplayTheSpireMod:Splinters","Shrug It Off","Clash","Anger","Pot Of Greed","Pot Of Greed","Seeing Red","Impervious","Spot Weakness","True Grit+1","Panacea","Body Slam+1","Body Slam+1","Shrug It Off+1"],"relics":["Replay:Drink Me","Shovel","MawBank","Ornamental Fan","Snack Pack","Replay:Rubber Ducky","Grinning Jar","Smiling Mask","Busted Crown","Omamori","Iron Hammer","Kunai","Shuriken","Strawberry","Turnip","Blue Candle","SlaversCollar","Strange Spoon","Regal Pillow","Eternal Feather","Pantograph","Toxic Egg 2","Red Mask","Simple Rune"],"acts_visited":["Exordium","TheCity","TheBeyond"],"potions_floor_usage":[16,16,23,27,33,39,39],"damage_taken":[{"damage":27,"enemies":"Cultist","floor":1,"turns":6},{"damage":6,"enemies":"2 Louse","floor":2,"turns":6},{"damage":10,"enemies":"Small Slimes","floor":4,"turns":6},{"damage":13,"enemies":"3 Louse","floor":10,"turns":6},{"damage":0,"enemies":"Exordium Thugs","floor":12,"turns":5},{"damage":0,"enemies":"Lagavulin","floor":14,"turns":8},{"damage":47,"enemies":"Slime Boss","floor":16,"turns":18},{"damage":4,"enemies":"Spheric Guardian","floor":18,"turns":6},{"damage":3,"enemies":"Shell Parasite","floor":20,"turns":7},{"damage":15,"enemies":"Sentry and Sphere","floor":22,"turns":8},{"damage":0,"enemies":"Chosen and Byrds","floor":23,"turns":1},{"damage":0,"enemies":"Centurion and Healer","floor":25,"turns":5},{"damage":0,"enemies":"Sentry and Sphere","floor":28,"turns":8},{"damage":0,"enemies":"Book of Stabbing","floor":29,"turns":5},{"damage":7,"enemies":"Replay:Snechameleon","floor":31,"turns":7},{"damage":13,"enemies":"Pondfish","floor":33,"turns":9},{"damage":10,"enemies":"Orb Walker","floor":35,"turns":5},{"damage":7,"enemies":"3 Darklings","floor":38,"turns":6},{"damage":6,"enemies":"4 Shapes","floor":39,"turns":11},{"damage":4,"enemies":"Nemesis","floor":40,"turns":3},{"damage":2,"enemies":"Maw","floor":47,"turns":6},{"damage":5,"enemies":"Replay:Hell Engine","floor":50,"turns":8}],"seed_played":"-202177677561568012","potions_obtained":[{"floor":1,"key":"BloodPotion"},{"floor":4,"key":"Milkshake"},{"floor":12,"key":"Ancient Potion"},{"floor":14,"key":"SmokeBomb"},{"floor":22,"key":"PowerPotion"},{"floor":25,"key":"Death Potion"},{"floor":28,"key":"SkillPotion"},{"floor":35,"key":"SkillPotion"}],"is_trial":false,"path_per_floor":["M","M","?","M","?","R","?","R","T","M","$","M","R","E","R","B",null,"M","?","M","$","M","M","R","M","T","$","M","E","R","E","R","B",null,"M","$","?","M","M","E","?","R","T","R","$","?","M","?","R","B",null],"character_chosen":"IRONCLAD","items_purchased":["Kunai","Fruit Juice","Panacea","Strange Spoon","Shrug It Off+1"],"campfire_rested":1,"item_purchase_floors":[27,27,27,36,45],"current_hp_per_floor":[33,27,42,32,32,32,32,32,32,19,19,19,37,43,43,24,60,60,60,59,59,48,48,48,52,52,57,65,65,72,65,65,60,72,62,62,62,61,57,57,72,72,72,72,72,72,72,72,72,72],"gold":0,"neow_bonus":"BOSS_RELIC","is_daily":false,"chose_seed":false,"campfire_upgraded":0,"win_rate":0.0,"timestamp":1609179475,"path_taken":["M","?","?","M","?","R","?","R","T","?","$","M","R","E","R","BOSS","M","?","?","$","?","M","R","M","T","$","M","E","R","E","R","BOSS","M","$","?","?","M","E","?","R","T","R","$","?","M","?","R","BOSS"],"items_purchased_type":["Relic","Potion","Card","Relic","Card"],"build_version":"2020-12-22","purchased_purges":1,"victory":true,"max_hp_per_floor":[60,60,60,60,60,60,60,60,60,60,60,60,60,60,60,60,60,60,60,60,60,60,60,60,60,60,65,65,65,72,72,72,72,72,72,72,72,72,72,72,72,72,72,72,72,72,72,72,72,72],"card_choices":[{"not_picked":["Hemokinesis","ReplayTheSpireMod:Strike From Hell","Clothesline"],"picked":"SKIP","floor":1},{"not_picked":["Pummel","Sword Boomerang"],"picked":"Thunderclap","floor":2},{"not_picked":["Feel No Pain","Heavy Blade"],"picked":"Armaments","floor":4},{"not_picked":["Run Through","Rage"],"picked":"Shrug It Off","floor":5},{"not_picked":["ReplayTheSpireMod:Limb From Limb","ReplayTheSpireMod:Corrosion Curse"],"picked":"Clash","floor":10},{"not_picked":["Pommel Strike","Spot Weakness"],"picked":"Anger","floor":12},{"not_picked":["Fiend Fire","Blood for Blood"],"picked":"Seeing Red","floor":14},{"not_picked":["Barricade","Offering"],"picked":"Impervious","floor":16},{"not_picked":[],"picked":"Spot Weakness","floor":18},{"not_picked":["Shrug It Off"],"picked":"SKIP","floor":20},{"not_picked":["Thunderclap"],"picked":"SKIP","floor":22},{"not_picked":[],"picked":"True Grit+1","floor":25},{"not_picked":["Reckless Charge"],"picked":"SKIP","floor":28},{"not_picked":["Brutality"],"picked":"SKIP","floor":29},{"not_picked":["Defy Death"],"picked":"SKIP","floor":31},{"not_picked":[],"picked":"Hemokinesis+1","floor":35},{"not_picked":["Armaments+1"],"picked":"SKIP","floor":38},{"not_picked":[],"picked":"Body Slam+1","floor":39},{"not_picked":[],"picked":"Body Slam+1","floor":40},{"not_picked":["True Grit+1"],"picked":"SKIP","floor":47}],"player_experience":301664,"relics_obtained":[{"floor":5,"key":"Shovel"},{"floor":6,"key":"MawBank"},{"floor":8,"key":"Snack Pack"},{"floor":9,"key":"Replay:Rubber Ducky"},{"floor":14,"key":"Grinning Jar"},{"floor":15,"key":"Smiling Mask"},{"floor":24,"key":"Omamori"},{"floor":26,"key":"Iron Hammer"},{"floor":29,"key":"Shuriken"},{"floor":30,"key":"Strawberry"},{"floor":31,"key":"Turnip"},{"floor":32,"key":"Blue Candle"},{"floor":40,"key":"Regal Pillow"},{"floor":42,"key":"Eternal Feather"},{"floor":43,"key":"Pantograph"},{"floor":44,"key":"Toxic Egg 2"},{"floor":49,"key":"Simple Rune"}],"event_choices":[{"damage_healed":15,"gold_gain":0,"player_choice":"Healed","damage_taken":0,"max_hp_gain":0,"max_hp_loss":0,"event_name":"The Cleric","floor":3,"gold_loss":35},{"damage_healed":0,"gold_gain":0,"player_choice":"Paid Gold","damage_taken":0,"relics_obtained":["Ornamental Fan"],"max_hp_gain":0,"max_hp_loss":0,"event_name":"WeMeetAgain","floor":7,"gold_loss":99},{"damage_healed":0,"gold_gain":0,"player_choice":"Ignored","damage_taken":0,"max_hp_gain":0,"max_hp_loss":0,"event_name":"NoteForYourself","floor":19,"gold_loss":0},{"damage_healed":0,"gold_gain":0,"player_choice":"Upgraded","damage_taken":0,"max_hp_gain":0,"max_hp_loss":0,"event_name":"Upgrade Shrine","floor":37,"gold_loss":0,"cards_upgraded":["Armaments"]},{"damage_healed":18,"gold_gain":0,"player_choice":"Writhe","damage_taken":0,"max_hp_gain":0,"max_hp_loss":0,"event_name":"Winding Halls","floor":41,"gold_loss":0,"cards_obtained":["Writhe"]},{"cards_removed":["Hemokinesis"],"damage_healed":0,"gold_gain":0,"player_choice":"Removed Attack","damage_taken":0,"max_hp_gain":0,"max_hp_loss":0,"event_name":"Falling","floor":46,"gold_loss":0},{"damage_healed":0,"gold_gain":0,"player_choice":"Paid","damage_taken":0,"relics_obtained":["Red Mask"],"max_hp_gain":0,"max_hp_loss":0,"event_name":"Tomb of Lord Red Mask","floor":48,"gold_loss":26}],"is_beta":false,"boss_relics":[{"not_picked":["Replay:Bronze Core","Snecko Eye"],"picked":"Busted Crown"},{"not_picked":["Philosopher\u0027s Stone","Electric Blood"],"picked":"SlaversCollar"}],"items_purged_floors":[45],"is_endless":false,"potions_floor_spawned":[1,4,12,14,22,25,28,29,35],"ascension_level":0}}