{"host":"7mrmd33mpx7q5wx9","time":1609150122,"event":{"mods":["AchievementEnabler","BaseMod","BetterRewards","Colored Map","Defuse TimeMaze Blight","Minty Spire (QoL Compilation)","Permanent Neow","Quick Restart","StSLib"],"gold_per_floor":[111,186,186,200,36,63,89,101,136,148,160,183,206,234,246,360,372,384,413,17,28,28,28,57,71,71,81,91,170,183,193,193,291,291,302,321,1,1,12,37,37,50,50,85,101,101,125,151,151,151,151,151,79,122,122],"floor_reached":56,"playtime":2750,"items_purged":["Strike_R","Defend_R","Strike_R"],"score":1260,"play_id":"436a1488-ca09-4944-993f-ac82a65d420a","local_time":"20201228040842","is_ascension_mode":false,"campfire_choices":[{"data":"Metallicize","floor":8,"key":"SMITH"},{"data":"Uppercut","floor":10,"key":"SMITH"},{"data":"Bash","floor":15,"key":"SMITH"},{"data":"Feed","floor":23,"key":"SMITH"},{"floor":32,"key":"REST"},{"floor":41,"key":"REST"},{"floor":49,"key":"RECALL"},{"data":"Disarm","floor":52,"key":"SMITH"}],"circlet_count":0,"master_deck":["Strike_R","Strike_R","Defend_R","Defend_R","Defend_R","Bash+1","Metallicize+1","Warcry","Uppercut+1","Cleave","Corruption","Spot Weakness","Intimidate","Twin Strike","Heavy Blade","Iron Wave","Feed+1","Impervious","Sever Soul","Disarm+1","Dark Embrace+1","Clothesline","Limit Break","Evolve","Feel No Pain+1","Spot Weakness","Metallicize+1","Power Through+1","Injury","Disarm+1","Pain","Battle Trance","Spot Weakness","Berserk"],"relics":["Snecko Eye","MawBank","Tiny Chest","Philosopher\u0027s Stone","Sling","Red Skull","Anchor","Letter Opener","Cursed Key","Self Forming Clay","Art of War","CeramicFish","Orichalcum"],"acts_visited":["Exordium","TheCity","TheBeyond","TheEnding"],"potions_floor_usage":[18,24,27,30,33,36,44,55,55,55],"damage_taken":[{"damage":0,"enemies":"2 Louse","floor":1,"turns":2},{"damage":0,"enemies":"Cultist","floor":4,"turns":4},{"damage":11,"enemies":"Gremlin Nob","floor":6,"turns":4},{"damage":0,"enemies":"Small Slimes","floor":7,"turns":4},{"damage":13,"enemies":"Gremlin Gang","floor":12,"turns":5},{"damage":0,"enemies":"3 Louse","floor":13,"turns":3},{"damage":7,"enemies":"Lots of Slimes","floor":14,"turns":3},{"damage":9,"enemies":"Hexaghost","floor":16,"turns":7},{"damage":5,"enemies":"3 Byrds","floor":18,"turns":2},{"damage":12,"enemies":"Chosen","floor":19,"turns":2},{"damage":9,"enemies":"Centurion and Healer","floor":21,"turns":5},{"damage":27,"enemies":"Slavers","floor":24,"turns":6},{"damage":13,"enemies":"Snake Plant","floor":25,"turns":4},{"damage":0,"enemies":"Chosen and Byrds","floor":27,"turns":3},{"damage":11,"enemies":"Centurion and Healer","floor":28,"turns":4},{"damage":0,"enemies":"Snake Plant","floor":30,"turns":2},{"damage":8,"enemies":"Cultist and Chosen","floor":31,"turns":4},{"damage":29,"enemies":"Collector","floor":33,"turns":8},{"damage":26,"enemies":"3 Shapes","floor":35,"turns":3},{"damage":24,"enemies":"3 Darklings","floor":36,"turns":4},{"damage":7,"enemies":"Spire Growth","floor":39,"turns":5},{"damage":22,"enemies":"Nemesis","floor":40,"turns":5},{"damage":0,"enemies":"Maw","floor":42,"turns":7},{"damage":2,"enemies":"Giant Head","floor":44,"turns":5},{"damage":0,"enemies":"Writhing Mass","floor":45,"turns":5},{"damage":23,"enemies":"Sphere and 2 Shapes","floor":48,"turns":7},{"damage":18,"enemies":"Awakened One","floor":50,"turns":8},{"damage":18,"enemies":"Shield and Spear","floor":54,"turns":6},{"damage":62,"enemies":"The Heart","floor":55,"turns":7}],"seed_played":"-6153133597738389463","potions_obtained":[{"floor":7,"key":"FearPotion"},{"floor":12,"key":"Ancient Potion"},{"floor":14,"key":"SmokeBomb"},{"floor":22,"key":"Regen Potion"},{"floor":22,"key":"Dexterity Potion"},{"floor":24,"key":"GamblersBrew"},{"floor":28,"key":"SteroidPotion"},{"floor":31,"key":"Energy Potion"},{"floor":33,"key":"EntropicBrew"},{"floor":36,"key":"Fruit Juice"},{"floor":42,"key":"BloodPotion"},{"floor":44,"key":"BloodPotion"},{"floor":45,"key":"LiquidMemories"}],"is_trial":false,"path_per_floor":["M","?","?","M","$","E","M","R","T","R","?","M","M","M","R","B",null,"M","M","$","M","?","R","E","M","T","M","M","T","M","M","R","B",null,"M","M","$","?","M","E","R","M","T","E","M","?","T","M","R","B",null,"R","$","E","B",null],"character_chosen":"IRONCLAD","items_purchased":["Uppercut","Cleave","Sling","Impervious","Feel No Pain","Spot Weakness","LiquidMemories","Spot Weakness"],"campfire_rested":2,"item_purchase_floors":[5,5,20,20,37,37,37,53],"current_hp_per_floor":[80,69,69,69,69,58,58,58,58,58,58,45,45,38,38,29,80,75,66,66,60,60,60,47,38,38,42,31,31,35,27,56,27,98,72,53,53,53,46,28,60,60,60,79,83,73,73,54,54,40,119,119,119,101,62],"gold":122,"neow_bonus":"BOSS_RELIC","is_daily":false,"chose_seed":false,"campfire_upgraded":5,"win_rate":0.0,"timestamp":1609150122,"path_taken":["M","?","?","?","$","E","M","R","T","R","?","M","?","M","R","BOSS","M","M","$","M","?","R","E","M","T","M","M","?","M","M","R","BOSS","M","M","$","?","M","E","R","?","T","E","M","?","?","M","R","BOSS","R","$","E","BOSS"],"items_purchased_type":["Card","Card","Relic","Card","Card","Card","Potion","Card"],"build_version":"2020-12-22","purchased_purges":3,"victory":true,"max_hp_per_floor":[80,80,80,80,80,80,80,80,80,80,80,80,80,80,80,80,80,80,83,83,86,86,86,86,90,90,94,94,94,98,98,98,98,98,98,103,103,103,103,107,107,107,107,107,111,111,111,115,115,119,119,119,119,119,119],"card_choices":[{"not_picked":["Headbutt","True Grit"],"picked":"Metallicize","floor":1},{"not_picked":["Rampage","True Grit"],"picked":"Warcry","floor":4},{"not_picked":["Havoc","Twin Strike"],"picked":"Corruption","floor":6},{"not_picked":["Shrug It Off","Wild Strike"],"picked":"Spot Weakness","floor":7},{"not_picked":["True Grit","Perfected Strike"],"picked":"Twin Strike","floor":12},{"not_picked":["Havoc","Dropkick"],"picked":"Heavy Blade","floor":13},{"not_picked":["True Grit","Sword Boomerang"],"picked":"Iron Wave","floor":14},{"not_picked":["Brutality","Corruption"],"picked":"Feed","floor":16},{"not_picked":["Anger","Evolve","Wild Strike"],"picked":"SKIP","floor":19},{"not_picked":["Flex","True Grit","Clash"],"picked":"SKIP","floor":21},{"not_picked":["Anger+1","Bloodletting+1","Armaments"],"picked":"SKIP","floor":24},{"not_picked":["Intimidate","Perfected Strike"],"picked":"Sever Soul","floor":25},{"not_picked":["Anger","Thunderclap"],"picked":"Disarm+1","floor":27},{"not_picked":["Dropkick","Intimidate+1"],"picked":"Dark Embrace+1","floor":28},{"not_picked":["Flex","Thunderclap+1"],"picked":"Clothesline","floor":30},{"not_picked":["Exhume","Rupture","Body Slam"],"picked":"SKIP","floor":31},{"not_picked":["Double Tap","Demon Form"],"picked":"Limit Break","floor":33},{"not_picked":["Iron Wave+1","Clothesline+1","Heavy Blade+1"],"picked":"SKIP","floor":35},{"not_picked":["Clash","Flex+1"],"picked":"Evolve","floor":36},{"not_picked":["Twin Strike","Fire Breathing+1"],"picked":"Metallicize+1","floor":39},{"not_picked":["Shrug It Off+1","Entrench+1"],"picked":"Power Through+1","floor":40},{"not_picked":["Searing Blow","Wild Strike","Body Slam+1"],"picked":"SKIP","floor":42},{"not_picked":["Brutality","Metallicize"],"picked":"Disarm","floor":44},{"not_picked":["Sword Boomerang","Clash+1","Heavy Blade"],"picked":"SKIP","floor":45},{"not_picked":["Carnage+1","Headbutt"],"picked":"Battle Trance","floor":48},{"not_picked":["Pommel Strike+1","Rage+1"],"picked":"Berserk","floor":54}],"player_experience":367884,"relics_obtained":[{"floor":6,"key":"MawBank"},{"floor":9,"key":"Tiny Chest"},{"floor":24,"key":"Red Skull"},{"floor":26,"key":"Anchor"},{"floor":29,"key":"Letter Opener"},{"floor":40,"key":"Self Forming Clay"},{"floor":44,"key":"Art of War"},{"floor":47,"key":"CeramicFish"},{"floor":54,"key":"Orichalcum"}],"event_choices":[{"damage_healed":0,"gold_gain":75,"player_choice":"Gather Gold","damage_taken":11,"max_hp_gain":0,"max_hp_loss":0,"event_name":"World of Goop","floor":2,"gold_loss":0},{"cards_removed":["Strike_R"],"damage_healed":0,"gold_gain":0,"player_choice":"Purged","damage_taken":0,"max_hp_gain":0,"max_hp_loss":0,"event_name":"Purifier","floor":3,"gold_loss":0},{"damage_healed":0,"gold_gain":0,"player_choice":"1 cards matched","damage_taken":0,"max_hp_gain":0,"max_hp_loss":0,"event_name":"Match and Keep!","floor":11,"gold_loss":0,"cards_obtained":["Intimidate"]},{"damage_healed":0,"gold_gain":0,"player_choice":"Got Potions","damage_taken":0,"max_hp_gain":0,"max_hp_loss":0,"event_name":"Lab","floor":22,"gold_loss":0},{"damage_healed":0,"gold_gain":0,"player_choice":"Upgraded","damage_taken":0,"max_hp_gain":0,"max_hp_loss":0,"event_name":"Upgrade Shrine","floor":38,"gold_loss":0,"cards_upgraded":["Feel No Pain"]},{"damage_healed":0,"gold_gain":0,"player_choice":"Memory 3","damage_taken":10,"max_hp_gain":0,"max_hp_loss":0,"event_name":"SensoryStone","floor":46,"gold_loss":0}],"is_beta":false,"boss_relics":[{"not_picked":["Astrolabe","Empty Cage"],"picked":"Philosopher\u0027s Stone"},{"not_picked":["Coffee Dripper","Mark of Pain"],"picked":"Cursed Key"}],"items_purged_floors":[5,20,37],"is_endless":false,"potions_floor_spawned":[7,12,14,16,24,25,28,31,33,36,39,42,44,45,54],"ascension_level":0}}