{"host":"qhn6g0owdgjb77rz","time":1609145165,"event":{"mods":["BaseMod","BetterRewards","Colored Map","Minty Spire (QoL Compilation)","Relic Sorter","Replay The Spire","StSLib"],"gold_per_floor":[119,129,129,129,139,173,187,187,213,229,126,154,154,154,154,253,253,235,235,235,235,247,247,262,262,262,273,273,38,111,127,127,226,226,246,257,257,132,155,155,182,182,182,0,27,45,91,116,116,116,116],"floor_reached":50,"playtime":4070,"items_purged":["Defend_P","Pain","CommonCold"],"score":914,"play_id":"9dfc5865-71d6-4bc4-ad5e-7bc947279ea7","local_time":"20201228174605","is_ascension_mode":true,"campfire_choices":[{"data":"Replay:DivineShield","floor":8.0,"key":"SMITH"},{"data":"Replay:DivineShield","floor":13.0,"key":"SMITH"},{"data":"Perseverance","floor":15.0,"key":"SMITH"},{"data":"DevaForm","floor":23.0,"key":"SMITH"},{"floor":25.0,"key":"REST"},{"data":"JustLucky","floor":28.0,"key":"SMITH"},{"data":"Impatience","floor":32.0,"key":"SMITH"},{"data":"Replay:Battleflow","floor":40.0,"key":"SMITH"},{"data":"Replay:Battleflow","floor":42.0,"key":"SMITH"},{"floor":49,"key":"DIG"}],"circlet_count":0,"master_deck":["Replay:DivineShield+1","Good Instincts","Protect","Perseverance+1","EmptyBody","Replay:DivineShield+1","FearNoEvil","Sanctity","DevaForm+1","JustLucky+1","Impatience+1","Replay:AtTheReady+1","Replay:Battleflow+1","ReplayTheSpireMod:Splinters","Replay:Battleflow+1","EmptyBody"],"relics":["Pear","Blood Vial","Blue Doll","Regal Pillow","Replay:M_StaffOfTheSnake","Replay:Drink Me","WarpedTongs","TeardropLocket","Strawberry","Kintsugi","Orichalcum","Gremlin Food","Art of War","Yang","Red Mask","Thread and Needle","Shovel","Lantern","Bottled Lightning"],"acts_visited":["Exordium","TheCity","TheBeyond"],"potions_floor_usage":[47,50,50],"damage_taken":[{"damage":0.0,"enemies":"Small Slimes","floor":1.0,"turns":2.0},{"damage":8.0,"enemies":"Jaw Worm","floor":2.0,"turns":9.0},{"damage":0.0,"enemies":"2 Louse","floor":5.0,"turns":7.0},{"damage":43.0,"enemies":"Lagavulin","floor":6.0,"turns":12.0},{"damage":0.0,"enemies":"Lots of Slimes","floor":7.0,"turns":2.0},{"damage":0.0,"enemies":"Looter","floor":10.0,"turns":5.0},{"damage":2.0,"enemies":"Gremlin Nob","floor":12.0,"turns":5.0},{"damage":36.0,"enemies":"Fading Forest","floor":16.0,"turns":11.0},{"damage":0.0,"enemies":"2 Thieves","floor":18.0,"turns":4.0},{"damage":6.0,"enemies":"Chosen","floor":22.0,"turns":6.0},{"damage":33.0,"enemies":"Centurion and Healer","floor":24.0,"turns":11.0},{"damage":10.0,"enemies":"Snake Plant","floor":27.0,"turns":4.0},{"damage":0.0,"enemies":"Chosen and Byrds","floor":31.0,"turns":8.0},{"damage":0.0,"enemies":"Champ","floor":33.0,"turns":13.0},{"damage":2.0,"enemies":"3 Shapes","floor":35.0,"turns":4.0},{"damage":0.0,"enemies":"Orb Walker","floor":36.0,"turns":4.0},{"damage":0.0,"enemies":"Giant Head","floor":41.0,"turns":8.0},{"damage":18.0,"enemies":"Reptomancer","floor":45.0,"turns":11.0},{"damage":0,"enemies":"Spire Growth","floor":46,"turns":5},{"damage":0,"enemies":"2 Orb Walkers","floor":47,"turns":5},{"damage":0,"enemies":"Replay:Hell Engine","floor":50,"turns":8}],"seed_played":"3345996982003132951","potions_obtained":[{"floor":5.0,"key":"Explosive Potion"},{"floor":6.0,"key":"LiquidMemories"},{"floor":7.0,"key":"Fire Potion"},{"floor":10.0,"key":"SpeedPotion"},{"floor":12.0,"key":"Energy Potion"},{"floor":22.0,"key":"PowerPotion"},{"floor":27.0,"key":"Strength Potion"},{"floor":30.0,"key":"Energy Potion"}],"is_trial":false,"path_per_floor":["M","M","?","?","M","E","M","R","T","M","$","E","R","?","R","B",null,"M","?","?","?","M","R","M","R","T","M","R","$","?","M","R_BF","B",null,"M","M","?","$","T","R","E","R","T","?","E","M","?","T","R","B"],"character_chosen":"WATCHER","items_purchased":["Replay:DivineShield","Good Instincts","Pear","Sanctity","Impatience","Outmaneuver"],"campfire_rested":1,"item_purchase_floors":[0,0,0,11,29,29],"current_hp_per_floor":[82,74,74,67,67,24,26,26,26,28,28,28,28,28,28,2,47,49,49,49,49,45,45,14,47,47,39,39,39,31,33,33,35,61,61,63,63,63,63,63,65,65,65,65,49,51,53,53,53,55,55],"gold":116,"neow_bonus":"","is_daily":false,"chose_seed":false,"campfire_upgraded":8,"win_rate":0.0,"timestamp":1609145165,"path_taken":["M","M","?","?","M","E","M","R","T","M","$","E","R","?","R","BOSS","M","?","?","?","M","R","?","R","T","M","R","$","?","M","R_BF","BOSS","M","M","?","$","?","R","E","R","T","?","E","?","?","?","R","BOSS"],"items_purchased_type":["Card","Card","Relic","Card","Card","Card"],"build_version":"2020-12-22","purchased_purges":3,"victory":false,"max_hp_per_floor":[82,82,82,82,82,82,82,82,82,82,82,82,82,82,82,82,62,62,62,62,62,62,62,62,62,62,62,62,62,69,69,69,69,69,69,69,69,69,69,69,69,69,69,69,69,69,69,69,69,69,69],"card_choices":[{"not_picked":["EmptyFist","InnerPeace"],"picked":"Protect","floor":1.0},{"not_picked":["Halt","PathToVictory"],"picked":"Perseverance","floor":2.0},{"not_picked":["BowlingBash","WreathOfFlame"],"picked":"EmptyBody","floor":5.0},{"not_picked":["Prostrate","SignatureMove"],"picked":"Replay:DivineShield","floor":6.0},{"not_picked":["CrushJoints","Prostrate","Replay:Vibes"],"picked":"SKIP","floor":7.0},{"not_picked":["CutThroughFate","Protect"],"picked":"FearNoEvil","floor":10.0},{"not_picked":["Study","Halt"],"picked":"DevaForm","floor":12.0},{"not_picked":["Vengeance+1","Replay:BluntJabs+1","Weave"],"picked":"SKIP","floor":18.0},{"not_picked":["FollowUp","Replay:ManipulateFuture+1","FlyingSleeves"],"picked":"SKIP","floor":22.0},{"not_picked":["BattleHymn","WreathOfFlame","Indignation"],"picked":"SKIP","floor":24.0},{"not_picked":["WheelKick","BattleHymn","Predator"],"picked":"SKIP","floor":27.0},{"not_picked":["EmptyBody+1","Pray"],"picked":"Replay:AtTheReady+1","floor":30.0},{"not_picked":["Crescendo","Masterful Stab+1"],"picked":"Replay:Battleflow","floor":30.0},{"not_picked":["SashWhip","EmptyFist","Dagger Throw"],"picked":"SKIP","floor":31.0},{"not_picked":["PathToVictory","FlurryOfBlows","FearNoEvil+1"],"picked":"SKIP","floor":35.0},{"not_picked":["Wallop","Pray+1","Indignation+1"],"picked":"SKIP","floor":36.0},{"not_picked":["BowlingBash+1","InnerPeace"],"picked":"Replay:Battleflow","floor":41.0},{"not_picked":["WreathOfFlame","BowlingBash"],"picked":"EmptyBody","floor":45.0},{"not_picked":["Weave+1","Replay:Vibes+1","Flying Knee+1"],"picked":"SKIP","floor":46}],"player_experience":386928,"relics_obtained":[{"floor":6.0,"key":"Blood Vial"},{"floor":9.0,"key":"Blue Doll"},{"floor":12.0,"key":"Regal Pillow"},{"floor":26.0,"key":"TeardropLocket"},{"floor":30.0,"key":"Strawberry"},{"floor":37.0,"key":"Orichalcum"},{"floor":39.0,"key":"Gremlin Food"},{"floor":41.0,"key":"Art of War"},{"floor":43.0,"key":"Yang"},{"floor":45.0,"key":"Thread and Needle"},{"floor":47,"key":"Shovel"},{"floor":48,"key":"Lantern"},{"floor":49,"key":"Bottled Lightning"}],"event_choices":[{"cards_removed":["Strike_P"],"damage_healed":0.0,"max_hp_gain":0.0,"max_hp_loss":0.0,"gold_gain":0.0,"event_name":"Golden Wing","player_choice":"Card Removal","floor":4.0,"gold_loss":0.0,"damage_taken":7.0},{"damage_healed":0.0,"max_hp_gain":0.0,"max_hp_loss":0.0,"gold_gain":0.0,"event_name":"The Library","player_choice":"Read","floor":20.0,"gold_loss":0.0,"damage_taken":0.0,"cards_obtained":["JustLucky"]},{"damage_healed":0.0,"max_hp_gain":0.0,"max_hp_loss":0.0,"gold_gain":0.0,"event_name":"Accursed Blacksmith","player_choice":"Rummage","floor":21.0,"gold_loss":0.0,"damage_taken":0.0,"relics_obtained":["WarpedTongs"],"cards_obtained":["Pain"]},{"damage_healed":0.0,"max_hp_gain":0.0,"max_hp_loss":0.0,"gold_gain":0.0,"event_name":"Wheel of Change","player_choice":"Relic","floor":37.0,"gold_loss":0.0,"damage_taken":0.0},{"damage_healed":0.0,"max_hp_gain":0.0,"max_hp_loss":0.0,"gold_gain":0.0,"event_name":"Tomb of Lord Red Mask","player_choice":"Paid","floor":44.0,"gold_loss":182.0,"damage_taken":0.0,"relics_obtained":["Red Mask"]},{"damage_healed":0,"gold_gain":0,"player_choice":"Fight","damage_taken":0,"max_hp_gain":0,"max_hp_loss":0,"event_name":"Mysterious Sphere","floor":47,"gold_loss":0}],"is_beta":false,"boss_relics":[{"not_picked":["Ectoplasm","Astrolabe"],"picked":"Replay:Drink Me"},{"not_picked":["Calling Bell","Fusion Hammer"],"picked":"Kintsugi"}],"items_purged_floors":[11,29,38],"is_endless":false,"potions_floor_spawned":[5,6,7,10,12,22,27,33,36,46],"killed_by":"Replay:Hell Engine","ascension_level":5}}