{"host":"tzyzz5n7hg2ni9q2","time":1609140693,"event":{"mods":["BaseMod","Minty Spire (QoL Compilation)","Quick Restart"],"gold_per_floor":[118,118,55,130,130,163,163,179,205,231,249,249,249,282,282,407,407,420,85,110,110,135,135,151,76,144,144,144,164,164,197,197,326,326,349,374,374,397,124,124,124,124,148,182,197,220,258,11,11,11],"floor_reached":51,"playtime":1418,"items_purged":["Regret","Strike_R","Strike_R+1"],"score":1261,"play_id":"2af845b0-4822-4aaf-bcb7-f0f56aaee1e5","local_time":"20201228083133","is_ascension_mode":true,"campfire_choices":[{"data":"Twin Strike","floor":7.0,"key":"SMITH"},{"data":"Whirlwind","floor":12.0,"key":"SMITH"},{"floor":15.0,"key":"REST"},{"data":"Limit Break","floor":23.0,"key":"SMITH"},{"data":"Seeing Red","floor":28,"key":"SMITH"},{"data":"True Grit","floor":30,"key":"SMITH"},{"floor":32,"key":"REST"},{"data":"Metallicize","floor":40,"key":"SMITH"},{"data":"Ghostly Armor","floor":42,"key":"SMITH"},{"floor":49,"key":"REST"}],"circlet_count":0,"master_deck":["Strike_R+1","Defend_R+1","Defend_R+1","Defend_R+1","Defend_R+1","Metallicize+1","Twin Strike+1","True Grit+1","Heavy Blade","Spot Weakness","Whirlwind+1","Rampage","Limit Break+1","Seeing Red+1","Flash of Steel","Ghostly Armor+1","Uppercut+1","Offering"],"relics":["Burning Blood","NeowsBlessing","MawBank","Bottled Flame","Omamori","Unceasing Top","Golden Idol","Darkstone Periapt","SlaversCollar","Lee\u0027s Waffle","Gremlin Horn","WarpedTongs","Happy Flower","Busted Crown","Champion Belt","Bronze Scales","Lantern","Pen Nib","Centennial Puzzle","Shuriken"],"acts_visited":["Exordium","TheCity","TheBeyond"],"potions_floor_usage":[50],"damage_taken":[{"damage":0.0,"enemies":"Cultist","floor":1.0,"turns":1.0},{"damage":0.0,"enemies":"Gremlin Nob","floor":6.0,"turns":1.0},{"damage":0.0,"enemies":"Small Slimes","floor":8.0,"turns":1.0},{"damage":51.0,"enemies":"Lagavulin","floor":10.0,"turns":8.0},{"damage":6.0,"enemies":"2 Louse","floor":11.0,"turns":2.0},{"damage":17.0,"enemies":"3 Sentries","floor":14.0,"turns":4.0},{"damage":38.0,"enemies":"Hexaghost","floor":16.0,"turns":9.0},{"damage":26.0,"enemies":"Chosen","floor":18.0,"turns":5.0},{"damage":32.0,"enemies":"3 Byrds","floor":20.0,"turns":5.0},{"damage":15.0,"enemies":"Centurion and Healer","floor":22.0,"turns":7.0},{"damage":10,"enemies":"Snecko","floor":24,"turns":3},{"damage":6,"enemies":"Cultist and Chosen","floor":29,"turns":6},{"damage":29,"enemies":"Book of Stabbing","floor":31,"turns":7},{"damage":22,"enemies":"Automaton","floor":33,"turns":6},{"damage":10,"enemies":"Orb Walker","floor":35,"turns":3},{"damage":0,"enemies":"3 Shapes","floor":36,"turns":4},{"damage":3,"enemies":"Sphere and 2 Shapes","floor":38,"turns":5},{"damage":16,"enemies":"Nemesis","floor":44,"turns":5},{"damage":0,"enemies":"Jaw Worm Horde","floor":45,"turns":1},{"damage":23,"enemies":"Maw","floor":46,"turns":6},{"damage":6,"enemies":"Giant Head","floor":47,"turns":5},{"damage":63,"enemies":"Time Eater","floor":50,"turns":5}],"seed_played":"-8546065626854333918","potions_obtained":[{"floor":8.0,"key":"FairyPotion"},{"floor":10.0,"key":"DuplicationPotion"},{"floor":11.0,"key":"FairyPotion"}],"is_trial":false,"path_per_floor":["M","?","$","?","?","E","R","M","T","E","M","R","?","E","R","B",null,"M","$","M","?","M","R","M","?","T","?","R","M","R","E","R","B",null,"M","M","T","M","$","R","?","R","T","E","M","M","E","$","R","B",null],"character_chosen":"IRONCLAD","items_purchased":["Lee\u0027s Waffle","Flash of Steel","Bronze Scales","Shuriken"],"campfire_rested":3,"item_purchase_floors":[19,19,39,48],"current_hp_per_floor":[78,78,78,67,67,73,73,79,79,34,34,34,34,23,47,15,64,44,87,61,61,52,52,48,48,48,48,48,48,48,25,51,35,74,70,76,76,79,79,79,79,79,79,69,75,58,58,58,84,27],"gold":11,"neow_bonus":"THREE_ENEMY_KILL","is_daily":false,"chose_seed":false,"campfire_upgraded":7,"win_rate":0.0,"timestamp":1609140693,"path_taken":["M","?","$","?","?","E","R","M","T","E","?","R","?","E","R","BOSS","M","$","M","?","M","R","M","?","T","?","R","M","R","E","R","BOSS","M","M","?","M","$","R","?","R","T","E","M","?","E","?","R","BOSS"],"items_purchased_type":["Relic","Card","Relic","Relic"],"build_version":"2020-12-22","purchased_purges":3,"victory":true,"max_hp_per_floor":[80,80,80,80,80,80,80,80,80,80,80,80,80,80,80,80,80,80,87,87,87,87,87,87,87,87,87,87,87,87,87,87,87,87,87,87,87,87,87,87,87,87,87,87,87,87,87,87,87,87],"card_choices":[{"not_picked":["Perfected Strike","Flex"],"picked":"Metallicize","floor":1.0},{"not_picked":["Hemokinesis","Dark Embrace"],"picked":"True Grit","floor":6.0},{"not_picked":["Warcry","Clash"],"picked":"Heavy Blade","floor":8.0},{"not_picked":["Clash","Iron Wave"],"picked":"Spot Weakness","floor":10.0},{"not_picked":["Havoc","Sword Boomerang"],"picked":"Whirlwind","floor":11.0},{"not_picked":["Double Tap","Twin Strike"],"picked":"Rampage","floor":14.0},{"not_picked":["Berserk","Corruption"],"picked":"Limit Break","floor":16.0},{"not_picked":["Second Wind","Burning Pact"],"picked":"Seeing Red","floor":18.0},{"not_picked":["Armaments","Infernal Blade"],"picked":"Ghostly Armor","floor":20.0},{"not_picked":["Whirlwind","Warcry","Havoc"],"picked":"SKIP","floor":22.0},{"not_picked":["Havoc","Heavy Blade","Evolve+1"],"picked":"SKIP","floor":24},{"not_picked":["Metallicize","Warcry","Sentinel"],"picked":"SKIP","floor":29},{"not_picked":["Heavy Blade","Berserk"],"picked":"Uppercut+1","floor":31},{"not_picked":["Corruption","Brutality"],"picked":"Offering","floor":33},{"not_picked":["Whirlwind+1"],"picked":"SKIP","floor":35},{"not_picked":["Reckless Charge"],"picked":"SKIP","floor":36},{"not_picked":["Heavy Blade"],"picked":"SKIP","floor":38},{"not_picked":["Immolate"],"picked":"SKIP","floor":44},{"not_picked":["Armaments+1"],"picked":"SKIP","floor":45},{"not_picked":["Pommel Strike+1"],"picked":"SKIP","floor":46},{"not_picked":["Feel No Pain"],"picked":"SKIP","floor":47}],"player_experience":202011,"relics_obtained":[{"floor":6.0,"key":"Bottled Flame"},{"floor":9.0,"key":"Omamori"},{"floor":10.0,"key":"Unceasing Top"},{"floor":14.0,"key":"Darkstone Periapt"},{"floor":26,"key":"Gremlin Horn"},{"floor":31,"key":"Happy Flower"},{"floor":37,"key":"Champion Belt"},{"floor":43,"key":"Lantern"},{"floor":44,"key":"Pen Nib"},{"floor":47,"key":"Centennial Puzzle"}],"event_choices":[{"damage_healed":0.0,"max_hp_gain":0.0,"max_hp_loss":0.0,"gold_gain":0.0,"event_name":"Big Fish","player_choice":"Box","floor":2.0,"gold_loss":0.0,"damage_taken":0.0,"relics_obtained":["MawBank"],"cards_obtained":["Regret"]},{"damage_healed":0.0,"max_hp_gain":0.0,"max_hp_loss":0.0,"gold_gain":75.0,"event_name":"World of Goop","player_choice":"Gather Gold","floor":4.0,"gold_loss":0.0,"damage_taken":11.0},{"damage_healed":0.0,"max_hp_gain":0.0,"max_hp_loss":0.0,"gold_gain":0.0,"cards_transformed":["Strike_R"],"event_name":"Transmorgrifier","player_choice":"Transformed","floor":5.0,"gold_loss":0.0,"damage_taken":0.0,"cards_obtained":["Twin Strike"]},{"damage_healed":0.0,"max_hp_gain":0.0,"max_hp_loss":0.0,"gold_gain":0.0,"event_name":"Golden Idol","player_choice":"Take Wound","floor":13.0,"gold_loss":0.0,"damage_taken":0.0,"relics_obtained":["Golden Idol"],"cards_obtained":["Injury"]},{"damage_healed":0.0,"max_hp_gain":0.0,"max_hp_loss":0.0,"gold_gain":0.0,"event_name":"Back to Basics","player_choice":"Simplicity","floor":21.0,"gold_loss":0.0,"damage_taken":0.0,"cards_upgraded":["Strike_R","Strike_R","Strike_R","Defend_R","Defend_R","Defend_R","Defend_R"]},{"cards_removed":["Bash"],"damage_healed":0,"gold_gain":0,"player_choice":"Gave Gold","damage_taken":0,"max_hp_gain":0,"max_hp_loss":0,"event_name":"Beggar","floor":25,"gold_loss":75},{"damage_healed":0,"gold_gain":0,"player_choice":"Rummage","damage_taken":0,"relics_obtained":["WarpedTongs"],"max_hp_gain":0,"max_hp_loss":0,"event_name":"Accursed Blacksmith","floor":27,"gold_loss":0,"cards_obtained":["Pain"]},{"cards_removed":["Strike_R"],"damage_healed":0,"gold_gain":0,"player_choice":"Offered Basic","damage_taken":0,"max_hp_gain":0,"max_hp_loss":0,"event_name":"Bonfire Elementals","floor":41,"gold_loss":0}],"is_beta":false,"boss_relics":[{"not_picked":["Pandora\u0027s Box","Black Blood"],"picked":"SlaversCollar"},{"not_picked":["Empty Cage","Philosopher\u0027s Stone"],"picked":"Busted Crown"}],"items_purged_floors":[3,19,39],"is_endless":false,"potions_floor_spawned":[8,10,11,20,24,35,38],"ascension_level":9}}