{"host":"2sct7qpnpunnnd84","time":1609124656,"event":{"mods":["BaseMod","Minty Spire (QoL Compilation)","Quick Restart","StSLib","The IronCluck"],"gold_per_floor":[18,18,18,18,18,31,71,71,96,132,157,157,176,196,196,315,315,338,338,358,358,373,373,387,214,214,36,56,56,72,82,82,179,179,192,192,208,208,224,224,235,235,282,295,295,72,72,83,83,83,83],"floor_reached":50,"playtime":5071,"items_purged":[],"score":556,"play_id":"acd84d7c-aa1f-4d9d-811e-09bab3381059","local_time":"20201227190416","is_ascension_mode":false,"campfire_choices":[{"floor":8.0,"key":"REST"},{"data":"Body Slam","floor":12.0,"key":"SMITH"},{"data":"Armaments","floor":15.0,"key":"SMITH"},{"floor":23.0,"key":"REST"},{"data":"Apotheosis","floor":32.0,"key":"SMITH"},{"floor":40.0,"key":"REST"},{"floor":49.0,"key":"REST"}],"circlet_count":0,"master_deck":["Strike_R","Strike_R","Strike_R","Defend_R","Defend_R","Defend_R","Defend_R","Bash","Whirlwind","Clothesline","Rage","Body Slam+1","Thunderclap","Armaments+1","Whirlwind","Immolate","Thunderclap","Flex","Wild Strike+1","Flex","Spot Weakness","Armaments","Apotheosis+1","Pommel Strike+1","Inflame","Feed","Thunderclap+1","True Grit+1","Bandage Up","True Grit+1","Parasite","Wild Strike+1","Iron Wave+1","Inflame","Flex","Flex","Madness","Madness","Anger"],"relics":["Burning Blood","Bloody Idol","Incense Burner","PreservedInsect","The Courier","Runic Pyramid","MutagenicStrength","Akabeko","Nunchaku","Fusion Hammer","Happy Flower"],"acts_visited":["Exordium","TheCity","TheBeyond"],"potions_floor_usage":[50,50,50,50,50,50],"damage_taken":[{"damage":1.0,"enemies":"Jaw Worm","floor":1.0,"turns":3.0},{"damage":1.0,"enemies":"2 Louse","floor":6.0,"turns":2.0},{"damage":24.0,"enemies":"Gremlin Nob","floor":7.0,"turns":5.0},{"damage":12.0,"enemies":"3 Sentries","floor":10.0,"turns":5.0},{"damage":0.0,"enemies":"Small Slimes","floor":11.0,"turns":3.0},{"damage":6.0,"enemies":"3 Louse","floor":13.0,"turns":2.0},{"damage":1.0,"enemies":"Looter","floor":14.0,"turns":3.0},{"damage":33.0,"enemies":"The Guardian","floor":16.0,"turns":16.0},{"damage":9.0,"enemies":"2 Thieves","floor":18.0,"turns":3.0},{"damage":10.0,"enemies":"Shell Parasite","floor":20.0,"turns":9.0},{"damage":38.0,"enemies":"Snake Plant","floor":22.0,"turns":6.0},{"damage":0.0,"enemies":"Cultist and Chosen","floor":24.0,"turns":4.0},{"damage":0.0,"enemies":"3 Cultists","floor":28.0,"turns":2.0},{"damage":12.0,"enemies":"Centurion and Healer","floor":30.0,"turns":3.0},{"damage":10.0,"enemies":"Snecko","floor":31.0,"turns":4.0},{"damage":71.0,"enemies":"Champ","floor":33.0,"turns":13.0},{"damage":5.0,"enemies":"Orb Walker","floor":35.0,"turns":3.0},{"damage":7.0,"enemies":"3 Shapes","floor":37.0,"turns":2.0},{"damage":20.0,"enemies":"3 Darklings","floor":39.0,"turns":3.0},{"damage":15.0,"enemies":"Writhing Mass","floor":41.0,"turns":5.0},{"damage":17.0,"enemies":"Spire Growth","floor":44.0,"turns":4.0},{"damage":50.0,"enemies":"Transient","floor":48.0,"turns":5.0},{"damage":99,"enemies":"Awakened One","floor":50,"turns":10}],"seed_played":"3562215632318764048","potions_obtained":[{"floor":7.0,"key":"Fire Potion"},{"floor":14.0,"key":"AttackPotion"},{"floor":22.0,"key":"Fire Potion"},{"floor":28.0,"key":"BlessingOfTheForge"},{"floor":33.0,"key":"DistilledChaos"},{"floor":35.0,"key":"FearPotion"},{"floor":37.0,"key":"PowerPotion"}],"is_trial":false,"path_per_floor":["M","$","?","?","?","M","E","R","T","E","M","R","M","M","R","B",null,"M","?","M","?","M","R","M","$","T","$","M","?","M","M","R","B",null,"M","?","M","?","M","R","M","?","T","M","?","$","?","M","R","B"],"character_chosen":"IRONCLAD","items_purchased":["Spot Weakness","Akabeko","Armaments","Apotheosis","Inflame","Flex","Flex","EntropicBrew"],"campfire_rested":4,"item_purchase_floors":[25,25,27,27,46,46,46,46],"current_hp_per_floor":[96,96,96,101,94,99,81,101,101,95,101,101,101,101,101,74,101,98,98,94,94,67,97,101,101,101,101,101,101,100,101,101,41,101,105,105,109,109,100,109,109,109,113,107,107,107,93,54,87,0,0],"gold":83,"neow_bonus":"TWENTY_PERCENT_HP_BONUS","is_daily":false,"chose_seed":false,"campfire_upgraded":3,"win_rate":0.0,"timestamp":1609124656,"path_taken":["M","$","?","?","?","M","E","R","T","E","M","R","M","M","R","BOSS","M","?","M","?","M","R","M","$","T","$","M","?","M","?","R","BOSS","M","?","?","?","M","R","M","?","T","?","?","$","?","M","R","BOSS"],"items_purchased_type":["Card","Relic","Card","Card","Card","Card","Card","Potion"],"build_version":"2020-12-22","purchased_purges":0,"victory":false,"max_hp_per_floor":[96,96,96,101,101,101,101,101,101,101,101,101,101,101,101,101,101,101,101,101,101,101,101,101,101,101,101,101,101,101,101,101,101,101,105,105,109,109,109,109,113,113,113,113,113,113,113,113,113,113,113],"card_choices":[{"not_picked":["Perfected Strike","Cleave"],"picked":"Whirlwind","floor":1.0},{"not_picked":["Infernal Blade","Clash"],"picked":"Clothesline","floor":6.0},{"not_picked":["Twin Strike","Corruption"],"picked":"Rage","floor":7.0},{"not_picked":["Feel No Pain","Warcry"],"picked":"Body Slam","floor":10.0},{"not_picked":["Shrug It Off","Clothesline"],"picked":"Thunderclap","floor":11.0},{"not_picked":["Sever Soul","Perfected Strike"],"picked":"Armaments","floor":13.0},{"not_picked":["Bloodletting","Warcry"],"picked":"Whirlwind","floor":14.0},{"not_picked":["Feed","Fiend Fire"],"picked":"Immolate","floor":16.0},{"not_picked":["Warcry","Twin Strike"],"picked":"Thunderclap","floor":18.0},{"not_picked":["Iron Wave","Infernal Blade"],"picked":"Flex","floor":20.0},{"not_picked":["Shockwave","Twin Strike+1"],"picked":"Wild Strike+1","floor":22.0},{"not_picked":["Sentinel+1","Reckless Charge"],"picked":"Flex","floor":24.0},{"not_picked":["Perfected Strike","Warcry+1","Combust"],"picked":"SKIP","floor":28.0},{"not_picked":["Combust","Clothesline"],"picked":"Pommel Strike+1","floor":30.0},{"not_picked":["Thunderclap","Sever Soul"],"picked":"Inflame","floor":31.0},{"not_picked":["Corruption","Reaper"],"picked":"Feed","floor":33.0},{"not_picked":["Combust+1","Anger+1"],"picked":"Thunderclap+1","floor":35.0},{"not_picked":["Infernal Blade","Anger+1"],"picked":"True Grit+1","floor":37.0},{"not_picked":["Flash of Steel","Madness"],"picked":"Bandage Up","floor":38.0},{"not_picked":["Perfected Strike","Warcry+1"],"picked":"True Grit+1","floor":39.0},{"not_picked":["Rupture+1","Immolate"],"picked":"Wild Strike+1","floor":41.0},{"not_picked":["Rage","Sever Soul"],"picked":"Iron Wave+1","floor":44.0},{"not_picked":["Havoc","Rupture"],"picked":"Anger","floor":48.0}],"player_experience":3382859,"relics_obtained":[{"floor":7.0,"key":"Incense Burner"},{"floor":9.0,"key":"PreservedInsect"},{"floor":10.0,"key":"The Courier"},{"floor":26.0,"key":"Nunchaku"},{"floor":43.0,"key":"Happy Flower"}],"event_choices":[{"damage_healed":0.0,"max_hp_gain":0.0,"max_hp_loss":0.0,"gold_gain":0.0,"event_name":"Golden Idol","player_choice":"Take Wound","floor":3.0,"gold_loss":0.0,"damage_taken":0.0,"relics_obtained":["Golden Idol"],"cards_obtained":["Injury"]},{"damage_healed":0.0,"max_hp_gain":5.0,"max_hp_loss":0.0,"gold_gain":0.0,"event_name":"Big Fish","player_choice":"Donut","floor":4.0,"gold_loss":0.0,"damage_taken":0.0},{"cards_removed":["Injury"],"damage_healed":0.0,"max_hp_gain":0.0,"max_hp_loss":0.0,"gold_gain":0.0,"event_name":"Golden Wing","player_choice":"Card Removal","floor":5.0,"gold_loss":0.0,"damage_taken":7.0},{"damage_healed":0.0,"max_hp_gain":0.0,"max_hp_loss":0.0,"gold_gain":0.0,"event_name":"Drug Dealer","player_choice":"Inject Mutagens","floor":19.0,"gold_loss":0.0,"damage_taken":0.0,"relics_obtained":["MutagenicStrength"]},{"damage_healed":0.0,"max_hp_gain":0.0,"max_hp_loss":0.0,"gold_gain":0.0,"event_name":"Forgotten Altar","player_choice":"Gave Idol","floor":21.0,"relics_lost":["Golden Idol"],"gold_loss":0.0,"damage_taken":0.0,"relics_obtained":["Bloody Idol"]},{"damage_healed":0.0,"max_hp_gain":0.0,"max_hp_loss":0.0,"gold_gain":0.0,"event_name":"NoteForYourself","player_choice":"Ignored","floor":29.0,"gold_loss":0.0,"damage_taken":0.0},{"cards_removed":["Strike_R"],"damage_healed":0.0,"max_hp_gain":0.0,"max_hp_loss":0.0,"gold_gain":0.0,"event_name":"Bonfire Elementals","player_choice":"Offered Basic","floor":36.0,"gold_loss":0.0,"damage_taken":0.0},{"damage_healed":0.0,"max_hp_gain":0.0,"max_hp_loss":0.0,"gold_gain":0.0,"event_name":"SensoryStone","player_choice":"Memory 1","floor":38.0,"gold_loss":0.0,"damage_taken":0.0},{"cards_removed":["Strike_R"],"damage_healed":0.0,"max_hp_gain":0.0,"max_hp_loss":0.0,"gold_gain":0.0,"event_name":"Falling","player_choice":"Removed Attack","floor":42.0,"gold_loss":0.0,"damage_taken":0.0},{"damage_healed":0.0,"max_hp_gain":0.0,"max_hp_loss":0.0,"gold_gain":0.0,"event_name":"Tomb of Lord Red Mask","player_choice":"Ignored","floor":45.0,"gold_loss":0.0,"damage_taken":0.0},{"damage_healed":0.0,"max_hp_gain":0.0,"max_hp_loss":0.0,"gold_gain":0.0,"event_name":"Winding Halls","player_choice":"Embrace Madness","floor":47.0,"gold_loss":0.0,"damage_taken":14.0,"cards_obtained":["Madness","Madness"]}],"is_beta":false,"boss_relics":[{"not_picked":["Black Blood","Pandora\u0027s Box"],"picked":"Runic Pyramid"},{"not_picked":["Tiny House","SlaversCollar"],"picked":"Fusion Hammer"}],"items_purged_floors":[],"is_endless":false,"potions_floor_spawned":[7,14,22,28,33,35,37],"killed_by":"Awakened One","ascension_level":0}}