{"host":"e9p60owc4sjzscoh","time":1609139197,"event":{"mods":["BaseMod","Downfall","Marisa????????","Minty Spire (QoL Compilation)","StSLib","The Animator","The Cursed","The Servant 0.9.4"],"gold_per_floor":[118,118,17,17,17,17,27,46,46,60,70,101,101,127,127,228,228,242,242,261,281,45,45,57,57,57,67,85,85,102,155,155,155,155],"floor_reached":33,"playtime":1749,"items_purged":[],"score":249,"play_id":"1ffee52c-4c94-4c93-9e9f-f68eed29dd60","local_time":"20201227230637","is_ascension_mode":false,"campfire_choices":[{"floor":6,"key":"RECALL"},{"floor":13,"key":"REST"},{"data":"Potential","floor":15,"key":"SMITH"},{"floor":23,"key":"REST"},{"data":"Unruled","floor":25,"key":"SMITH"},{"floor":32,"key":"REST"}],"circlet_count":0,"master_deck":["Strike_S","Strike_S+1","Strike_S+1","Defend_S","Defend_S","Defend_S","Defend_S","KidneyShot+1","Exchange","Defy+1","Revamp","ShatteredReality","Rearm","Misdirection","Potential+1","Ricochet","InstantArmor","MurderousAura","ShatteredReality","RitualDagger","DoubleEdge+1","Unruled+1","DoubleEdge","Unruled+1","Rewind","Sabotage"],"relics":["Uniform","NeowsBlessing","Eternal Feather","FossilizedHelix","Whetstone","StoneMask","Lantern","Peace Pipe","Bag of Marbles"],"acts_visited":["Exordium","TheCity"],"potions_floor_usage":[16,16,18,33,33],"damage_taken":[{"damage":0,"enemies":"Jaw Worm","floor":1,"turns":1},{"damage":1,"enemies":"2 Louse","floor":7,"turns":2},{"damage":0,"enemies":"Small Slimes","floor":8,"turns":2},{"damage":7,"enemies":"Looter","floor":10,"turns":3},{"damage":8,"enemies":"3 Louse","floor":11,"turns":3},{"damage":11,"enemies":"Lagavulin","floor":12,"turns":8},{"damage":77,"enemies":"Slime Boss","floor":16,"turns":19},{"damage":21,"enemies":"Chosen","floor":18,"turns":4},{"damage":12,"enemies":"2 Thieves","floor":20,"turns":5},{"damage":23,"enemies":"Chosen and Byrds","floor":21,"turns":7},{"damage":0,"enemies":"Snecko","floor":24,"turns":4},{"damage":28,"enemies":"Centurion and Healer","floor":27,"turns":7},{"damage":18,"enemies":"Sentry and Sphere","floor":28,"turns":6},{"damage":15,"enemies":"3 Cultists","floor":30,"turns":5},{"damage":67,"enemies":"Automaton","floor":33,"turns":6}],"seed_played":"4093992572307294000","potions_obtained":[{"floor":10,"key":"FairyPotion"},{"floor":11,"key":"EntropicBrew"},{"floor":24,"key":"Strength Potion"},{"floor":27,"key":"Strength Potion"}],"is_trial":false,"path_per_floor":["M","?","$","?","?","R","M","M","T","M","M","E","R","T","R","B",null,"M","?","M","M","$","R","M","R","T","M","M","?","M","T","R","B"],"character_chosen":"THE_SERVANT","items_purchased":["ShatteredReality","Rearm","Lantern","DoubleEdge","Unruled"],"campfire_rested":3,"item_purchase_floors":[3,3,22,22,22],"current_hp_per_floor":[65,65,65,52,40,46,45,45,45,38,30,19,47,47,56,1,65,47,41,35,18,18,51,54,66,66,44,32,32,26,26,64,0,0],"gold":155,"neow_bonus":"THREE_ENEMY_KILL","is_daily":false,"chose_seed":false,"campfire_upgraded":2,"win_rate":0.0,"timestamp":1609139197,"path_taken":["M","?","$","?","?","R","M","M","T","M","M","E","R","?","R","BOSS","M","?","M","M","$","R","M","R","T","M","M","?","M","?","R","BOSS"],"items_purchased_type":["Card","Card","Relic","Card","Card"],"build_version":"2020-12-22","purchased_purges":0,"victory":false,"max_hp_per_floor":[65,65,65,65,65,65,65,65,65,65,65,65,65,65,65,65,65,66,66,68,70,70,70,71,71,71,73,75,75,78,78,78,78,78],"card_choices":[{"not_picked":["Revamp","FastForward"],"picked":"Defy","floor":1},{"not_picked":["Hightail","Luminosity"],"picked":"Misdirection","floor":7},{"not_picked":["Unruled","Rearm"],"picked":"Potential","floor":8},{"not_picked":["Replace","FastForward"],"picked":"Ricochet","floor":10},{"not_picked":["Defy","Misdirection"],"picked":"InstantArmor","floor":11},{"not_picked":["Starlight","PendulumOfEternity","Alleviate"],"picked":"SKIP","floor":12},{"not_picked":["FloweringNight","TheWorld"],"picked":"MurderousAura","floor":16},{"not_picked":["ShiftingGears+1","Read"],"picked":"ShatteredReality","floor":18},{"not_picked":["Unruled","Defy"],"picked":"DoubleEdge+1","floor":20},{"not_picked":["Revamp+1","Starlight+1"],"picked":"Unruled+1","floor":21},{"not_picked":["FastForward","Rearm+1","Comet"],"picked":"SKIP","floor":24},{"not_picked":["ShiftingGears","Unruled"],"picked":"Rewind","floor":27},{"not_picked":["Desolation","Solidify"],"picked":"Sabotage","floor":28},{"not_picked":["Starlight","SurpressingFire","Alleviate"],"picked":"SKIP","floor":30}],"player_experience":25499,"relics_obtained":[{"floor":12,"key":"FossilizedHelix"},{"floor":14,"key":"Whetstone"},{"floor":26,"key":"Peace Pipe"},{"floor":31,"key":"Bag of Marbles"}],"event_choices":[{"damage_healed":0,"gold_gain":0,"cards_transformed":["Strike_S"],"player_choice":"Change","damage_taken":0,"max_hp_gain":0,"max_hp_loss":0,"event_name":"Living Wall","floor":2,"gold_loss":0,"cards_obtained":["Revamp"]},{"damage_healed":0,"gold_gain":0,"player_choice":"Entered Light","damage_taken":13,"max_hp_gain":0,"max_hp_loss":0,"event_name":"Shining Light","floor":4,"gold_loss":0,"cards_upgraded":["Strike_S","Defy"]},{"damage_healed":0,"gold_gain":0,"player_choice":"Success","damage_taken":12,"relics_obtained":["Eternal Feather"],"max_hp_gain":0,"max_hp_loss":0,"event_name":"Scrap Ooze","floor":5,"gold_loss":0},{"damage_healed":0,"gold_gain":0,"player_choice":"Joined the Cult","damage_taken":6,"max_hp_gain":0,"max_hp_loss":0,"event_name":"Nest","floor":19,"gold_loss":0,"cards_obtained":["RitualDagger"]}],"is_beta":false,"boss_relics":[{"not_picked":["Sozu","SacredBark"],"picked":"StoneMask"}],"items_purged_floors":[],"is_endless":false,"potions_floor_spawned":[10,11,24,27],"killed_by":"Automaton","ascension_level":0}}