{"host":"naykp6d9ulahlwib","time":1609194411,"event":{"mods":["BaseMod","Downfall","Highlight Path","Minty Spire (QoL Compilation)","Shop Mod","StSLib"],"gold_per_floor":[117,117,16,29,42,42,61,71,126,126,126,140,90,90,40,143,143,153,153,170,96,171,121,138,88,111,61,71,88,38,58,8,106,106,121,21,31,31,41,41,56,6,6,6,24,24,24,42,42,42,42,42],"floor_reached":50,"playtime":5683,"items_purged":["Slimebound:Strike_Slimebound","Slimebound:Strike_Slimebound"],"score":436,"play_id":"deedcc08-1ab2-4c40-ad7e-73b5f7fa4731","local_time":"20201228162651","is_ascension_mode":false,"campfire_choices":[{"data":"Slimebound:CorrosiveSpit","floor":6.0,"key":"SMITH"},{"data":"Slimebound:Split","floor":10.0,"key":"SMITH"},{"data":"Slimebound:SamplingLick","floor":13.0,"key":"SMITH"},{"floor":15.0,"key":"REST"},{"data":"Slimebound:FirmFortitude","floor":23.0,"key":"SMITH"},{"data":"Slimebound:Overexert","floor":25.0,"key":"SMITH"},{"data":"Slimebound:GrowthPunch","floor":27.0,"key":"SMITH"},{"data":"Slimebound:LevelUp","floor":30.0,"key":"SMITH"},{"data":"Slimebound:Schlurp","floor":32.0,"key":"SMITH"},{"data":"Slimebound:SlimeSlap","floor":40.0,"key":"SMITH"},{"data":"Slimebound:GrowthPunch","floor":42.0,"key":"SMITH"},{"floor":44.0,"key":"REST"},{"data":"Slimebound:SlimeSpikes","floor":47.0,"key":"SMITH"},{"floor":49.0,"key":"REST"}],"circlet_count":0,"master_deck":["Slimebound:Tackle","Slimebound:Defend_Slimebound","Slimebound:Defend_Slimebound","Slimebound:Split+1","Slimebound:CorrosiveSpit+1","Slimebound:RollThrough","Slimebound:Schlurp+1","Slimebound:SamplingLick+1","Slimebound:SplitAcid","Slimebound:RallyTheTroops+1","Slimebound:SlimeSpikes+1","Slimebound:Overexert+1","Slimebound:LevelUp+1","Slimebound:ForwardTackle+1","Slimebound:GrowthPunch+1","Slimebound:LevelUp+1","Slimebound:FirmFortitude+1","Slimebound:SplitMire","Slimebound:RejuvenatingLick+1","Slimebound:SlimeSlap+1","Slimebound:GrowthPunch+1","Slimebound:FinishingTackle+1","Slimebound:Gluttony","Slimebound:SlimeSlap+1"],"relics":["Slimebound:AbsorbEndCombatUpgraded","NeowsBlessing","Boot","Slimebound:GreedOozeRelic","Whetstone","Philosopher\u0027s Stone","Bottled Lightning"],"acts_visited":["Exordium","TheCity","TheBeyond"],"potions_floor_usage":[50,50,50],"damage_taken":[{"damage":0.0,"enemies":"Jaw Worm","floor":1.0,"turns":1.0},{"damage":0.0,"enemies":"Small Slimes","floor":4.0,"turns":1.0},{"damage":4.0,"enemies":"2 Louse","floor":5.0,"turns":1.0},{"damage":18.0,"enemies":"Large Slime","floor":7.0,"turns":5.0},{"damage":8.0,"enemies":"3 Louse","floor":8.0,"turns":2.0},{"damage":12.0,"enemies":"Gremlin Gang","floor":12.0,"turns":3.0},{"damage":30.0,"enemies":"Slime Boss","floor":16.0,"turns":7.0},{"damage":15.0,"enemies":"Spheric Guardian","floor":18.0,"turns":3.0},{"damage":13.0,"enemies":"Chosen","floor":20.0,"turns":3.0},{"damage":31.0,"enemies":"3 Cultists","floor":24.0,"turns":5.0},{"damage":9.0,"enemies":"Snecko","floor":28.0,"turns":4.0},{"damage":0.0,"enemies":"Sentry and Sphere","floor":29.0,"turns":3.0},{"damage":13.0,"enemies":"Snake Plant","floor":31.0,"turns":3.0},{"damage":63.0,"enemies":"Champ","floor":33.0,"turns":8.0},{"damage":40.0,"enemies":"3 Darklings","floor":35.0,"turns":3.0},{"damage":9.0,"enemies":"3 Shapes","floor":37.0,"turns":3.0},{"damage":27.0,"enemies":"3 Darklings","floor":39.0,"turns":4.0},{"damage":32.0,"enemies":"Maw","floor":41.0,"turns":5.0},{"damage":31.0,"enemies":"4 Shapes","floor":45.0,"turns":3.0},{"damage":17.0,"enemies":"Spire Growth","floor":48.0,"turns":3.0},{"damage":87,"enemies":"Time Eater","floor":50,"turns":5}],"seed_played":"9094605923650400222","potions_obtained":[{"floor":8.0,"key":"Ancient Potion"},{"floor":16.0,"key":"FearPotion"},{"floor":20.0,"key":"GamblersBrew"},{"floor":39.0,"key":"PowerPotion"},{"floor":48.0,"key":"EssenceOfSteel"}],"is_trial":false,"path_per_floor":["M","?","$","M","M","R","M","M","T","R","?","M","R","?","R","B",null,"M","?","M","$","?","R","M","R","T","R","M","M","R","M","R","B",null,"M","$","M","$","M","R","M","R","T","R","M","?","R","M","R","B"],"character_chosen":"SLIMEBOUND","items_purchased":["Slimebound:Schlurp","Slimebound:FirmFortitude"],"campfire_rested":3,"item_purchase_floors":[3,21],"current_hp_per_floor":[60,60,60,60,60,60,57,56,56,56,56,50,50,43,60,46,60,57,57,60,60,54,54,41,41,41,41,44,48,48,53,53,28,60,38,38,33,33,36,36,30,30,30,48,43,43,43,44,60,0,0,0],"gold":42,"neow_bonus":"THREE_ENEMY_KILL","is_daily":false,"chose_seed":false,"campfire_upgraded":11,"win_rate":0.0,"timestamp":1609194411,"path_taken":["M","?","$","M","M","R","M","M","T","R","?","M","R","?","R","BOSS","M","?","M","$","?","R","?","R","T","R","M","M","R","M","R","BOSS","M","$","M","?","M","R","M","R","T","R","M","?","R","M","R","BOSS"],"items_purchased_type":["Card","Card"],"build_version":"2020-12-22","purchased_purges":2,"victory":false,"max_hp_per_floor":[60,60,60,60,60,60,60,60,60,60,60,60,60,60,60,60,60,60,60,60,60,60,60,60,60,60,60,60,60,60,60,60,60,60,60,60,60,60,60,60,60,60,60,60,60,60,60,60,60,60,60,60],"card_choices":[{"not_picked":["Slimebound:LeechingTouch","Slimebound:FinishingTackle"],"picked":"Slimebound:RollThrough","floor":1.0},{"not_picked":["Slimebound:SplitMire","Slimebound:ViciousTackle"],"picked":"Slimebound:SamplingLick","floor":4.0},{"not_picked":["Slimebound:BestDefense","Slimebound:RollThrough"],"picked":"Slimebound:SplitAcid","floor":5.0},{"not_picked":["Slimebound:LeechEnergy","Slimebound:SpikyOuterGoop"],"picked":"Slimebound:RallyTheTroops","floor":7.0},{"not_picked":["Slimebound:ViciousTackle","Slimebound:LeechEnergy"],"picked":"Slimebound:SlimeSpikes","floor":8.0},{"not_picked":["Slimebound:ComboTackle","Slimebound:SplitAcid","Slimebound:GoopSpray"],"picked":"SKIP","floor":12.0},{"not_picked":["Slimebound:MassFeed","Slimebound:DouseInSlime"],"picked":"Slimebound:Overexert","floor":16.0},{"not_picked":["Slimebound:SplitLeeching","Slimebound:TongueLash"],"picked":"Slimebound:LevelUp","floor":18.0},{"not_picked":["Slimebound:SamplingLick","Slimebound:Schlurp"],"picked":"Slimebound:LevelUp+1","floor":20.0},{"not_picked":["Slimebound:Teamwork","Slimebound:TongueLash"],"picked":"Slimebound:SplitMire","floor":24.0},{"not_picked":["Slimebound:SpikyOuterGoop+1","Slimebound:ForwardTackle","Slimebound:GoopSpray"],"picked":"SKIP","floor":28.0},{"not_picked":["Slimebound:GoopTackle","Slimebound:SplitAcid"],"picked":"Slimebound:RejuvenatingLick+1","floor":29.0},{"not_picked":["Slimebound:FormOfPuddle+1","Slimebound:SplitAcid","Slimebound:Prepare"],"picked":"SKIP","floor":31.0},{"not_picked":["Slimebound:OneTwoCombo","Slimebound:LeechLife"],"picked":"Slimebound:SlimeSlap","floor":33.0},{"not_picked":["Slimebound:ViciousTackle+1","Slimebound:Gluttony+1"],"picked":"Slimebound:GrowthPunch","floor":35.0},{"not_picked":["Slimebound:Schlurp+1","Slimebound:SplitBruiser"],"picked":"Slimebound:FinishingTackle+1","floor":37.0},{"not_picked":["Slimebound:GoopTackle+1","Slimebound:SlimeBarrage"],"picked":"Slimebound:Gluttony","floor":39.0},{"not_picked":["Slimebound:SlimeTap","Slimebound:Grow","Slimebound:ComboTackle"],"picked":"SKIP","floor":41.0},{"not_picked":["Slimebound:FlameTackle","Slimebound:FinishingTackle+1","Slimebound:LeadByExample"],"picked":"SKIP","floor":45.0},{"not_picked":["Slimebound:ViciousTackle+1","Slimebound:GrowthPunch","Slimebound:SplitAcid"],"picked":"SKIP","floor":48.0}],"player_experience":915879,"relics_obtained":[{"floor":9.0,"key":"Boot"},{"floor":26.0,"key":"Whetstone"},{"floor":43.0,"key":"Bottled Lightning"}],"event_choices":[{"damage_healed":0.0,"max_hp_gain":0.0,"max_hp_loss":0.0,"gold_gain":0.0,"event_name":"Liars Game","player_choice":"Ignored","floor":2.0,"gold_loss":0.0,"damage_taken":0.0},{"cards_removed":["Slimebound:Defend_Slimebound"],"damage_healed":0.0,"max_hp_gain":0.0,"max_hp_loss":0.0,"gold_gain":0.0,"event_name":"Golden Wing","player_choice":"Card Removal","floor":14.0,"gold_loss":0.0,"damage_taken":7.0},{"damage_healed":0.0,"max_hp_gain":0.0,"max_hp_loss":0.0,"gold_gain":0.0,"cards_transformed":["Slimebound:Defend_Slimebound","Slimebound:Strike_Slimebound"],"event_name":"Drug Dealer","player_choice":"Became Test Subject","floor":19.0,"gold_loss":0.0,"damage_taken":0.0,"cards_obtained":["Slimebound:ForwardTackle","Slimebound:GrowthPunch"]},{"damage_healed":0.0,"max_hp_gain":0.0,"max_hp_loss":0.0,"gold_gain":75.0,"event_name":"FaceTrader","player_choice":"Touch","floor":22.0,"gold_loss":0.0,"damage_taken":6.0},{"damage_healed":0.0,"max_hp_gain":0.0,"max_hp_loss":0.0,"gold_gain":0.0,"event_name":"Duplicator","player_choice":"Copied","floor":46.0,"gold_loss":0.0,"damage_taken":0.0,"cards_obtained":["Slimebound:SlimeSlap"]}],"is_beta":false,"boss_relics":[{"not_picked":["Slimebound:TarBlob","Black Star"],"picked":"Slimebound:AbsorbEndCombatUpgraded"},{"not_picked":["SlaversCollar","Velvet Choker"],"picked":"Philosopher\u0027s Stone"}],"items_purged_floors":[3,36],"is_endless":false,"potions_floor_spawned":[8,16,20,28,37,39,48],"killed_by":"Time Eater","ascension_level":0}}