{"host":"cnluwb240fdd52tp","time":1609174139,"event":{"mods":["BaseMod","Colored Map","DeckTracker","Infinite Spire","Minty Spire (QoL Compilation)","Rare Cards Sparkle","StSLib"],"gold_per_floor":[118,118,118,39,54,83,83,96,96,113,125,125,75,105,105,205,205,215,215,44,63,63,63,63],"floor_reached":23,"playtime":1800,"items_purged":[],"score":209,"play_id":"022173e2-40c4-4a14-8c91-03860c197175","local_time":"20201228174859","is_ascension_mode":true,"campfire_choices":[{"floor":12,"key":"REST"},{"floor":15,"key":"REST"}],"circlet_count":0,"master_deck":["Strike_R","Strike_R","Strike_R","Strike_R","Strike_R","Defend_R","Perfected Strike+1","infinitespire:OneForAll","Perfected Strike","Offering","Master of Strategy","Twin Strike+1"],"relics":["Empty Cage","infinitespire:Eraser","Letter Opener","Lantern","Velvet Choker","infinitespire:WardingShard"],"acts_visited":["Exordium","TheCity"],"potions_floor_usage":[16,16],"damage_taken":[{"damage":0,"enemies":"2 Louse","floor":1,"turns":2},{"damage":0,"enemies":"Cultist","floor":5,"turns":2},{"damage":31,"enemies":"Lagavulin","floor":6,"turns":6},{"damage":0,"enemies":"Small Slimes","floor":8,"turns":2},{"damage":16,"enemies":"3 Louse","floor":10,"turns":3},{"damage":14,"enemies":"Lots of Slimes","floor":11,"turns":5},{"damage":14,"enemies":"Gremlin Nob","floor":14,"turns":3},{"damage":42,"enemies":"Slime Boss","floor":16,"turns":10},{"damage":21,"enemies":"2 Thieves","floor":18,"turns":2},{"damage":20,"enemies":"Shell Parasite","floor":21,"turns":4},{"damage":0,"enemies":"Slavers","floor":23,"turns":1}],"seed_played":"9097277776226128880","potions_obtained":[{"floor":8,"key":"Strength Potion"},{"floor":11,"key":"SteroidPotion"},{"floor":21,"key":"SmokeBomb"}],"is_trial":false,"path_per_floor":["M","?","$","$","M","E","?","M","T","M","M","R","?","E","R","B",null,"M","?","$","M","$","E"],"character_chosen":"IRONCLAD","items_purchased":["infinitespire:OneForAll","Master of Strategy"],"campfire_rested":2,"item_purchase_floors":[4,20],"current_hp_per_floor":[80,80,80,80,80,49,49,49,49,33,19,43,43,29,53,11,80,59,59,59,39,39,1,1],"gold":63,"neow_bonus":"BOSS_RELIC","is_daily":false,"chose_seed":false,"campfire_upgraded":0,"win_rate":0.0,"timestamp":1609174139,"path_taken":["M","?","?","$","M","E","?","M","T","?","M","R","?","E","R","BOSS","M","?","$","?","?","E"],"items_purchased_type":["Card","Card"],"build_version":"2020-12-22","purchased_purges":0,"victory":false,"max_hp_per_floor":[80,80,80,80,80,80,80,80,80,80,80,80,80,80,80,80,80,80,80,80,80,80,80,80],"card_choices":[{"not_picked":["Iron Wave","Wild Strike"],"picked":"Perfected Strike","floor":1},{"not_picked":["Pummel","Dark Embrace","Power Through"],"picked":"SKIP","floor":5},{"not_picked":["Hemokinesis","Disarm","Metallicize"],"picked":"SKIP","floor":6},{"not_picked":["Second Wind","Wild Strike"],"picked":"Perfected Strike","floor":8},{"not_picked":["Heavy Blade","Cleave","Infernal Blade"],"picked":"SKIP","floor":10},{"not_picked":["Reckless Charge","Rampage","Combust"],"picked":"SKIP","floor":11},{"not_picked":["Hemokinesis","Clothesline"],"picked":"Twin Strike","floor":14},{"not_picked":["Brutality","Barricade"],"picked":"Offering","floor":16},{"not_picked":["Twin Strike","Wild Strike","Infernal Blade"],"picked":"SKIP","floor":18},{"not_picked":["Thunderclap","Battle Trance"],"picked":"Twin Strike+1","floor":21}],"player_experience":158431,"relics_obtained":[{"floor":6,"key":"infinitespire:Eraser"},{"floor":9,"key":"Letter Opener"},{"floor":14,"key":"Lantern"}],"event_choices":[{"damage_healed":0,"gold_gain":0,"player_choice":"Upgraded","damage_taken":0,"max_hp_gain":0,"max_hp_loss":0,"event_name":"Upgrade Shrine","floor":2,"gold_loss":0,"cards_upgraded":["Perfected Strike"]},{"cards_removed":["Bash"],"damage_healed":0,"gold_gain":0,"player_choice":"Purged","damage_taken":0,"max_hp_gain":0,"max_hp_loss":0,"event_name":"Purifier","floor":7,"gold_loss":0},{"cards_removed":["Defend_R"],"damage_healed":0,"gold_gain":0,"player_choice":"Card Removal","damage_taken":0,"max_hp_gain":0,"max_hp_loss":0,"event_name":"The Cleric","floor":13,"gold_loss":50},{"cards_removed":["Twin Strike"],"damage_healed":0,"gold_gain":0,"player_choice":"Gave Card","damage_taken":0,"relics_obtained":["infinitespire:WardingShard"],"max_hp_gain":0,"max_hp_loss":0,"event_name":"WeMeetAgain","floor":19,"gold_loss":0}],"is_beta":false,"boss_relics":[{"not_picked":["SacredBark","Tiny House"],"picked":"Velvet Choker"}],"items_purged_floors":[],"is_endless":false,"potions_floor_spawned":[8,11,21],"killed_by":"Slavers","ascension_level":1}}