{"host":"iak1zw6udsaqx1iy","time":1609164649,"event":{"mods":["Act Like it!","BaseMod","Gensokyo","Minty Spire (QoL Compilation)","Remilia（蕾米莉亚）","Replay The Spire","StSLib","The Alterego","The Cursed","The Servant 0.9.4","WarShipGirlsR/战舰少女R mod","Youmu（魂魄妖梦）"],"gold_per_floor":[112,112,125,45,62,62,96,96,96,96,96,108,33,33,33,33,33,130,130,174,174,174,191,203,203,217,217,217,217,217,252,252,252,266,298,298,393,393,413,413,427,427,417,444,472,472,554,12,12,32,46,65,65,65,65],"floor_reached":54,"playtime":8089,"items_purged":["Pain"],"score":663,"play_id":"448622b9-ec7b-42aa-9a29-25b6847bd59e","local_time":"20201228221049","is_ascension_mode":true,"campfire_choices":[{"data":"rmod:generalist","floor":6.0,"key":"SMITH"},{"floor":8.0,"key":"REST"},{"data":"rmod:basicallowance","floor":14.0,"key":"SMITH"},{"floor":17.0,"key":"REST"},{"data":"rmod:robin","floor":25.0,"key":"SMITH"},{"data":"rmod:maingunfire","floor":27.0,"key":"SMITH"},{"data":"rmod:chargemoney","floor":32.0,"key":"SMITH"},{"data":"rmod:windflower","floor":36.0,"key":"SMITH"},{"floor":46,"key":"REST"}],"circlet_count":0,"master_deck":["rmod:defend","rmod:defend","rmod:defend","rmod:basicallowance+1","rmod:maingunfire+1","rmod:overbreakdown","rmod:slowdown","rmod:generalist+1","rmod:guardianhero","rmod:firesupport","rmod:acesubmarine","rmod:robin+1","Bite","Bite","Bite","Bite","Bite","rmod:unsinkable","rmod:diamondstrike+1","rmod:intelligenceanalysis+1","rmod:chargemoney+1","rmod:gendarmerie","rmod:windflower+1","rmod:saltedfish","rmod:supportaircraftcarrier+1","rmod:firesupport","rmod:heivgo+1","Languid","rmod:aviationdawn","rmod:auspiciousomen","rmod:fuelsupply","rmod:openingtorpedo+1","Apotheosis+1","rmod:salvage+1","Panache+1","Bandage Up","rmod:fletcherpendant","rmod:highspeedshooting+1","rmod:fletcherpendant","rmod:ring+1","rmod:unsinkable","rmod:fletcherpendant+1"],"relics":["rmod:firstchargereward","Gensokyo:LunaticRedEyes","Replay:Wax Seal","WingedGreaves","Replay:Towering Pillar of Hats","Gensokyo:CelestialsFlawlessClothing","Ring of Chaos","Akabeko","MealTicket","ReplayTheSpireMod:DimensionalGlitch","Ring of Fury","ReplayTheSpireMod:Ring of Challenge","Turnip","Chameleon Ring","Replay:Accelerometer","Golden Egg"],"acts_visited":["Exordium","TheCity","TheBeyond"],"potions_floor_usage":[45,51,54,54,54],"damage_taken":[{"damage":11.0,"enemies":"Gensokyo:Gryphon","floor":1.0,"turns":4.0},{"damage":11.0,"enemies":"Gensokyo:3_Fairies","floor":3.0,"turns":5.0},{"damage":3.0,"enemies":"Gensokyo:Python","floor":5.0,"turns":3.0},{"damage":36.0,"enemies":"Gensokyo:Cirno","floor":7.0,"turns":9.0},{"damage":1.0,"enemies":"Gensokyo:LivingMonolith","floor":12.0,"turns":3.0},{"damage":30.0,"enemies":"Gensokyo:Kokoro","floor":18.0,"turns":14.0},{"damage":0.0,"enemies":"2 Thieves","floor":20.0,"turns":3.0},{"damage":0.0,"enemies":"3 Byrds","floor":23.0,"turns":5.0},{"damage":22.0,"enemies":"Centurion and Healer","floor":24.0,"turns":6.0},{"damage":22.0,"enemies":"Sentry and Sphere","floor":26.0,"turns":5.0},{"damage":9.0,"enemies":"Gremlin Leader","floor":31.0,"turns":8.0},{"damage":0.0,"enemies":"3 Cultists","floor":34.0,"turns":4.0},{"damage":4.0,"enemies":"Book of Stabbing","floor":35.0,"turns":6.0},{"damage":38.0,"enemies":"Champ","floor":37.0,"turns":17.0},{"damage":31.0,"enemies":"3 Shapes","floor":39.0,"turns":9.0},{"damage":0.0,"enemies":"Orb Walker","floor":41.0,"turns":3.0},{"damage":30.0,"enemies":"Giant Head","floor":44.0,"turns":10.0},{"damage":14,"enemies":"Nemesis","floor":45,"turns":6},{"damage":0,"enemies":"Jaw Worm Horde","floor":50,"turns":3},{"damage":0,"enemies":"Sphere and 2 Shapes","floor":51,"turns":2},{"damage":34,"enemies":"4 Shapes","floor":52,"turns":12},{"damage":64,"enemies":"Donu and Deca","floor":54,"turns":11}],"seed_played":"7239585428081584592","potions_obtained":[{"floor":3.0,"key":"Block Potion"},{"floor":5.0,"key":"Toxic Potion"},{"floor":7.0,"key":"ColorlessPotion"},{"floor":12.0,"key":"ColorlessPotion"},{"floor":26.0,"key":"LifebloodPotion"},{"floor":31.0,"key":"Regen Potion"},{"floor":34.0,"key":"SteroidPotion"},{"floor":39.0,"key":"Reflective Coating"},{"floor":44.0,"key":"Venom Potion"},{"floor":53,"key":"AttackPotion"},{"floor":53,"key":"Flashbang"}],"is_trial":false,"path_per_floor":["M","?","M","$","M","R","E","R","PTL","PTL","T","M","$","R","?","?","R","B",null,"M","?","?","M","M","R","M","R","T","PTL","PTL","E","R","?","M","E","R","B",null,"M","?","M","?","?","E","E","R","T","$","?","M","M","M","R","B"],"character_chosen":"PRAEFECT","items_purchased":["Replay:Wax Seal","Golden Egg","Apotheosis","rmod:salvage","Energy Potion"],"campfire_rested":3,"item_purchase_floors":[4,48,48,48,48],"current_hp_per_floor":[64,57,46,46,43,43,7,29,29,29,29,28,28,28,28,10,32,2,75,75,75,52,52,34,34,26,26,26,26,26,36,36,28,35,51,51,54,57,31,31,33,33,33,15,9,26,26,41,33,37,38,9,9,0,0],"gold":65,"neow_bonus":"RANDOM_EVENT","is_daily":false,"chose_seed":false,"campfire_upgraded":6,"win_rate":0.0,"timestamp":1609164649,"path_taken":["M","?","?","?","M","R","E","R","PTL","PTL","T","M","$","R","?","?","R","BOSS","M","?","?","M","M","R","M","R","T","PTL","PTL","E","R","?","M","E","R","BOSS","M","?","?","?","?","E","E","R","T","$","?","M","M","M","R","BOSS"],"items_purchased_type":["Relic","Relic","Card","Card","Potion"],"build_version":"2020-12-22","purchased_purges":1,"victory":false,"max_hp_per_floor":[75,75,75,75,75,75,75,75,75,75,75,75,75,75,75,75,75,75,75,75,75,52,52,52,52,52,52,52,52,52,52,52,57,57,57,57,57,57,57,57,57,57,57,57,57,57,57,57,57,57,57,57,57,57,57],"card_choices":[{"not_picked":["rmod:circuitoustactics","rmod:aluminumsupply"],"picked":"rmod:overbreakdown","floor":1.0},{"not_picked":["rmod:victimresponsibility","rmod:shuttlebombing"],"picked":"rmod:slowdown","floor":3.0},{"not_picked":["rmod:circuitoustactics","rmod:fuelsupply"],"picked":"rmod:generalist","floor":5.0},{"not_picked":["rmod:auspiciousomen","rmod:goodfighter"],"picked":"rmod:guardianhero","floor":7.0},{"not_picked":["rmod:fletcherpendant","rmod:ammunitionsupply"],"picked":"rmod:firesupport","floor":12.0},{"not_picked":["rmod:timeschanged","rmod:supriseattacks"],"picked":"rmod:acesubmarine","floor":18.0},{"not_picked":["rmod:luckystar","rmod:tearstotiara"],"picked":"rmod:robin","floor":20.0},{"not_picked":["rmod:launchingtorpedo","rmod:maintain"],"picked":"rmod:unsinkable","floor":23.0},{"not_picked":["rmod:garrisonisland","rmod:chargemoney+1"],"picked":"rmod:diamondstrike+1","floor":24.0},{"not_picked":["rmod:combined","rmod:diamondstrike"],"picked":"rmod:intelligenceanalysis+1","floor":26.0},{"not_picked":["rmod:generalist+1","rmod:advancebysurprise"],"picked":"rmod:chargemoney","floor":31.0},{"not_picked":["rmod:steelsupply","rmod:overbreakdown+1"],"picked":"rmod:gendarmerie","floor":34.0},{"not_picked":["rmod:diamondstrike","rmod:aviationdawn"],"picked":"rmod:windflower","floor":35.0},{"not_picked":["rmod:supriseattacks","rmod:ridicule"],"picked":"rmod:saltedfish","floor":37.0},{"not_picked":["rmod:overbreakdown","rmod:selfconfidence"],"picked":"rmod:supportaircraftcarrier+1","floor":39.0},{"not_picked":["rmod:fletcherpendant+1","rmod:steelsupply"],"picked":"rmod:heivgo+1","floor":41.0},{"not_picked":[],"picked":"rmod:aviationdawn","floor":43.0},{"not_picked":[],"picked":"rmod:auspiciousomen","floor":43.0},{"not_picked":["rmod:heivgo","rmod:robin"],"picked":"rmod:fuelsupply","floor":44.0},{"not_picked":["rmod:garrisonisland","rmod:combined+1"],"picked":"rmod:openingtorpedo+1","floor":45},{"not_picked":["Flash of Steel","Impatience"],"picked":"Panache","floor":49},{"not_picked":["Forethought","Madness"],"picked":"Bandage Up","floor":49},{"not_picked":["rmod:bulid+1","rmod:launchingtorpedo"],"picked":"rmod:highspeedshooting+1","floor":50},{"not_picked":["rmod:luckystar","rmod:aviationdawn+1"],"picked":"rmod:ring+1","floor":51},{"not_picked":["rmod:aluminumsupply","rmod:bulid"],"picked":"rmod:unsinkable","floor":52}],"player_experience":292807,"relics_obtained":[{"floor":7.0,"key":"WingedGreaves"},{"floor":11.0,"key":"Replay:Towering Pillar of Hats"},{"floor":31.0,"key":"Akabeko"},{"floor":35.0,"key":"MealTicket"},{"floor":42.0,"key":"Ring of Fury"},{"floor":42.0,"key":"ReplayTheSpireMod:Ring of Challenge"},{"floor":44.0,"key":"Turnip"},{"floor":45,"key":"Chameleon Ring"},{"floor":47,"key":"Replay:Accelerometer"}],"event_choices":[{"damage_healed":0.0,"max_hp_gain":0.0,"max_hp_loss":0.0,"gold_gain":0.0,"event_name":"Ghosts","player_choice":"Ignored","floor":21.0,"gold_loss":0.0,"damage_taken":0.0},{"damage_healed":0.0,"max_hp_gain":0.0,"max_hp_loss":23.0,"gold_gain":0.0,"event_name":"Vampires","player_choice":"Became a vampire","floor":22.0,"gold_loss":0.0,"damage_taken":0.0,"cards_obtained":["Bite","Bite","Bite","Bite","Bite"]},{"damage_healed":0.0,"max_hp_gain":5.0,"max_hp_loss":0.0,"gold_gain":0.0,"event_name":"Forgotten Altar","player_choice":"Shed Blood","floor":33.0,"gold_loss":0.0,"damage_taken":13.0},{"damage_healed":0.0,"max_hp_gain":0.0,"max_hp_loss":0.0,"gold_gain":0.0,"cards_transformed":["rmod:defend"],"event_name":"Transmorgrifier","player_choice":"Transformed","floor":40.0,"gold_loss":0.0,"damage_taken":0.0,"cards_obtained":["rmod:firesupport"]},{"damage_healed":0,"gold_gain":0,"player_choice":"Memory 2","damage_taken":5,"max_hp_gain":0,"max_hp_loss":0,"event_name":"SensoryStone","floor":49,"gold_loss":0}],"is_beta":false,"boss_relics":[{"not_picked":["Pandora\u0027s Box","Replay:Wanted Poster"],"picked":"Ring of Chaos"},{"not_picked":["Runic Pyramid","Painkiller Herb"],"picked":"ReplayTheSpireMod:DimensionalGlitch"}],"items_purged_floors":[13],"is_endless":false,"potions_floor_spawned":[3,5,7,12,26,31,34,39,44],"killed_by":"Donu and Deca","ascension_level":2}}