{"host":"zzf13dk0jcen0ncv","time":1609133860,"event":{"mods":["AchievementEnabler","BaseMod","BetterRewards","Colored Map","Keyboard Shortcuts","Minty Spire (QoL Compilation)","Quick Restart","Shop Mod","StSLib","SuperFastMode","The Dragon Tamer","Waifu the Spire"],"gold_per_floor":[118,134,152,152,169,169,195,195,195,220,27,27,27,38,38,133,133,146,78,94,49,66,95,95,108,108,141,141,157,232,242,242,343,343,353,52,70,86,98,129,129,156,156,170,184,184,30,30,30,30,30,30,30,59,59],"floor_reached":56,"playtime":4031,"items_purged":[],"score":1959,"play_id":"05c8a986-30de-4ce6-8ee2-51b33af52810","local_time":"20201228143740","is_ascension_mode":false,"metric_token":799,"campfire_choices":[{"data":"DTMod:Prediction","floor":6,"key":"SMITH"},{"data":"DTMod:Strike","floor":8,"key":"PURGE"},{"data":"DTMod:EchoTactic","floor":15,"key":"SMITH"},{"data":"DTMod:Strike","floor":24,"key":"PURGE"},{"floor":28,"key":"REST"},{"data":"DTMod:ResonanceForm","floor":32,"key":"SMITH"},{"floor":41,"key":"RECALL"},{"data":"DTMod:HeadStart","floor":49,"key":"SMITH"},{"data":"DTMod:DragonDance","floor":52,"key":"SMITH"}],"dtmod_dragon_data":[33,50,4,3,13,3],"circlet_count":0,"master_deck":["DTMod:Strike+1","DTMod:Strike+1","DTMod:DoubleHit","DTMod:TargetDefense","DTMod:TargetDefense","DTMod:TargetDefense+1","DTMod:TargetDefense","DTMod:SwitchingTactic","DTMod:TauntingStrike","DTMod:CalculatedDefense","DTMod:WarmUp","DTMod:RecklessFlurry","DTMod:LastStand","DTMod:InvisibleFlame","DTMod:RepeatStrike","DTMod:DragonDance+1","DTMod:BlueScale","DTMod:BalancedStrike","DTMod:Weaken","DTMod:DarkBreath","DTMod:Overwhelm","DTMod:Prediction+1","DTMod:RunningTactic","DTMod:EchoTactic+1","DTMod:HeadStart+1","DTMod:Coolant+1","DTMod:ExcessFootwork","DTMod:Cover+1","Deep Breath","DTMod:OpeningTactic","DTMod:DragonDance+1","DTMod:Hide","DTMod:ResonanceForm+1","DTMod:TriAttack","DTMod:Conduct+1","DTMod:LightShield","DTMod:StarRain+1","DTMod:CrossStep","DTMod:TagTeam","DTMod:Inferno","DTMod:BlueScale+1","DTMod:BurningEnergy+1","DTMod:ForkedFire","DTMod:StunTrap","DTMod:Weaken+1","DTMod:CrossStep","DTMod:BurningEnergy+1","DTMod:Conduct+1","DTMod:CalculatedDefense+1","DTMod:ShadowImage","DTMod:MagiciansMark+1"],"relics":["DTMod:PactStone","Boot","OrangePellets","Chemical X","Peace Pipe","TheAbacus","Membership Card","Toy Ornithopter","Regal Pillow","HornCleat","Du-Vu Doll","Bottled Lightning","Oddly Smooth Stone","MealTicket","SlaversCollar","Mummified Hand","Gremlin Horn","Smiling Mask","Philosopher\u0027s Stone","Bronze Scales","Orrery","Juzu Bracelet","CaptainsWheel","Bag of Preparation","Art of War","Whetstone"],"acts_visited":["Exordium","TheCity","TheBeyond","TheEnding"],"potions_floor_usage":[38,55,55],"damage_taken":[{"damage":0,"enemies":"Cultist","floor":1,"turns":4},{"damage":0,"enemies":"2 Louse","floor":2,"turns":1},{"damage":0,"enemies":"Jaw Worm","floor":3,"turns":3},{"damage":0,"enemies":"Red Slaver","floor":5,"turns":4},{"damage":0,"enemies":"Lagavulin","floor":7,"turns":6},{"damage":0,"enemies":"3 Sentries","floor":10,"turns":6},{"damage":0,"enemies":"2 Fungi Beasts","floor":14,"turns":3},{"damage":0,"enemies":"The Guardian","floor":16,"turns":9},{"damage":0,"enemies":"3 Byrds","floor":18,"turns":5},{"damage":0,"enemies":"Spheric Guardian","floor":20,"turns":2},{"damage":0,"enemies":"Snake Plant","floor":22,"turns":4},{"damage":0,"enemies":"Book of Stabbing","floor":23,"turns":5},{"damage":0,"enemies":"3 Cultists","floor":25,"turns":6},{"damage":2,"enemies":"Slavers","floor":27,"turns":4},{"damage":0,"enemies":"Chosen and Byrds","floor":29,"turns":4},{"damage":0,"enemies":"Snake Plant","floor":31,"turns":4},{"damage":0,"enemies":"Automaton","floor":33,"turns":7},{"damage":0,"enemies":"Orb Walker","floor":35,"turns":4},{"damage":0,"enemies":"3 Darklings","floor":37,"turns":4},{"damage":0,"enemies":"Jaw Worm Horde","floor":38,"turns":2},{"damage":0,"enemies":"Spire Growth","floor":39,"turns":3},{"damage":0,"enemies":"Nemesis","floor":40,"turns":5},{"damage":0,"enemies":"Giant Head","floor":42,"turns":8},{"damage":0,"enemies":"Transient","floor":44,"turns":5},{"damage":0,"enemies":"3 Darklings","floor":45,"turns":5},{"damage":0,"enemies":"Awakened One","floor":50,"turns":12},{"damage":0,"enemies":"Shield and Spear","floor":54,"turns":4},{"damage":0,"enemies":"The Heart","floor":55,"turns":8}],"seed_played":"2658567077833195926","potions_obtained":[{"floor":1,"key":"Dexterity Potion"},{"floor":2,"key":"ColorlessPotion"},{"floor":14,"key":"Regen Potion"},{"floor":18,"key":"EssenceOfSteel"},{"floor":40,"key":"LiquidMemories"}],"is_trial":false,"path_per_floor":["M","M","M","?","M","R","E","R","T","E","$","?","?","M","R","B",null,"M","$","M","$","M","E","R","M","T","E","R","M","?","M","R","B",null,"M","$","M","M","M","E","R","E","T","M","M","?","$","?","R","B",null,"R","$","E","B",null],"character_chosen":"THE_DT","items_purchased":["DTMod:TauntingStrike","DTMod:CalculatedDefense","Boot","OrangePellets","DTMod:WarmUp","Chemical X","Peace Pipe","TheAbacus","DTMod:RecklessFlurry","Membership Card","Toy Ornithopter","DTMod:LastStand","DTMod:InvisibleFlame","DTMod:RepeatStrike","DTMod:DragonDance","DTMod:BlueScale","Bottled Lightning","Oddly Smooth Stone","DTMod:ExcessFootwork","Deep Breath","DTMod:LightShield","DTMod:StarRain","DTMod:CrossStep","Bronze Scales","Orrery","DTMod:ShadowImage","Bag of Preparation"],"campfire_rested":1,"item_purchase_floors":[0,0,0,0,0,0,0,0,0,0,0,0,0,0,0,0,11,11,19,21,36,36,36,36,36,47,47],"current_hp_per_floor":[45,45,45,45,45,45,45,45,45,45,45,42,33,33,33,33,45,45,45,45,45,45,45,45,45,45,43,45,45,41,41,41,41,45,45,45,45,45,45,45,45,45,45,45,45,45,45,45,45,45,45,45,45,45,45],"gold":59,"neow_bonus":"","is_daily":false,"chose_seed":false,"campfire_upgraded":5,"win_rate":0.0,"timestamp":1609133860,"path_taken":["M","M","M","?","?","R","E","R","T","E","$","?","?","M","R","BOSS","M","$","M","$","M","E","R","M","T","E","R","M","?","M","R","BOSS","M","$","M","?","M","E","R","E","T","M","M","?","$","?","R","BOSS","R","$","E","BOSS"],"items_purchased_type":["Card","Card","Relic","Relic","Card","Relic","Relic","Relic","Card","Relic","Relic","Card","Card","Card","Card","Card","Relic","Relic","Card","Card","Card","Card","Card","Relic","Relic","Card","Relic"],"build_version":"2020-12-22","purchased_purges":0,"victory":true,"max_hp_per_floor":[45,45,45,45,45,45,45,45,45,45,45,45,45,45,45,45,45,45,45,45,45,45,45,45,45,45,45,45,45,45,45,45,45,45,45,45,45,45,45,45,45,45,45,45,45,45,45,45,45,45,45,45,45,45,45],"card_choices":[{"not_picked":["DTMod:FlameSlash","DTMod:Hide"],"picked":"DTMod:DarkBreath","floor":1},{"not_picked":["DTMod:Hide","DTMod:QuickFly","DTMod:Feint"],"picked":"SKIP","floor":2},{"not_picked":["DTMod:MagicField","DTMod:Weaken"],"picked":"DTMod:Overwhelm","floor":3},{"not_picked":["DTMod:HeatWave","DTMod:ShieldDrain"],"picked":"DTMod:Prediction","floor":5},{"not_picked":["DTMod:FlameSlash","DTMod:ShieldDrain"],"picked":"DTMod:RunningTactic","floor":7},{"not_picked":["DTMod:InvisibleFlame","DTMod:Coolant"],"picked":"DTMod:EchoTactic","floor":10},{"not_picked":["DTMod:HeatWave","DTMod:BlazingStrike","DTMod:Training"],"picked":"SKIP","floor":14},{"not_picked":["DTMod:FierySynthesis","DTMod:ShadowImage"],"picked":"DTMod:HeadStart","floor":16},{"not_picked":["DTMod:Hide","DTMod:LastStand"],"picked":"DTMod:Coolant+1","floor":18},{"not_picked":["DTMod:LastStand+1","DTMod:BuildUp"],"picked":"DTMod:Cover+1","floor":20},{"not_picked":["DTMod:ComboAttack","DTMod:CleansingStrike","DTMod:Weaken"],"picked":"SKIP","floor":22},{"not_picked":["DTMod:BurningEnergy","DTMod:BreakAttack"],"picked":"DTMod:OpeningTactic","floor":23},{"not_picked":["DTMod:BuildUp","DTMod:QuickFly"],"picked":"DTMod:DragonDance+1","floor":25},{"not_picked":["DTMod:BuildUp+1","DTMod:Training","DTMod:BreakAttack"],"picked":"SKIP","floor":27},{"not_picked":["DTMod:Overwhelm+1","DTMod:Punisher"],"picked":"DTMod:Hide","floor":29},{"not_picked":["DTMod:Hide","DTMod:MagicField"],"picked":"DTMod:ResonanceForm","floor":31},{"not_picked":["DTMod:ExcessFootwork","DTMod:Outburst"],"picked":"DTMod:TriAttack","floor":33},{"not_picked":["DTMod:Cover+1","DTMod:ShieldDrain"],"picked":"DTMod:Conduct+1","floor":35},{"not_picked":["DTMod:Astonish+1","DTMod:Threaten+1"],"picked":"DTMod:TagTeam","floor":36},{"not_picked":["DTMod:BlazingStrike+1","DTMod:Weaken"],"picked":"DTMod:Inferno","floor":36},{"not_picked":["DTMod:Threaten","DTMod:Punisher"],"picked":"DTMod:BlueScale+1","floor":36},{"not_picked":["DTMod:BlazingStrike","DTMod:Punisher+1"],"picked":"DTMod:BurningEnergy+1","floor":36},{"not_picked":["DTMod:MasterPlan+1","DTMod:Punisher+1"],"picked":"DTMod:ForkedFire","floor":37},{"not_picked":["DTMod:BurningEnergy","DTMod:GhostSkin"],"picked":"DTMod:StunTrap","floor":38},{"not_picked":["DTMod:DarkBreath","DTMod:BizarreTactic+1"],"picked":"DTMod:Weaken+1","floor":39},{"not_picked":["DTMod:QuickFly","DTMod:Hide+1"],"picked":"DTMod:CrossStep","floor":40},{"not_picked":["DTMod:Dissolve","DTMod:FlameSlash"],"picked":"DTMod:BurningEnergy+1","floor":42},{"not_picked":["DTMod:QuickFly","DTMod:ComboAttack"],"picked":"DTMod:Conduct+1","floor":44},{"not_picked":["DTMod:Coolant+1","DTMod:DeepFocus"],"picked":"DTMod:CalculatedDefense+1","floor":45},{"not_picked":["DTMod:MasterPlan","DTMod:BreakAttack"],"picked":"DTMod:MagiciansMark+1","floor":54}],"player_experience":919152,"relics_obtained":[{"floor":7,"key":"Regal Pillow"},{"floor":9,"key":"HornCleat"},{"floor":10,"key":"Du-Vu Doll"},{"floor":23,"key":"Mummified Hand"},{"floor":26,"key":"Gremlin Horn"},{"floor":27,"key":"Smiling Mask"},{"floor":40,"key":"Juzu Bracelet"},{"floor":42,"key":"CaptainsWheel"},{"floor":48,"key":"Art of War"},{"floor":54,"key":"Whetstone"}],"event_choices":[{"damage_healed":0,"gold_gain":0,"player_choice":"0 cards matched","damage_taken":0,"max_hp_gain":0,"max_hp_loss":0,"event_name":"Match and Keep!","floor":4,"gold_loss":0,"cards_obtained":[]},{"damage_healed":0,"gold_gain":0,"player_choice":"Success","damage_taken":3,"relics_obtained":["MealTicket"],"max_hp_gain":0,"max_hp_loss":0,"event_name":"Scrap Ooze","floor":12,"gold_loss":0},{"damage_healed":0,"gold_gain":0,"player_choice":"Entered Light","damage_taken":9,"max_hp_gain":0,"max_hp_loss":0,"event_name":"Shining Light","floor":13,"gold_loss":0,"cards_upgraded":["DTMod:Strike","DTMod:TargetDefense"]},{"damage_healed":0,"gold_gain":75,"player_choice":"Touch","damage_taken":4,"max_hp_gain":0,"max_hp_loss":0,"event_name":"FaceTrader","floor":30,"gold_loss":0},{"damage_healed":0,"gold_gain":0,"player_choice":"Ignored","damage_taken":0,"max_hp_gain":0,"max_hp_loss":0,"event_name":"Tomb of Lord Red Mask","floor":46,"gold_loss":0},{"damage_healed":0,"gold_gain":0,"player_choice":"Relic","damage_taken":0,"max_hp_gain":0,"max_hp_loss":0,"event_name":"Wheel of Change","floor":48,"gold_loss":0}],"is_beta":false,"boss_relics":[{"not_picked":["Snecko Eye","Cursed Key"],"picked":"SlaversCollar"},{"not_picked":["Runic Pyramid","Runic Dome"],"picked":"Philosopher\u0027s Stone"}],"items_purged_floors":[],"is_endless":false,"potions_floor_spawned":[1,2,14,18,22,25,29,31,40,42,44,54],"ascension_level":0}}