{"host":"7vidw0fny0glz923","time":1609176968,"event":{"mods":["ATMod(°¢èªMod)","Act Like it!","BaseMod","Challenge The Spire","Downfall","Friendly Minions","HololiveMod","KinomotoSakuraMod(Ä¾Ö®±¾Ó£)","Kiyohime£¨Çå¼§£©","KomeijiMod","Lobotomy","LobotomyExtend","Marisa£¨ìFÓê¡¡Ä§ÀíÉ³£©","Minty Spire (QoL Compilation)","MostiFishMod","Pale of the Ancients","READ ME - Guardian Mod","Reimu£¨²©ÀöÁéÃÎ£©","Remilia£¨ÀÙÃ×ÀòÑÇ£©","Replay The Spire","RumiaBox-Â¶Ã×æ«µÄÉñÃØºÐ×Ó","Shop Mod","StSLib","TestMod","The Cursed","The Hierophant","The Jungle","The Poker Player","The Servant 0.9.4","Yakumo Yukari mod","Youmu£¨»êÆÇÑýÃÎ£©","[µØ¾«Ê×ÁìÅÀËþ]The Maniac","¡¾ÒÅÎï¿¨ÅÆ¡¿REMEMod"],"gold_per_floor":[100,115,132,148,159,178,178,213,223,243,93,104,29,46,59,156,156,156,175,187,187,205,205,505,605,605,605,385,385,78,90,103,103,103,160,180,226,226,236,266,316,316,329,172,172,191,209,224,243,248,248],"floor_reached":50,"playtime":2389,"items_purged":["SpecialBullet"],"score":1209,"play_id":"3357ff4d-fdf4-4fbd-8f2d-d7e3990c75f8","local_time":"20201228173608","is_ascension_mode":false,"campfire_choices":[{"data":"AT_MachinaRedman","floor":1.0,"key":"SMITH"},{"floor":11.0,"key":"RECALL"},{"data":"Twilight","floor":23,"key":"SMITH"},{"data":"DaCapo","floor":26,"key":"SMITH"},{"data":"SomewhereSpear","floor":27,"key":"SMITH"}],"circlet_count":0,"master_deck":["QueenOfHatred","SpecialBullet","SpecialBullet","SpecialBullet","SpecialBullet","SpecialBullet","SpecialBullet","SpecialBullet","SecurityCode","WelfareCode","TrainingCode","AT_MachinaRedman+1","Replay:DivineShield","WristCuter","SomewhereSpear+1","VoidDream","Harvest+1","SpecialBullet","DisciplinaryCode","Hornet","Twilight+1","DaCapo+1","HappyTeddy","Justitia","Twilight","CentralCode","TodaysExpression+1","BlackArmy","Pleasure","SpecialBullet","Wingbeat+1","SpecialBullet"],"relics":["CogitoBucket","RabbitCall","testmod-TestBox","DaveBox","REME_ComplimentaryCards","AT_ATBox","xbg","testmod-Muramasa","LetterFromLob","testmod-IndustrialRevolution","HellTrain","downfall:HeartBlessingGreen","downfall:HeartBlessingBlue","downfall:HeartBlessingRed","Abe\u0027s Treasure","BehaviorAdjustment","WingedGreaves","Old Coin","KyoryuNoHagoromo","Snack Pack","testmod-AssaultLearning","MerchantsRug","Happy Flower","OrangePellets","Replay:Bronze Core","testmod-Brilliant","Ancient Tea Set","AT_BellDemon","InTheNameOfLoveAndHate_r","REME_CardOfGreed","Replay:Bottled Snecko","AntiCross","testmod-Acrobat","TungstenRod"],"acts_visited":["Exordium","TheCity","TheBeyond"],"potions_floor_usage":[43,43],"damage_taken":[{"damage":0.0,"enemies":"2 Louse","floor":2.0,"turns":1.0},{"damage":0.0,"enemies":"Cultist","floor":3.0,"turns":1.0},{"damage":0.0,"enemies":"Small Slimes","floor":4.0,"turns":2.0},{"damage":0.0,"enemies":"Blue Slaver","floor":5.0,"turns":1.0},{"damage":0.0,"enemies":"Large Slime","floor":6.0,"turns":2.0},{"damage":2.0,"enemies":"Replay:BlueRogue","floor":8.0,"turns":3.0},{"damage":23.0,"enemies":"Exordium Wildlife","floor":9.0,"turns":3.0},{"damage":4.0,"enemies":"Gremlin Gang","floor":10.0,"turns":2.0},{"damage":0.0,"enemies":"Blue Slaver","floor":12.0,"turns":2.0},{"damage":9.0,"enemies":"2 Fungi Beasts","floor":14.0,"turns":2.0},{"damage":3.0,"enemies":"Large Slime","floor":15.0,"turns":2.0},{"damage":12.0,"enemies":"downfall:Silent","floor":16.0,"turns":4.0},{"damage":38,"enemies":"3 Byrds","floor":19,"turns":4},{"damage":1,"enemies":"3 Cultists","floor":20,"turns":4},{"damage":0,"enemies":"Snecko","floor":22,"turns":3},{"damage":1,"enemies":"downfall:Ironclad","floor":25,"turns":2},{"damage":1,"enemies":"downfall:FleeingMerchant","floor":28,"turns":4},{"damage":2,"enemies":"Chosen and Byrds","floor":31,"turns":2},{"damage":1,"enemies":"Sentry and Sphere","floor":32,"turns":1},{"damage":16,"enemies":"downfall:Defect","floor":33,"turns":5},{"damage":21,"enemies":"3 Shapes","floor":36,"turns":3},{"damage":6,"enemies":"2 Orb Walkers","floor":37,"turns":2},{"damage":0,"enemies":"Orb Walker","floor":39,"turns":1},{"damage":0,"enemies":"Reptomancer","floor":40,"turns":1},{"damage":0,"enemies":"3 Darklings","floor":43,"turns":1},{"damage":5,"enemies":"Spire Growth","floor":46,"turns":2},{"damage":0,"enemies":"Maw","floor":47,"turns":2},{"damage":0,"enemies":"Sphere and 2 Shapes","floor":48,"turns":1},{"damage":3,"enemies":"4 Shapes","floor":49,"turns":1},{"damage":102,"enemies":"downfall:Watcher","floor":50,"turns":4}],"seed_played":"1045447461437608825","potions_obtained":[{"floor":4.0,"key":"Adrenaline Potion"},{"floor":6.0,"key":"SpeedPotion"},{"floor":10.0,"key":"DuplicationPotion"},{"floor":43,"key":"SteroidPotion"}],"is_trial":false,"path_per_floor":["R","M","M","M","M","M","T","E","M","M","R","M","R","M","M","B",null,"R","M","M","?","M","R","T","?","R","R","$","R","$","M","M","B",null,"R","M","?","?","M","E","T","?","M","$","?","M","M","M","M","B"],"character_chosen":"Angela","items_purchased":["testmod-AssaultLearning","MerchantsRug","Happy Flower","OrangePellets","Justitia","REME_CardOfGreed"],"campfire_rested":0,"item_purchase_floors":[28,28,28,30,30,44],"current_hp_per_floor":[77,77,77,77,77,77,77,77,65,75,85,87,87,87,87,87,87,87,63,82,82,87,87,87,87,87,87,87,87,87,87,87,87,87,87,87,87,87,87,87,87,87,87,87,87,87,87,87,87,0,0],"gold":248,"neow_bonus":"TEN_PERCENT_HP_BONUS","is_daily":false,"chose_seed":false,"campfire_upgraded":4,"win_rate":0.0,"timestamp":1609176968,"path_taken":["R","M","M","M","M","M","T","E","M","M","R","M","R","?","M","BOSS","R","M","M","?","M","R","T","?","R","R","$","R","$","?","M","BOSS","R","M","?","?","M","E","T","?","?","$","?","?","M","M","M","BOSS"],"items_purchased_type":["Relic","Relic","Relic","Relic","Card","Relic"],"build_version":"2020-12-22","purchased_purges":1,"victory":false,"max_hp_per_floor":[77,77,77,77,77,77,77,77,77,77,87,87,87,87,87,87,87,87,87,87,87,87,87,87,87,87,87,87,87,87,87,87,87,87,87,87,87,87,87,87,87,87,87,87,87,87,87,87,87,87,87],"card_choices":[{"not_picked":["Lantern","Pleasure"],"picked":"SKIP","floor":2.0},{"not_picked":["FourthMatchFlame","Noise"],"picked":"SKIP","floor":3.0},{"not_picked":["BloodyDesire"],"picked":"WristCuter","floor":4.0},{"not_picked":["Hypocrisy","InTheNameOfLoveAndHate"],"picked":"SKIP","floor":5.0},{"not_picked":["Wellcheers","WallGazer"],"picked":"OldLady","floor":6.0},{"not_picked":["Wingbeat"],"picked":"SomewhereSpear","floor":6.0},{"not_picked":["Wellcheers","MeatLantern"],"picked":"QueenOfHatred","floor":8.0},{"not_picked":["ShedSkin","WristCuter"],"picked":"SKIP","floor":8.0},{"not_picked":["GalaxyChild","LittleHelper"],"picked":"VoidDream","floor":9.0},{"not_picked":["Beak","Reverberation"],"picked":"SKIP","floor":9.0},{"not_picked":["Soda"],"picked":"Harvest","floor":10.0},{"not_picked":["MagicBullet","FeatherOfHonor"],"picked":"SKIP","floor":12.0},{"not_picked":["Regret_ego"],"picked":"Hornet","floor":14.0},{"not_picked":["Beak","Penitence"],"picked":"SKIP","floor":15.0},{"not_picked":["Mimicry"],"picked":"Twilight","floor":16.0},{"not_picked":["Horn"],"picked":"DaCapo","floor":19},{"not_picked":["FieryBird","QueenBee"],"picked":"DespairKnight","floor":20},{"not_picked":["Soda","Discord"],"picked":"SKIP","floor":20},{"not_picked":["Penitence","SomewhereSpear"],"picked":"SKIP","floor":22},{"not_picked":["Murderer","BeautyBeast"],"picked":"HappyTeddy","floor":25},{"not_picked":["FairyFestival","Wellcheers"],"picked":"BlueStar","floor":28},{"not_picked":["Beak","TheSmile"],"picked":"SKIP","floor":28},{"not_picked":["CherryBlossom","Tough"],"picked":"SKIP","floor":31},{"not_picked":["GrinderMk4","Galaxy+1"],"picked":"SKIP","floor":32},{"not_picked":["GoldRush"],"picked":"Twilight","floor":33},{"not_picked":["Galaxy+1"],"picked":"TodaysExpression+1","floor":36},{"not_picked":["FourthMatchFlame+1","WristCuter"],"picked":"SKIP","floor":39},{"not_picked":["LittleHelper","WhitesApple"],"picked":"BlackArmy","floor":40},{"not_picked":["Tough","CherryBlossom"],"picked":"SKIP","floor":40},{"not_picked":["RapturousDream"],"picked":"Wingbeat+1","floor":43},{"not_picked":["Noise","Amita+1"],"picked":"SKIP","floor":46},{"not_picked":["SomewhereSpear","WristCuter+1"],"picked":"SKIP","floor":47},{"not_picked":["RedEyes","LifeForTheDareDevil"],"picked":"SKIP","floor":48},{"not_picked":["Beak+1","Discord"],"picked":"SKIP","floor":49}],"player_experience":902834,"relics_obtained":[{"floor":2.0,"key":"LetterFromLob"},{"floor":8.0,"key":"testmod-IndustrialRevolution"},{"floor":24,"key":"Old Coin"},{"floor":25,"key":"KyoryuNoHagoromo"},{"floor":25,"key":"Snack Pack"},{"floor":37,"key":"testmod-Brilliant"},{"floor":40,"key":"Ancient Tea Set"},{"floor":41,"key":"AT_BellDemon"},{"floor":46,"key":"Replay:Bottled Snecko"},{"floor":47,"key":"AntiCross"},{"floor":48,"key":"testmod-Acrobat"},{"floor":49,"key":"TungstenRod"}],"event_choices":[{"damage_healed":0,"gold_gain":0,"player_choice":"Fight","damage_taken":0,"max_hp_gain":0,"max_hp_loss":0,"event_name":"Mysterious Sphere","floor":37,"gold_loss":0},{"damage_healed":0,"gold_gain":0,"cards_transformed":["OldLady"],"player_choice":"Transformed","damage_taken":0,"max_hp_gain":0,"max_hp_loss":0,"event_name":"Transmorgrifier","floor":42,"gold_loss":0,"cards_obtained":["Pleasure"]}],"is_beta":false,"boss_relics":[{"not_picked":["testmod-PortableAltar","Busted Crown"],"picked":"Abe\u0027s Treasure"},{"not_picked":["Runic Dome","Velvet Choker"],"picked":"Replay:Bronze Core"}],"items_purged_floors":[28],"is_endless":false,"potions_floor_spawned":[4,6,10,12,14,15,16,22,32,33,43],"killed_by":"downfall:Watcher","ascension_level":0}}