{"host":"p1xsuo25udtrkbq2","time":1609124650,"event":{"mods":["BaseMod","Colored Map","Minty Spire (QoL Compilation)","Rare Cards Sparkle","Relic Stats","Slay the Relics Exporter","StSLib","everything is the same but u backflip on backflip"],"gold_per_floor":[215,20,54,85,123,210,210,227,227,227,266,316,351,351,351],"floor_reached":14,"playtime":1703,"items_purged":[],"score":177,"play_id":"11134d1c-a11c-43cc-9868-ca07220463cb","local_time":"20201227220410","is_ascension_mode":true,"campfire_choices":[{"floor":7,"key":"REST"},{"data":"Leg Sweep","floor":10,"key":"SMITH"}],"circlet_count":0,"master_deck":["AscendersBane","Strike_G","Strike_G","Strike_G","Strike_G","Strike_G","Defend_G","Defend_G","Defend_G","Defend_G","Defend_G","Survivor","Neutralize","Dagger Spray","HandOfGreed","PiercingWail","Infinite Blades","Leg Sweep+1","Corpse Explosion","Deflect","Quick Slash","Calculated Gamble","Backstab"],"relics":["Ring of the Snake","Tiny Chest","Blue Candle","Bottled Lightning"],"acts_visited":["Exordium"],"potions_floor_usage":[4,11,12,13],"damage_taken":[{"damage":9,"enemies":"Cultist","floor":1,"turns":6},{"damage":0,"enemies":"2 Louse","floor":3,"turns":2},{"damage":1,"enemies":"Jaw Worm","floor":4,"turns":3},{"damage":9,"enemies":"Looter","floor":5,"turns":3},{"damage":22,"enemies":"3 Sentries","floor":6,"turns":9},{"damage":8,"enemies":"Blue Slaver","floor":8,"turns":4},{"damage":1,"enemies":"2 Fungi Beasts","floor":11,"turns":3},{"damage":16,"enemies":"Gremlin Nob","floor":12,"turns":6},{"damage":2,"enemies":"Large Slime","floor":13,"turns":6},{"damage":22,"enemies":"Lagavulin","floor":14,"turns":5}],"seed_played":"-7590252128278617821","potions_obtained":[{"floor":1,"key":"CunningPotion"},{"floor":5,"key":"Ancient Potion"},{"floor":8,"key":"AttackPotion"},{"floor":12,"key":"SkillPotion"}],"is_trial":false,"path_per_floor":["M","$","M","M","M","E","R","M","T","R","M","E","M","E"],"character_chosen":"THE_SILENT","items_purchased":["HandOfGreed"],"campfire_rested":1,"item_purchase_floors":[2],"current_hp_per_floor":[50,50,50,49,40,18,37,29,29,29,28,12,10,0,0],"gold":351,"neow_bonus":"HUNDRED_GOLD","is_daily":false,"chose_seed":false,"campfire_upgraded":1,"win_rate":0.0,"timestamp":1609124650,"path_taken":["M","$","M","M","?","E","R","M","T","R","M","E","M","E"],"items_purchased_type":["Card"],"build_version":"2020-12-22","purchased_purges":0,"victory":false,"max_hp_per_floor":[66,66,66,66,66,66,66,66,66,66,66,66,66,66,66],"relic_stats":{"counters":[10,47],"Blue Candle":[0],"Tiny Chest":0,"obtain_stats":[{"Blue Candle":9,"Tiny Chest":6,"Bottled Lightning":12,"Ring of the Snake":0},{"Blue Candle":6,"Tiny Chest":5,"Bottled Lightning":8,"Ring of the Snake":0},{"Blue Candle":27,"Tiny Chest":23,"Bottled Lightning":36,"Ring of the Snake":0}],"Ring of the Snake":[20]},"card_choices":[{"not_picked":["Setup","Sucker Punch"],"picked":"Dagger Spray","floor":1},{"not_picked":["Dagger Throw","Poisoned Stab"],"picked":"PiercingWail","floor":3},{"not_picked":["Dagger Spray","Dodge and Roll"],"picked":"Infinite Blades","floor":4},{"not_picked":["Prepared","Cloak And Dagger"],"picked":"Leg Sweep","floor":5},{"not_picked":["Deadly Poison","Slice"],"picked":"Corpse Explosion","floor":6},{"not_picked":["Flechettes","Bane"],"picked":"Deflect","floor":8},{"not_picked":["Flying Knee","Deflect"],"picked":"Quick Slash","floor":11},{"not_picked":["Outmaneuver","Blur"],"picked":"Calculated Gamble","floor":12},{"not_picked":["Prepared","Blade Dance"],"picked":"Backstab","floor":13}],"player_experience":835708,"relics_obtained":[{"floor":6,"key":"Tiny Chest"},{"floor":9,"key":"Blue Candle"},{"floor":12,"key":"Bottled Lightning"}],"event_choices":[],"is_beta":false,"boss_relics":[],"items_purged_floors":[],"is_endless":false,"potions_floor_spawned":[1,5,8,12],"killed_by":"Lagavulin","ascension_level":14}}