{"host":"n9qtmgye2hz5t4ok","time":1609145557,"event":{"mods":["Act Like it!","BaseMod","Colored Map","Downfall","Gensokyo","Infinite Spire","Koishi","Marisa????????","Minty Spire (QoL Compilation)","StSLib","The Jungle","The Servant 0.9.4"],"gold_per_floor":[69000,69000,69010,68970,68982,69008,69008,67983,68006,66975,66975,66988,66348,66375,66375,66473,66473,66490,65968,65984,65984,66002,66002,66016,66045,66068,66093,65450,65468,65487,65499,65499,65600,65600,65616,65616,65616,65071,65086,65116,65126,65154,65154,65200,65220,65220,65233,65247,65247,65247],"floor_reached":51,"playtime":5014,"items_purged":["Decay","Strike_G","Strike_G","Defend_G","Strike_G","Strike_G"],"score":1009,"play_id":"2e79a33e-0e80-4c1e-84a6-fbe00e900f86","local_time":"20201228095237","is_ascension_mode":false,"campfire_choices":[{"data":"Backflip","floor":7,"key":"SMITH"},{"data":"Backstab","floor":11,"key":"SMITH"},{"data":"Trip","floor":15,"key":"SMITH"},{"data":"infinitespire:Neurotoxin","floor":23,"key":"SMITH"},{"floor":32,"key":"REST"},{"data":"infinitespire:Neurotoxin","floor":32,"key":"SMITH"},{"data":"1","floor":46,"key":"LIFT"},{"data":"2","floor":49,"key":"LIFT"}],"circlet_count":0,"master_deck":["Strike_G","Defend_G","Defend_G","Defend_G","Defend_G+1","Survivor","Neutralize","Deflect","Backflip+1","Flying Knee","Unload","Backstab+1","Bane","Noxious Fumes","Crippling Poison","Prepared","Trip+1","Footwork","Sadistic Nature","Well Laid Plans","Panache","Impatience","Deadly Poison","Backflip","infinitespire:Neurotoxin+1","Backflip","Good Instincts+1","Noxious Fumes+1","infinitespire:Neurotoxin+1","Outmaneuver+1","Crippling Poison","Noxious Fumes+1","Mayhem+1","expansioncontent:Chronoboost+1","Flying Knee+1","Backflip","Adrenaline","Backflip+1","Adrenaline","Noxious Fumes+1","Apotheosis","Backstab+1"],"relics":["infinitespire:Cupcake","Ancient Tea Set","infinitespire:WardingShard","Omamori","Cauldron","Centennial Puzzle","FossilizedHelix","OrangePellets","infinitespire:Bottled Soul","Membership Card","Ornamental Fan","Strawberry","The Specimen","Coffee Dripper","Frozen Egg 2","Happy Flower","DollysMirror","WarpedTongs","Bag of Marbles","PreservedInsect","War Paint","infinitespire:Magic Flask","Letter Opener","Toolbox","Fusion Hammer","Pen Nib","Girya","Sling","Dream Catcher","infinitespire:Lucky Rock","Mummified Hand","CatCart"],"acts_visited":["Exordium","TheCity","TheBeyond"],"potions_floor_usage":[6,16,19,28,29,50],"damage_taken":[{"damage":6,"enemies":"Jaw Worm","floor":1,"turns":4},{"damage":0,"enemies":"Cultist","floor":3,"turns":5},{"damage":0,"enemies":"Small Slimes","floor":5,"turns":5},{"damage":5,"enemies":"Gremlin Nob","floor":6,"turns":4},{"damage":0,"enemies":"2 Fungi Beasts","floor":12,"turns":3},{"damage":0,"enemies":"3 Sentries","floor":14,"turns":5},{"damage":17,"enemies":"The Guardian","floor":16,"turns":5},{"damage":10,"enemies":"2 Thieves","floor":18,"turns":3},{"damage":0,"enemies":"Spheric Guardian","floor":20,"turns":4},{"damage":0,"enemies":"Snecko","floor":22,"turns":5},{"damage":0,"enemies":"3 Cultists","floor":24,"turns":3},{"damage":0,"enemies":"Gremlin Leader","floor":25,"turns":4},{"damage":4,"enemies":"Book of Stabbing","floor":27,"turns":3},{"damage":8,"enemies":"Centurion and Healer","floor":29,"turns":2},{"damage":0,"enemies":"Shelled Parasite and Fungi","floor":30,"turns":5},{"damage":0,"enemies":"Sentry and Sphere","floor":31,"turns":3},{"damage":16,"enemies":"Collector","floor":33,"turns":5},{"damage":0,"enemies":"3 Darklings","floor":35,"turns":2},{"damage":0,"enemies":"3 Shapes","floor":39,"turns":1},{"damage":0,"enemies":"Giant Head","floor":40,"turns":4},{"damage":0,"enemies":"Writhing Mass","floor":41,"turns":2},{"damage":0,"enemies":"Nemesis","floor":42,"turns":3},{"damage":0,"enemies":"Orin","floor":44,"turns":4},{"damage":0,"enemies":"Maw","floor":45,"turns":4},{"damage":0,"enemies":"Transient","floor":47,"turns":5},{"damage":10,"enemies":"Writhing Mass","floor":48,"turns":3},{"damage":33,"enemies":"infinitespire:MassOfShapes","floor":50,"turns":4}],"seed_played":"3588371838111944988","potions_obtained":[{"floor":4,"key":"Slimebound:ThreeZeroPotion"},{"floor":4,"key":"SneckoOil"},{"floor":4,"key":"SkillPotion"},{"floor":5,"key":"LiquidMemories"},{"floor":6,"key":"Swift Potion"},{"floor":8,"key":"EntropicBrew"},{"floor":29,"key":"Fruit Juice"},{"floor":30,"key":"sneckomod:MuddlingPotion"},{"floor":39,"key":"DistilledChaos"},{"floor":42,"key":"infinitespire:BlackPotion"}],"is_trial":false,"path_per_floor":["M","?","M","?","M","E","R","$","T","$","R","M","$","E","R","B",null,"M","$","M","?","M","R","M","E","T","E","$","M","M","M","R","B",null,"M","?","?","$","M","E","M","E","T","?","M","R","M","M","R","B",null],"character_chosen":"THE_SILENT","items_purchased":["infinitespire:WardingShard","Omamori","Cauldron","Backstab","Bane","Noxious Fumes","Crippling Poison","Prepared","Trip","Footwork","FossilizedHelix","OrangePellets","Sadistic Nature","infinitespire:Bottled Soul","Panache","Membership Card","Ornamental Fan","Strawberry","Impatience","Deadly Poison","Frozen Egg 2","Happy Flower","Fruit Juice","FearPotion","Good Instincts","Noxious Fumes+1","DollysMirror","infinitespire:Magic Flask","Letter Opener","Toolbox","Fruit Juice","SkillPotion","Mayhem+1","expansioncontent:Chronoboost+1","Pen Nib","Girya","Sling","Noxious Fumes+1","Apotheosis","Poison Potion"],"campfire_rested":1,"item_purchase_floors":[8,8,8,8,8,8,8,8,8,10,10,10,10,10,13,13,13,13,13,13,19,19,19,19,19,19,19,28,28,28,28,28,28,28,38,38,38,38,38,38],"current_hp_per_floor":[64,64,64,64,64,59,59,59,59,59,59,59,66,66,66,49,77,67,72,72,72,72,72,72,72,72,68,73,70,70,70,92,76,92,92,92,92,92,92,92,92,92,92,92,92,92,92,82,82,49],"gold":65247,"neow_bonus":"BOSS_RELIC","is_daily":false,"chose_seed":false,"campfire_upgraded":5,"win_rate":0.0,"timestamp":1609145557,"path_taken":["M","?","?","?","M","E","R","$","T","?","R","M","$","E","R","BOSS","M","$","M","?","M","R","M","E","T","E","$","?","M","M","R","BOSS","M","?","?","$","M","E","?","E","T","?","M","R","M","M","R","BOSS"],"items_purchased_type":["Relic","Relic","Relic","Card","Card","Card","Card","Card","Card","Card","Relic","Relic","Card","Relic","Card","Relic","Relic","Relic","Card","Card","Relic","Relic","Potion","Potion","Card","Card","Relic","Relic","Relic","Relic","Potion","Potion","Card","Card","Relic","Relic","Relic","Card","Card","Potion"],"build_version":"2020-12-22","purchased_purges":6,"victory":true,"max_hp_per_floor":[70,70,70,70,70,70,70,70,70,70,70,70,77,77,77,77,77,77,82,82,82,82,82,82,82,82,82,87,92,92,92,92,92,92,92,92,92,92,92,92,92,92,92,92,92,92,92,92,92,92],"card_choices":[{"not_picked":["Underhanded Strike","Quick Slash"],"picked":"Deflect","floor":1},{"not_picked":["Flying Knee","All Out Attack"],"picked":"Backflip","floor":3},{"not_picked":["Dagger Throw","Predator"],"picked":"Flying Knee","floor":5},{"not_picked":["Dagger Throw","Reflex"],"picked":"Unload","floor":6},{"not_picked":["Dodge and Roll","Riddle With Holes"],"picked":"Well Laid Plans","floor":12},{"not_picked":["Eviscerate","Deadly Poison"],"picked":"Backflip","floor":14},{"not_picked":["Doppelganger","Tools of the Trade"],"picked":"infinitespire:Neurotoxin","floor":16},{"not_picked":["Prepared+1","PiercingWail"],"picked":"Backflip","floor":18},{"not_picked":["Dagger Throw","Sucker Punch+1"],"picked":"Outmaneuver+1","floor":20},{"not_picked":["Sucker Punch","Flying Knee"],"picked":"Crippling Poison","floor":22},{"not_picked":["Distraction","PiercingWail"],"picked":"Noxious Fumes+1","floor":24},{"not_picked":["Eviscerate","Deadly Poison","Phantasmal Killer"],"picked":"SKIP","floor":25},{"not_picked":["Dodge and Roll","Terror+1","All Out Attack"],"picked":"SKIP","floor":27},{"not_picked":["Masterful Stab+1","Quick Slash","Outmaneuver+1"],"picked":"SKIP","floor":29},{"not_picked":["Dagger Spray","Skewer"],"picked":"Flying Knee+1","floor":30},{"not_picked":["Poisoned Stab","Masterful Stab"],"picked":"Backflip","floor":31},{"not_picked":["Malaise","Die Die Die"],"picked":"Adrenaline","floor":33},{"not_picked":["Underhanded Strike","Leg Sweep"],"picked":"Backflip+1","floor":35},{"not_picked":["Riddle With Holes","Underhanded Strike+1","Dagger Throw+1"],"picked":"SKIP","floor":39},{"not_picked":["Crippling Poison+1","Blur"],"picked":"Backstab+1","floor":40},{"not_picked":["Blade Dance+1","Terror+1","Skewer+1"],"picked":"SKIP","floor":41},{"not_picked":["Outmaneuver","Reflex","Flying Knee+1"],"picked":"SKIP","floor":42},{"not_picked":["Blade Dance","Prepared+1","Backflip"],"picked":"SKIP","floor":45},{"not_picked":["PiercingWail+1","Dash+1","Acrobatics"],"picked":"SKIP","floor":47},{"not_picked":["Riddle With Holes+1","Acrobatics+1","Dodge and Roll+1"],"picked":"SKIP","floor":48}],"player_experience":50909,"relics_obtained":[{"floor":6,"key":"Ancient Tea Set"},{"floor":9,"key":"Centennial Puzzle"},{"floor":14,"key":"The Specimen"},{"floor":25,"key":"Bag of Marbles"},{"floor":26,"key":"PreservedInsect"},{"floor":27,"key":"War Paint"},{"floor":40,"key":"Dream Catcher"},{"floor":42,"key":"infinitespire:Lucky Rock"},{"floor":43,"key":"Mummified Hand"},{"floor":44,"key":"CatCart"}],"event_choices":[{"damage_healed":0,"gold_gain":0,"player_choice":"Cursed","damage_taken":0,"max_hp_gain":0,"max_hp_loss":0,"event_name":"Wheel of Change","floor":2,"gold_loss":0,"cards_obtained":["Decay"]},{"damage_healed":0,"gold_gain":0,"player_choice":"Bought 3 Potions","damage_taken":0,"max_hp_gain":0,"max_hp_loss":0,"event_name":"The Woman in Blue","floor":4,"gold_loss":0},{"damage_healed":0,"gold_gain":0,"player_choice":"Rummage","damage_taken":0,"relics_obtained":["WarpedTongs"],"max_hp_gain":0,"max_hp_loss":0,"event_name":"Accursed Blacksmith","floor":21,"gold_loss":0,"cards_obtained":["Pain"]},{"damage_healed":0,"gold_gain":0,"player_choice":"Ignored","damage_taken":0,"max_hp_gain":0,"max_hp_loss":0,"event_name":"Tomb of Lord Red Mask","floor":36,"gold_loss":0},{"damage_healed":0,"gold_gain":0,"player_choice":"1 cards matched","damage_taken":0,"max_hp_gain":0,"max_hp_loss":0,"event_name":"Match and Keep!","floor":37,"gold_loss":0,"cards_obtained":["Adrenaline"]},{"damage_healed":0,"gold_gain":0,"player_choice":"Fight","damage_taken":0,"max_hp_gain":0,"max_hp_loss":0,"event_name":"OrinTheCat","floor":44,"gold_loss":0}],"is_beta":false,"boss_relics":[{"not_picked":["Philosopher\u0027s Stone","SacredBark"],"picked":"Coffee Dripper"},{"not_picked":["Snecko Eye","WristBlade"],"picked":"Fusion Hammer"}],"items_purged_floors":[8,10,13,19,28,38],"is_endless":false,"potions_floor_spawned":[5,6,14,20,27,29,30,35,39,42],"ascension_level":0}}