{"host":"2461dio7vetlq1z3","time":1609160297,"event":{"mods":["2.2 Compatiblity","AchievementEnabler","Aspiration","BaseMod","Better Third Choice","Friendly Minions","Hermit","Marisa????????","Minty Spire (QoL Compilation)","Relic Stats","Spicy Shops","StSLib","Waifu the Spire"],"gold_per_floor":[119,44,62,62,73,73,103,103,103,131,147,43,43,58,58,132,132,145,155,205,205,205],"floor_reached":21,"playtime":1160,"items_purged":["Strike_R"],"score":528,"play_id":"f82aebbd-4bc4-499e-9f04-6752509b3a84","local_time":"20201228135817","is_ascension_mode":true,"campfire_choices":[{"data":"Bash","floor":6.0,"key":"SMITH"},{"floor":8.0,"key":"REST"},{"floor":13.0,"key":"REST"},{"data":"Armaments","floor":15.0,"key":"SMITH"}],"circlet_count":0,"master_deck":["AscendersBane","Strike_R","Strike_R","Strike_R","Defend_R","Defend_R","Defend_R","Defend_R","Bash+1","Pommel Strike","Disarm","Tools of the Trade+1","Spot Weakness","Pommel Strike","Uppercut","Flame Barrier","Armaments+1","Anger","Berserk","Shrug It Off","OortCloud"],"relics":["aspiration:SecretTechniqueScroll","TungstenRod","Sundial","Unceasing Top","aspiration:ChemicalBlood","aspiration:MarisaSkillbook"],"acts_visited":["Exordium","TheCity"],"potions_floor_usage":[],"damage_taken":[{"damage":3.0,"enemies":"2 Louse","floor":1.0,"turns":3.0},{"damage":2.0,"enemies":"Small Slimes","floor":3.0,"turns":3.0},{"damage":0.0,"enemies":"Cultist","floor":5.0,"turns":4.0},{"damage":39.0,"enemies":"3 Sentries","floor":7.0,"turns":7.0},{"damage":10.0,"enemies":"Lagavulin","floor":10.0,"turns":6.0},{"damage":7.0,"enemies":"Large Slime","floor":11.0,"turns":5.0},{"damage":0.0,"enemies":"Looter","floor":14.0,"turns":4.0},{"damage":0.0,"enemies":"Hexaghost","floor":16.0,"turns":7.0},{"damage":27,"enemies":"2 Thieves","floor":18,"turns":4},{"damage":21,"enemies":"Spheric Guardian","floor":19,"turns":5},{"damage":0,"enemies":"Centurion and Healer","floor":21,"turns":1}],"seed_played":"-6810850006362352682","potions_obtained":[{"floor":3.0,"key":"SpeedPotion"},{"floor":16.0,"key":"Dexterity Potion"}],"is_trial":false,"path_per_floor":["M","?","M","?","M","R","E","R","T","E","M","$","R","M","R","B",null,"M","M","?","M"],"character_chosen":"IRONCLAD","items_purchased":["Armaments"],"campfire_rested":2,"item_purchase_floors":[12],"current_hp_per_floor":[65,65,63,40,40,40,1,23,23,13,6,6,28,28,28,28,63,36,15,15,15,15],"gold":205,"neow_bonus":"BOSS_RELIC","is_daily":false,"chose_seed":false,"campfire_upgraded":2,"win_rate":0.0,"timestamp":1609160297,"path_taken":["M","?","M","?","M","R","E","R","T","E","M","$","R","M","R","BOSS","M","M","?","M"],"items_purchased_type":["Card"],"build_version":"2020-12-22","purchased_purges":1,"victory":false,"max_hp_per_floor":[75,75,75,75,75,75,75,75,75,75,75,75,75,75,75,75,75,75,75,75,75,75],"relic_stats":{"counters":[11,49],"Sundial":[8],"obtain_stats":[{"Sundial":7,"aspiration:SecretTechniqueScroll":0,"Burning Blood":0,"TungstenRod":4,"Unceasing Top":9,"aspiration:MarisaSkillbook":17,"aspiration:ChemicalBlood":10},{"Sundial":4,"aspiration:SecretTechniqueScroll":0,"Burning Blood":0,"TungstenRod":2,"Unceasing Top":4,"aspiration:MarisaSkillbook":8,"aspiration:ChemicalBlood":5},{"Sundial":17,"aspiration:SecretTechniqueScroll":0,"Burning Blood":0,"TungstenRod":6,"Unceasing Top":17,"aspiration:MarisaSkillbook":39,"aspiration:ChemicalBlood":23}],"TungstenRod":23,"Unceasing Top":[2]},"card_choices":[{"not_picked":["Clothesline","Sword Boomerang"],"picked":"Pommel Strike","floor":1.0},{"not_picked":["Body Slam","Blood for Blood"],"picked":"Disarm","floor":3.0},{"not_picked":["Hemokinesis","Pommel Strike"],"picked":"Spot Weakness","floor":5.0},{"not_picked":["Rage","Sword Boomerang"],"picked":"Pommel Strike","floor":7.0},{"not_picked":["Bloodletting","Sword Boomerang"],"picked":"Uppercut","floor":10.0},{"not_picked":["Heavy Blade","Twin Strike"],"picked":"Flame Barrier","floor":11.0},{"not_picked":["Body Slam","Evolve"],"picked":"Anger","floor":14.0},{"not_picked":["Offering","Double Tap"],"picked":"Berserk","floor":16.0},{"not_picked":["ShootingEcho","Clash","Acceleration"],"picked":"Shrug It Off","floor":18},{"not_picked":["Blood for Blood+1","DeepEcoloBomb","Acceleration+1"],"picked":"OortCloud","floor":19}],"player_experience":1068139,"relics_obtained":[{"floor":7.0,"key":"Sundial"},{"floor":9.0,"key":"Unceasing Top"},{"floor":10.0,"key":"aspiration:ChemicalBlood"}],"event_choices":[{"cards_removed":["Strike_R"],"damage_healed":0.0,"max_hp_gain":0.0,"max_hp_loss":0.0,"gold_gain":0.0,"event_name":"The Cleric","player_choice":"Card Removal","floor":2.0,"gold_loss":75.0,"damage_taken":0.0},{"damage_healed":0,"gold_gain":50,"player_choice":"Steal","damage_taken":0,"max_hp_gain":0,"max_hp_loss":0,"event_name":"betterThird:BetterNest","floor":20,"gold_loss":0}],"is_beta":false,"boss_relics":[{"not_picked":["Runic Pyramid","Busted Crown"],"picked":"aspiration:MarisaSkillbook"}],"items_purged_floors":[12],"is_endless":false,"potions_floor_spawned":[3,16,19],"killed_by":"Centurion and Healer","ascension_level":20}}