{"host":"7nu0fnckee4tlfez","time":1609152179,"event":{"mods":["2.2 Compatiblity","AchievementEnabler","Astrologer","BaseMod","CapriCore","Colored Map","Downfall","Hermit","Lobotomy","Marisa£¨Ùöéë¡¡Øª×âÞÞ£©","Minty Spire (QoL Compilation)","Quick Restart","StSLib","SuperFastMode","The Cursed","The Hierophant","The Immortal"],"gold_per_floor":[99,99,99,99,99,99,99,130,143,143,156,166,166,176,188,285,285],"floor_reached":16,"playtime":1267,"items_purged":[],"score":175,"play_id":"8c8ec602-0274-4d30-a917-28b90b5b97b4","local_time":"20201228194259","is_ascension_mode":false,"campfire_choices":[{"data":"Guardian:CurlUp","floor":1,"key":"SMITH"},{"data":"Guardian:ShieldCharger","floor":6,"key":"SMITH"},{"floor":10,"key":"REST"}],"circlet_count":0,"master_deck":["Guardian:Strike_Guardian","Guardian:Strike_Guardian","Guardian:Strike_Guardian","Guardian:Defend_Guardian","Guardian:Defend_Guardian","Guardian:Defend_Guardian","Guardian:Defend_Guardian","Guardian:CurlUp+1","Guardian:TwinSlam","Guardian:ShieldCharger+1","Guardian:Reroute","Guardian:Gem_White","Guardian:FloatingOrbs+1","Guardian:Planning","Guardian:Gem_Orange","Guardian:Gem_Orange","Guardian:Gem_Cyan","Guardian:Gem_White","Guardian:FloatingOrbs+1","Guardian:Incinerate","Guardian:HyperBeam_Guardian"],"relics":["Guardian:ModeShifter","downfall:HeartsMalice","Happy Flower","Frozen Egg 2","Dream Catcher","Guardian:PickAxe"],"acts_visited":["Exordium"],"potions_floor_usage":[],"damage_taken":[{"damage":0,"enemies":"Jaw Worm","floor":2,"turns":1},{"damage":0,"enemies":"3 Sentries","floor":8,"turns":1},{"damage":7,"enemies":"Small Slimes","floor":9,"turns":5},{"damage":2,"enemies":"2 Louse","floor":11,"turns":3},{"damage":1,"enemies":"2 Fungi Beasts","floor":12,"turns":4},{"damage":3,"enemies":"Large Slime","floor":14,"turns":9},{"damage":7,"enemies":"Blue Slaver","floor":15,"turns":4},{"damage":52,"enemies":"downfall:CharBossSilent","floor":16,"turns":10}],"seed_played":"4470915172050596416","potions_obtained":[{"floor":11,"key":"CultistPotion"},{"floor":12,"key":"Ancient Potion"},{"floor":14,"key":"BlessingOfTheForge"}],"is_trial":false,"path_per_floor":["R","M","?","?","?","R","T","E","M","R","M","M","?","M","M","B"],"character_chosen":"GUARDIAN","items_purchased":[],"campfire_rested":1,"item_purchase_floors":[],"current_hp_per_floor":[80,80,80,73,73,73,73,73,66,80,78,77,71,68,61,9,9],"gold":285,"neow_bonus":"THREE_ENEMY_KILL","is_daily":false,"chose_seed":false,"campfire_upgraded":2,"win_rate":0.0,"timestamp":1609152179,"path_taken":["R","M","?","?","?","R","T","E","M","R","M","M","?","M","M","BOSS"],"items_purchased_type":[],"build_version":"2020-12-22","purchased_purges":0,"victory":false,"max_hp_per_floor":[80,80,80,80,80,80,80,80,80,80,80,80,80,80,80,80,80],"card_choices":[{"not_picked":["Guardian:Reroute","Guardian:Incinerate"],"picked":"Guardian:ShieldCharger","floor":2},{"not_picked":["Guardian:Gem_Cyan","Guardian:TemporalShield"],"picked":"Guardian:Gem_Orange","floor":8},{"not_picked":["Guardian:VentSteam","Guardian:Suspension"],"picked":"Guardian:Reroute","floor":9},{"not_picked":["Guardian:PrimingBeam","Guardian:PiercingHide"],"picked":"Guardian:Gem_White","floor":10},{"not_picked":["Guardian:RefractedBeam","Guardian:Gem_Cyan"],"picked":"Guardian:FloatingOrbs+1","floor":11},{"not_picked":["Guardian:Gem_Crimson","Guardian:PrimingBeam"],"picked":"Guardian:Planning","floor":12},{"not_picked":["Guardian:Emergency","Guardian:DecasProtection"],"picked":"Guardian:FloatingOrbs+1","floor":14},{"not_picked":["Guardian:PolyBeam","Guardian:VentSteam"],"picked":"Guardian:Incinerate","floor":15},{"not_picked":["Guardian:WeakpointTargeting","Guardian:BaubleBeam"],"picked":"Guardian:HyperBeam_Guardian","floor":16}],"player_experience":75829,"relics_obtained":[{"floor":7,"key":"Frozen Egg 2"},{"floor":8,"key":"Dream Catcher"}],"event_choices":[{"damage_healed":0,"gold_gain":0,"player_choice":"Success","damage_taken":7,"relics_obtained":["Happy Flower"],"max_hp_gain":0,"max_hp_loss":0,"event_name":"Scrap Ooze","floor":4,"gold_loss":0}],"is_beta":false,"boss_relics":[],"items_purged_floors":[],"is_endless":false,"potions_floor_spawned":[11,12,14,16],"killed_by":"downfall:CharBossSilent","ascension_level":0}}