{"host":"rxpu8tqu58sn7qk5","time":1609159053,"event":{"mods":["BaseMod","Colored Map","Colored Powertips","Downfall","Hubris","Minty Spire (QoL Compilation)","Replay The Spire","StSLib"],"gold_per_floor":[367,386,461,479,531,531,550,478,478,327,327,427,442,632,632,727,727,743,514,529,543,561,561,561],"floor_reached":23,"playtime":1778,"items_purged":["Strike_G"],"score":183,"play_id":"a778a977-c127-4c12-929f-f728ad1889f0","local_time":"20201228073733","is_ascension_mode":false,"campfire_choices":[{"data":"PiercingWail","floor":6,"key":"SMITH"},{"data":"Draining Mist","floor":11,"key":"SMITH"},{"floor":15,"key":"DIG"}],"circlet_count":0,"master_deck":["Strike_G","Strike_G","Strike_G","Strike_G","Defend_G","Defend_G","Defend_G","Defend_G","Defend_G","Survivor","Neutralize","hexamod:Defend","sneckomod:TailWhip","Deadly Poison","PiercingWail+1","Acrobatics","Slice","Footwork","Dodge and Roll","Venomology","Tools of the Trade","Infinite Blades","Draining Mist+1","Noxious Fumes","Burst","Terror+1","Accuracy","Malaise","Dagger Spray+1","Footwork"],"relics":["Ring of the Snake","Orrery","Bottled Flame","Runic Pyramid"],"acts_visited":["Exordium","TheCity"],"potions_floor_usage":[7,13,16,16,20,21,22,23],"damage_taken":[{"damage":2,"enemies":"Small Slimes","floor":1,"turns":5},{"damage":1,"enemies":"2 Louse","floor":2,"turns":3},{"damage":0,"enemies":"Cultist","floor":4,"turns":3},{"damage":4,"enemies":"Exordium Wildlife","floor":7,"turns":3},{"damage":5,"enemies":"Looter","floor":13,"turns":3},{"damage":25,"enemies":"Slime Boss","floor":16,"turns":11},{"damage":7,"enemies":"Shell Parasite","floor":18,"turns":7},{"damage":0,"enemies":"Chosen","floor":20,"turns":7},{"damage":26,"enemies":"Centurion and Healer","floor":21,"turns":12},{"damage":6,"enemies":"Chosen and Byrds","floor":22,"turns":7},{"damage":31,"enemies":"Slavers","floor":23,"turns":2}],"seed_played":"-2834453445897093927","potions_obtained":[{"floor":2,"key":"SkillPotion"},{"floor":13,"key":"PowerPotion"},{"floor":20,"key":"GamblersBrew"},{"floor":21,"key":"Adrenaline Potion"}],"is_trial":false,"path_per_floor":["M","M","?","M","?","R","M","$","T","$","R","?","M","?","R_BF","B",null,"M","$","M","M","M","E"],"character_chosen":"THE_SILENT","items_purchased":["Footwork","Orrery","Accuracy","Malaise"],"campfire_rested":0,"item_purchase_floors":[8,10,19,19],"current_hp_per_floor":[68,67,56,56,56,56,52,52,52,52,52,52,47,30,30,5,70,63,63,63,37,31,0,0],"gold":561,"neow_bonus":"TWO_FIFTY_GOLD","is_daily":false,"chose_seed":false,"campfire_upgraded":2,"win_rate":0.0,"timestamp":1609159053,"path_taken":["M","M","?","M","?","R","M","$","T","$","R","?","?","?","R_BF","BOSS","M","$","M","M","M","E"],"items_purchased_type":["Card","Relic","Card","Card"],"build_version":"2020-12-22","purchased_purges":1,"victory":false,"max_hp_per_floor":[70,70,70,70,70,70,70,70,70,70,70,70,70,70,70,70,70,70,70,70,70,70,70,70],"card_choices":[{"not_picked":["Hidden Blade","Acrobatics"],"picked":"Deadly Poison","floor":1},{"not_picked":["Eviscerate","Heel Hook"],"picked":"PiercingWail","floor":2},{"not_picked":["All Out Attack","Cloak And Dagger"],"picked":"Acrobatics","floor":4},{"not_picked":["After Image","Distraction"],"picked":"Slice","floor":7},{"not_picked":["Underhanded Strike","Expertise"],"picked":"Dodge and Roll","floor":10},{"not_picked":["Hidden Blade","Dodge and Roll"],"picked":"Venomology","floor":10},{"not_picked":["Sucker Punch","Slice"],"picked":"Tools of the Trade","floor":10},{"not_picked":["Dash","Caltrops"],"picked":"Infinite Blades","floor":10},{"not_picked":["Dodge and Roll","ReplayTheSpireMod:Exploit Weakness"],"picked":"Draining Mist","floor":10},{"not_picked":["Prepared","Hidden Blade","Outmaneuver"],"picked":"SKIP","floor":13},{"not_picked":["Acrobatics","Crippling Poison"],"picked":"Noxious Fumes","floor":14},{"not_picked":["Envenom","ReplayTheSpireMod:Necrosis"],"picked":"Burst","floor":16},{"not_picked":["Dagger Throw","Backflip"],"picked":"Terror+1","floor":18},{"not_picked":["Bane","hubris:SlightOfHand+1"],"picked":"Dagger Spray+1","floor":20},{"not_picked":["Poisoned Stab","Backstab"],"picked":"Footwork","floor":21},{"not_picked":["Sucker Punch","hubris:TrickCloak","Dodge and Roll+1"],"picked":"SKIP","floor":22}],"player_experience":114634,"relics_obtained":[{"floor":15,"key":"Bottled Flame"}],"event_choices":[{"damage_healed":0,"gold_gain":75,"player_choice":"Gather Gold","damage_taken":11,"max_hp_gain":0,"max_hp_loss":0,"event_name":"World of Goop","floor":3,"gold_loss":0},{"damage_healed":0,"gold_gain":52,"player_choice":"Gained Gold","damage_taken":0,"max_hp_gain":0,"max_hp_loss":0,"event_name":"Golden Wing","floor":5,"gold_loss":0},{"damage_healed":0,"gold_gain":100,"player_choice":"Pray","damage_taken":0,"max_hp_gain":0,"max_hp_loss":0,"event_name":"Golden Shrine","floor":12,"gold_loss":0}],"is_beta":false,"boss_relics":[{"not_picked":["hubris:GrandSneckoEye","Painkiller Herb"],"picked":"Runic Pyramid"}],"items_purged_floors":[19],"is_endless":false,"potions_floor_spawned":[2,13,20,21],"killed_by":"Slavers","ascension_level":0}}