{"host":"j3h0p3l2xgzxhnx7","time":1609173616,"event":{"mods":["BaseMod","Luminous","Marisa????????","Minty Spire (QoL Compilation)","Remilia??????","StSLib","The Bug Knight","The Cursed","The Servant 0.9.4"],"gold_per_floor":[113,188,199,49,49,63,88,88,88,88,114,114,114,129,129,225,225,238,255,170,14,14,14,34,63,90,90,190,210,223,26,26,125,125,142,15,15,15,41,41,57,57,83,108,108,140,140,159,159,159,159],"floor_reached":50,"playtime":2439,"items_purged":["Defend_MRS","Pain"],"score":495,"play_id":"7f59d0a5-4ee5-4033-a0e4-eb333e7f1231","local_time":"20201229004016","is_ascension_mode":false,"campfire_choices":[{"floor":8,"key":"REST"},{"floor":10,"key":"REST"},{"floor":13,"key":"REST"},{"data":"MysteriousBeam","floor":15,"key":"SMITH"},{"floor":23,"key":"REST"},{"floor":27,"key":"REST"},{"floor":32,"key":"REST"},{"floor":40,"key":"REST"},{"floor":42,"key":"REST"},{"floor":47,"key":"REST"},{"floor":49,"key":"REST"}],"circlet_count":0,"master_deck":["Strike_MRS","Strike_MRS","Strike_MRS","Strike_MRS","Defend_MRS","MasterSpark","UpSweep","MilkyWay","AlicesGift","UnstableBomb","Acceleration","MysteriousBeam+1","MilkyWay","CasketOfStar","OrrerysSun","OpenUniverse","6A+1","DarkSpark+1","UnstableBomb+1","BigCrunch","SatelliteIllusion","WitchLeyline+1","WitchOfGreed","ShootingEcho","UnstableBomb+1","StarlightTyphoon+1","FairyDestructionRay+1","SporeBomb","MysteriousBeam+1"],"relics":["MiniHakkero","NeowsBlessing","Vajra","Kunai","HollowMod:PaleOreRelic","AntiCross","Black Star","Potion Belt","HandDrill","WarpedTongs","Centennial Puzzle","PreservedInsect","Oddly Smooth Stone","SlaversCollar","Bag of Preparation"],"acts_visited":["Exordium","TheCity","TheBeyond"],"potions_floor_usage":[7,16,16,16,19,29,30,33,33,44,50,50,50,50],"damage_taken":[{"damage":0,"enemies":"Small Slimes","floor":1,"turns":1},{"damage":0,"enemies":"2 Louse","floor":3,"turns":1},{"damage":0,"enemies":"Cultist","floor":6,"turns":1},{"damage":33,"enemies":"3 Sentries","floor":7,"turns":6},{"damage":14,"enemies":"Gremlin Nob","floor":11,"turns":3},{"damage":1,"enemies":"Large Slime","floor":14,"turns":3},{"damage":17,"enemies":"The Guardian","floor":16,"turns":4},{"damage":14,"enemies":"3 Byrds","floor":18,"turns":4},{"damage":17,"enemies":"2 Thieves","floor":19,"turns":3},{"damage":21,"enemies":"Snake Plant","floor":24,"turns":3},{"damage":31,"enemies":"Gremlin Leader","floor":25,"turns":4},{"damage":31,"enemies":"Snecko","floor":29,"turns":4},{"damage":4,"enemies":"Chosen and Byrds","floor":30,"turns":2},{"damage":20,"enemies":"Automaton","floor":33,"turns":5},{"damage":35,"enemies":"3 Darklings","floor":35,"turns":4},{"damage":10,"enemies":"Orb Walker","floor":39,"turns":3},{"damage":18,"enemies":"4 Shapes","floor":41,"turns":1},{"damage":2,"enemies":"Transient","floor":44,"turns":5},{"damage":35,"enemies":"Maw","floor":46,"turns":5},{"damage":18,"enemies":"4 Shapes","floor":48,"turns":1},{"damage":59,"enemies":"Awakened One","floor":50,"turns":3}],"seed_played":"3306939026898981823","potions_obtained":[{"floor":6,"key":"Dexterity Potion"},{"floor":11,"key":"PowerPotion"},{"floor":12,"key":"AttackPotion"},{"floor":12,"key":"Weak Potion"},{"floor":12,"key":"Explosive Potion"},{"floor":14,"key":"DistilledChaos"},{"floor":16,"key":"Explosive Potion"},{"floor":18,"key":"SneckoOil"},{"floor":29,"key":"Fire Potion"},{"floor":30,"key":"SpeedPotion"},{"floor":33,"key":"FearPotion"},{"floor":39,"key":"Energy Potion"},{"floor":39,"key":"Strength Potion"},{"floor":41,"key":"Explosive Potion"},{"floor":44,"key":"LiquidBronze"},{"floor":46,"key":"SteroidPotion"},{"floor":48,"key":"FearPotion"}],"is_trial":false,"path_per_floor":["M","?","M","$","?","M","E","R","T","R","E","?","R","M","R","B",null,"M","M","?","$","?","R","M","E","T","R","?","M","M","$","R","B",null,"M","$","?","?","M","R","M","R","T","M","$","M","R","M","R","B"],"character_chosen":"MARISA","items_purchased":["Vajra","HandDrill","Regen Potion","Block Potion","WitchOfGreed"],"campfire_rested":10,"item_purchase_floors":[4,21,31,31,36],"current_hp_per_floor":[75,64,64,64,69,69,36,60,60,80,66,66,80,79,79,62,80,66,49,49,49,49,73,52,21,21,45,45,14,10,10,34,26,80,45,45,45,45,35,59,41,65,65,63,63,28,52,34,58,0,0],"gold":159,"neow_bonus":"THREE_ENEMY_KILL","is_daily":false,"chose_seed":false,"campfire_upgraded":1,"win_rate":0.0,"timestamp":1609173616,"path_taken":["M","?","?","$","?","M","E","R","T","R","E","?","R","?","R","BOSS","M","M","?","$","?","R","?","E","T","R","?","?","M","?","R","BOSS","M","?","?","?","?","R","M","R","T","M","?","M","R","M","R","BOSS"],"items_purchased_type":["Relic","Relic","Potion","Potion","Card"],"build_version":"2020-12-22","purchased_purges":2,"victory":false,"max_hp_per_floor":[75,75,75,75,80,80,80,80,80,80,80,80,80,80,80,80,80,80,80,80,80,80,80,80,80,80,80,80,80,80,80,80,80,80,80,80,80,80,80,80,80,80,80,80,80,80,80,80,80,80,80],"card_choices":[{"not_picked":["DoubleSpark","ChargeUpSpray"],"picked":"MilkyWay","floor":1},{"not_picked":["DeepEcoloBomb","WitchLeyline"],"picked":"AlicesGift","floor":3},{"not_picked":["Orbital","DoubleSpark"],"picked":"UnstableBomb","floor":6},{"not_picked":["DarkSpark","IllusionStar"],"picked":"Acceleration","floor":7},{"not_picked":["Acceleration","AsteroidBelt"],"picked":"MysteriousBeam","floor":11},{"not_picked":["UnstableBomb","LuminesStrike"],"picked":"MilkyWay","floor":14},{"not_picked":["EscapeVelocity","StarDustReverie"],"picked":"CasketOfStar","floor":16},{"not_picked":["EarthLightRay","DC"],"picked":"OrrerysSun","floor":18},{"not_picked":["AsteroidBelt","6A"],"picked":"OpenUniverse","floor":19},{"not_picked":["StarlightTyphoon","AlicesGift"],"picked":"6A+1","floor":24},{"not_picked":["6A","ShootTheMoon"],"picked":"DarkSpark+1","floor":25},{"not_picked":["GravityBeat","MysteriousBeam"],"picked":"UnstableBomb+1","floor":29},{"not_picked":["GrandCross","LuminesStrike"],"picked":"BigCrunch","floor":30},{"not_picked":["MaximisePower","EscapeVelocity"],"picked":"SatelliteIllusion","floor":33},{"not_picked":["GravityBeat","UnstableBomb"],"picked":"WitchLeyline+1","floor":35},{"not_picked":["Acceleration","DC+1"],"picked":"UnstableBomb+1","floor":39},{"not_picked":["GrandCross","6A"],"picked":"StarlightTyphoon+1","floor":41},{"not_picked":["MagicAbsorber+1","UnstableBomb+1"],"picked":"FairyDestructionRay+1","floor":44},{"not_picked":["RefractionSpark","MagicAbsorber"],"picked":"SporeBomb","floor":46},{"not_picked":["StarDustReverie","IllusionStar"],"picked":"MysteriousBeam+1","floor":48}],"player_experience":34306,"relics_obtained":[{"floor":7,"key":"Kunai"},{"floor":9,"key":"HollowMod:PaleOreRelic"},{"floor":11,"key":"AntiCross"},{"floor":25,"key":"Centennial Puzzle"},{"floor":25,"key":"PreservedInsect"},{"floor":26,"key":"Oddly Smooth Stone"},{"floor":43,"key":"Bag of Preparation"}],"event_choices":[{"damage_healed":0,"gold_gain":75,"player_choice":"Gather Gold","damage_taken":11,"max_hp_gain":0,"max_hp_loss":0,"event_name":"World of Goop","floor":2,"gold_loss":0},{"damage_healed":0,"gold_gain":0,"player_choice":"Donut","damage_taken":0,"max_hp_gain":5,"max_hp_loss":0,"event_name":"Big Fish","floor":5,"gold_loss":0},{"damage_healed":0,"gold_gain":0,"player_choice":"Got Potions","damage_taken":0,"max_hp_gain":0,"max_hp_loss":0,"event_name":"Lab","floor":12,"gold_loss":0},{"damage_healed":0,"gold_gain":0,"player_choice":"Obtained Relic","damage_taken":0,"relics_obtained":["Potion Belt"],"max_hp_gain":0,"max_hp_loss":0,"event_name":"Addict","floor":20,"gold_loss":85},{"damage_healed":0,"gold_gain":0,"player_choice":"Rummage","damage_taken":0,"relics_obtained":["WarpedTongs"],"max_hp_gain":0,"max_hp_loss":0,"event_name":"Accursed Blacksmith","floor":22,"gold_loss":0,"cards_obtained":["Pain"]},{"damage_healed":0,"gold_gain":100,"player_choice":"Pray","damage_taken":0,"max_hp_gain":0,"max_hp_loss":0,"event_name":"Golden Shrine","floor":28,"gold_loss":0},{"cards_removed":["Defend_MRS"],"damage_healed":0,"gold_gain":0,"player_choice":"Removed Skill","damage_taken":0,"max_hp_gain":0,"max_hp_loss":0,"event_name":"Falling","floor":37,"gold_loss":0},{"damage_healed":0,"gold_gain":0,"cards_transformed":["Defend_MRS"],"player_choice":"Transformed","damage_taken":0,"max_hp_gain":0,"max_hp_loss":0,"event_name":"Transmorgrifier","floor":38,"gold_loss":0,"cards_obtained":["ShootingEcho"]}],"is_beta":false,"boss_relics":[{"not_picked":["Snecko Eye","SacredBark"],"picked":"Black Star"},{"not_picked":["Philosopher\u0027s Stone","Runic Dome"],"picked":"SlaversCollar"}],"items_purged_floors":[31,36],"is_endless":false,"potions_floor_spawned":[6,11,14,16,18,29,30,33,39,41,44,48],"killed_by":"Awakened One","ascension_level":0}}