{"host":"ayh4nqhr0ddw4ozv","time":1609144097,"event":{"mods":["BaseMod","Minty Spire (QoL Compilation)","Relic Stats","Robot Space Explorer","StSLib"],"gold_per_floor":[219,233,247,247,59,59,77,152,152,184,242,259,6,19,19,118,118,130,55,68,68,68,68,79,104,128,5,5,40,51,71,71,167,167,179,179,195,211,211,236,252,285,285,320,63,89,89,102,102,102,102,102,102,135,135,135],"floor_reached":55,"playtime":3302,"items_purged":["RobotSpaceExplorer:Defend","Doubt"],"score":1359,"play_id":"ec88565d-d8e9-41ee-9fc0-ad273e474db6","local_time":"20201228002817","is_ascension_mode":true,"campfire_choices":[{"data":"RobotSpaceExplorer:StarLightning","floor":6,"key":"SMITH"},{"floor":15,"key":"REST"},{"data":"1","floor":23,"key":"LIFT"},{"floor":28,"key":"REST"},{"floor":32,"key":"REST"},{"floor":49,"key":"RECALL"},{"data":"2","floor":52,"key":"LIFT"}],"circlet_count":0,"master_deck":["AscendersBane","RobotSpaceExplorer:Strike+1","RobotSpaceExplorer:Strike","RobotSpaceExplorer:Strike+1","RobotSpaceExplorer:Defend+1","RobotSpaceExplorer:Defend","RobotSpaceExplorer:Scan","RobotSpaceExplorer:MiniLasers","RobotSpaceExplorer:StunGrenade","RobotSpaceExplorer:FrostMissile+1","RobotSpaceExplorer:StarLightning+1","RobotSpaceExplorer:ScrapShield","RobotSpaceExplorer:Comet","RobotSpaceExplorer:FranticSearch+1","RitualDagger+1","RobotSpaceExplorer:IronShell+1","RobotSpaceExplorer:LuckyStrike+1","RobotSpaceExplorer:StarLightning+1","RobotSpaceExplorer:Autoloader","RobotSpaceExplorer:FreezingShield+1","RobotSpaceExplorer:Calculate+1","RobotSpaceExplorer:JunkDive+1","RobotSpaceExplorer:ShockMissile+1","Flash of Steel+1","RobotSpaceExplorer:Counterblock+1"],"relics":["RobotSpaceExplorer:RoboCore","Nunchaku","CaptainsWheel","Girya","Molten Egg 2","Fusion Hammer","Gremlin Horn","Blood Vial","Oddly Smooth Stone","Cursed Key","Prayer Wheel","Lantern","Whetstone","Anchor","Pocketwatch","Happy Flower"],"acts_visited":["Exordium","TheCity","TheBeyond","TheEnding"],"potions_floor_usage":[3,10,16,16,20,31,33,33,40,40,44,55,55],"damage_taken":[{"damage":0,"enemies":"2 Louse","floor":1,"turns":3},{"damage":3,"enemies":"Jaw Worm","floor":2,"turns":5},{"damage":2,"enemies":"Small Slimes","floor":3,"turns":2},{"damage":1,"enemies":"Blue Slaver","floor":7,"turns":4},{"damage":21,"enemies":"Gremlin Nob","floor":10,"turns":6},{"damage":0,"enemies":"3 Louse","floor":12,"turns":3},{"damage":0,"enemies":"Red Slaver","floor":14,"turns":5},{"damage":20,"enemies":"Slime Boss","floor":16,"turns":12},{"damage":2,"enemies":"Spheric Guardian","floor":18,"turns":4},{"damage":8,"enemies":"Chosen","floor":20,"turns":7},{"damage":0,"enemies":"3 Cultists","floor":24,"turns":4},{"damage":43,"enemies":"Gremlin Leader","floor":25,"turns":8},{"damage":1,"enemies":"Book of Stabbing","floor":29,"turns":4},{"damage":0,"enemies":"Snecko","floor":30,"turns":5},{"damage":0,"enemies":"Cultist and Chosen","floor":31,"turns":4},{"damage":0,"enemies":"Collector","floor":33,"turns":8},{"damage":1,"enemies":"3 Shapes","floor":35,"turns":4},{"damage":0,"enemies":"Orb Walker","floor":37,"turns":3},{"damage":6,"enemies":"4 Shapes","floor":38,"turns":3},{"damage":17,"enemies":"Giant Head","floor":40,"turns":8},{"damage":5,"enemies":"Writhing Mass","floor":41,"turns":6},{"damage":0,"enemies":"Reptomancer","floor":42,"turns":6},{"damage":6,"enemies":"Nemesis","floor":44,"turns":5},{"damage":0,"enemies":"Reptomancer","floor":46,"turns":4},{"damage":4,"enemies":"Spire Growth","floor":48,"turns":3},{"damage":24,"enemies":"Donu and Deca","floor":50,"turns":9},{"damage":14,"enemies":"Shield and Spear","floor":54,"turns":6},{"damage":62,"enemies":"The Heart","floor":55,"turns":5}],"seed_played":"-5897619492623302953","potions_obtained":[{"floor":1,"key":"Explosive Potion"},{"floor":2,"key":"ColorlessPotion"},{"floor":3,"key":"SkillPotion"},{"floor":18,"key":"Block Potion"},{"floor":29,"key":"PowerPotion"},{"floor":33,"key":"LiquidBronze"},{"floor":35,"key":"Block Potion"},{"floor":38,"key":"EntropicBrew"},{"floor":46,"key":"Strength Potion"},{"floor":54,"key":"BlessingOfTheForge"}],"is_trial":false,"path_per_floor":["M","M","M","?","$","R","M","?","T","E","?","M","$","M","R","B",null,"M","?","M","$","?","R","M","E","T","$","R","E","M","M","R","B",null,"M","?","M","M","?","E","M","E","T","E","$","E","?","M","R","B",null,"R","$","E","B"],"character_chosen":"RobotSpaceExplorer","items_purchased":["RobotSpaceExplorer:StarLightning","Nunchaku","Molten Egg 2","Explosive Potion","Anchor"],"campfire_rested":3,"item_purchase_floors":[5,5,13,27,45],"current_hp_per_floor":[68,65,63,48,48,48,47,36,36,15,15,15,15,15,37,17,61,59,59,51,51,45,45,45,2,2,2,24,25,27,29,51,53,70,71,71,73,69,69,54,51,53,53,49,49,51,51,49,49,27,63,63,63,51,0,0],"gold":135,"neow_bonus":"HUNDRED_GOLD","is_daily":false,"chose_seed":false,"campfire_upgraded":1,"win_rate":0.0,"timestamp":1609144097,"path_taken":["M","M","M","?","$","R","M","?","T","E","?","M","$","M","R","BOSS","M","?","M","$","?","R","M","E","T","?","R","E","M","M","R","BOSS","M","?","M","?","?","E","M","E","T","E","$","E","?","M","R","BOSS","R","$","E","BOSS"],"items_purchased_type":["Card","Relic","Relic","Potion","Relic"],"build_version":"2020-12-22","purchased_purges":2,"victory":false,"max_hp_per_floor":[75,75,75,75,75,75,75,75,75,75,75,75,75,75,75,75,75,75,75,75,75,75,75,75,75,75,75,75,75,75,75,75,75,75,75,75,75,75,75,75,75,75,75,75,75,75,75,75,75,75,75,75,75,75,75,75],"relic_stats":{"Blood Vial":32,"Nunchaku":[38],"Gremlin Horn":[20,20],"Happy Flower":[1],"counters":[28,146],"Prayer Wheel":2,"Whetstone":["RobotSpaceExplorer:Strike","RobotSpaceExplorer:FrostMissile"],"Cursed Key":1,"obtain_stats":[{"Girya":10,"Lantern":42,"Gremlin Horn":25,"Happy Flower":54,"Oddly Smooth Stone":29,"RobotSpaceExplorer:RoboCore":0,"Whetstone":44,"Cursed Key":34,"Blood Vial":26,"Nunchaku":5,"CaptainsWheel":9,"Anchor":45,"Molten Egg 2":13,"Prayer Wheel":40,"Fusion Hammer":17,"Pocketwatch":46},{"Girya":5,"Lantern":22,"Gremlin Horn":12,"Happy Flower":27,"Oddly Smooth Stone":13,"RobotSpaceExplorer:RoboCore":0,"Whetstone":23,"Cursed Key":16,"Blood Vial":12,"Nunchaku":3,"CaptainsWheel":4,"Anchor":23,"Molten Egg 2":6,"Prayer Wheel":20,"Fusion Hammer":8,"Pocketwatch":24},{"Girya":20,"Lantern":114,"Gremlin Horn":63,"Happy Flower":141,"Oddly Smooth Stone":67,"RobotSpaceExplorer:RoboCore":0,"Whetstone":119,"Cursed Key":84,"Blood Vial":63,"Nunchaku":10,"CaptainsWheel":14,"Anchor":119,"Molten Egg 2":23,"Prayer Wheel":102,"Fusion Hammer":40,"Pocketwatch":123}],"Pocketwatch":[3]},"card_choices":[{"not_picked":["RobotSpaceExplorer:Reload","RobotSpaceExplorer:MiniDrones"],"picked":"RobotSpaceExplorer:DoubleFind","floor":1},{"not_picked":["RobotSpaceExplorer:ImprovisedAttack","RobotSpaceExplorer:Probe"],"picked":"RobotSpaceExplorer:StunGrenade","floor":2},{"not_picked":["RobotSpaceExplorer:SwiftStep","RobotSpaceExplorer:Fix"],"picked":"RobotSpaceExplorer:FrostMissile","floor":3},{"not_picked":["RobotSpaceExplorer:Discharger","RobotSpaceExplorer:SelfCleaning"],"picked":"RobotSpaceExplorer:ScrapShield","floor":7},{"not_picked":["RobotSpaceExplorer:SlimeMissile","RobotSpaceExplorer:SwiftStep","RobotSpaceExplorer:ShovelStrike"],"picked":"SKIP","floor":10},{"not_picked":["RobotSpaceExplorer:Electroshield","RobotSpaceExplorer:MakeshiftVolley","RobotSpaceExplorer:FreezingShield"],"picked":"SKIP","floor":12},{"not_picked":["RobotSpaceExplorer:MiniDrones+1","RobotSpaceExplorer:SwiftStep","RobotSpaceExplorer:Calculate"],"picked":"SKIP","floor":14},{"not_picked":["RobotSpaceExplorer:Multitool","RobotSpaceExplorer:Exploration"],"picked":"RobotSpaceExplorer:Comet","floor":16},{"not_picked":["RobotSpaceExplorer:Electropulse+1","RobotSpaceExplorer:Electroshield"],"picked":"RobotSpaceExplorer:FranticSearch+1","floor":18},{"not_picked":["RobotSpaceExplorer:ScrapMissile+1","RobotSpaceExplorer:MiniDrones+1","RobotSpaceExplorer:FreezingShield"],"picked":"SKIP","floor":20},{"not_picked":["RobotSpaceExplorer:Pulsar","RobotSpaceExplorer:FreezeRay"],"picked":"RobotSpaceExplorer:IronShell+1","floor":24},{"not_picked":["RobotSpaceExplorer:DroneSwarm","RobotSpaceExplorer:ShockKick+1"],"picked":"RobotSpaceExplorer:LuckyStrike+1","floor":25},{"not_picked":["RobotSpaceExplorer:SwiftStep","RobotSpaceExplorer:FrostMissile+1","RobotSpaceExplorer:ShovelStrike+1"],"picked":"SKIP","floor":29},{"not_picked":["RobotSpaceExplorer:StarDust","RobotSpaceExplorer:MetalStrike+1","RobotSpaceExplorer:FrostMissile+1"],"picked":"SKIP","floor":30},{"not_picked":["RobotSpaceExplorer:FrostMissile+1","RobotSpaceExplorer:RigExplosive+1"],"picked":"RobotSpaceExplorer:StarLightning+1","floor":31},{"not_picked":["RobotSpaceExplorer:Exploration","RobotSpaceExplorer:Scanner"],"picked":"RobotSpaceExplorer:Autoloader","floor":33},{"not_picked":["RobotSpaceExplorer:GearShield+1","RobotSpaceExplorer:SwiftStep"],"picked":"RobotSpaceExplorer:FreezingShield+1","floor":35},{"not_picked":["RobotSpaceExplorer:ImprovisedAttack+1","RobotSpaceExplorer:SlimeMissile+1","RobotSpaceExplorer:Ammunition+1"],"picked":"SKIP","floor":37},{"not_picked":["RobotSpaceExplorer:GlueShot","RobotSpaceExplorer:SlimeMissile+1"],"picked":"RobotSpaceExplorer:Calculate+1","floor":38},{"not_picked":["RobotSpaceExplorer:Pulsar","RobotSpaceExplorer:ScrapToss+1"],"picked":"RobotSpaceExplorer:JunkDive+1","floor":40},{"not_picked":["RobotSpaceExplorer:MetalStrike+1","RobotSpaceExplorer:SurgingStrike+1","RobotSpaceExplorer:TurboDodge+1"],"picked":"SKIP","floor":41},{"not_picked":["RobotSpaceExplorer:ShovelStrike+1","RobotSpaceExplorer:Ammunition","RobotSpaceExplorer:Fix"],"picked":"SKIP","floor":41},{"not_picked":["RobotSpaceExplorer:StarDust+1","RobotSpaceExplorer:IronShell","RobotSpaceExplorer:Autoloader"],"picked":"SKIP","floor":42},{"not_picked":["RobotSpaceExplorer:Ammunition+1","RobotSpaceExplorer:ImprovisedAttack+1","RobotSpaceExplorer:StunGrenade+1"],"picked":"SKIP","floor":44},{"not_picked":["RobotSpaceExplorer:IronShell+1","RobotSpaceExplorer:ShovelStrike+1"],"picked":"RobotSpaceExplorer:ShockMissile+1","floor":46},{"not_picked":["Good Instincts","Forethought"],"picked":"Flash of Steel+1","floor":47},{"not_picked":["RobotSpaceExplorer:MiniDrones+1","RobotSpaceExplorer:ExhaustFan+1","RobotSpaceExplorer:ShockKick+1"],"picked":"SKIP","floor":48},{"not_picked":["RobotSpaceExplorer:Pulsar","RobotSpaceExplorer:Probe+1","RobotSpaceExplorer:SurgingStrike+1"],"picked":"SKIP","floor":48},{"not_picked":["RobotSpaceExplorer:ScrapMissile+1","RobotSpaceExplorer:FreezeRay+1"],"picked":"RobotSpaceExplorer:Counterblock+1","floor":54}],"player_experience":255488,"relics_obtained":[{"floor":9,"key":"CaptainsWheel"},{"floor":10,"key":"Girya"},{"floor":25,"key":"Gremlin Horn"},{"floor":26,"key":"Blood Vial"},{"floor":29,"key":"Oddly Smooth Stone"},{"floor":40,"key":"Prayer Wheel"},{"floor":42,"key":"Lantern"},{"floor":44,"key":"Whetstone"},{"floor":46,"key":"Pocketwatch"},{"floor":54,"key":"Happy Flower"}],"event_choices":[{"damage_healed":0,"gold_gain":0,"player_choice":"Entered Light","damage_taken":15,"max_hp_gain":0,"max_hp_loss":0,"event_name":"Shining Light","floor":4,"gold_loss":0,"cards_upgraded":["RobotSpaceExplorer:Strike","RobotSpaceExplorer:Defend"]},{"damage_healed":0,"gold_gain":75,"player_choice":"Gather Gold","damage_taken":11,"max_hp_gain":0,"max_hp_loss":0,"event_name":"World of Goop","floor":8,"gold_loss":0},{"damage_healed":0,"gold_gain":58,"player_choice":"Gained Gold","damage_taken":0,"max_hp_gain":0,"max_hp_loss":0,"event_name":"Golden Wing","floor":11,"gold_loss":0},{"cards_removed":["RobotSpaceExplorer:Strike"],"damage_healed":0,"gold_gain":0,"player_choice":"Gave Gold","damage_taken":0,"max_hp_gain":0,"max_hp_loss":0,"event_name":"Beggar","floor":19,"gold_loss":75},{"damage_healed":0,"gold_gain":0,"player_choice":"Joined the Cult","damage_taken":6,"max_hp_gain":0,"max_hp_loss":0,"event_name":"Nest","floor":22,"gold_loss":0,"cards_obtained":["RitualDagger"]},{"cards_removed":["RobotSpaceExplorer:Defend"],"damage_healed":0,"gold_gain":0,"player_choice":"Offered Basic","damage_taken":0,"max_hp_gain":0,"max_hp_loss":0,"event_name":"Bonfire Elementals","floor":36,"gold_loss":0},{"cards_removed":["RobotSpaceExplorer:DoubleFind"],"damage_healed":0,"gold_gain":0,"player_choice":"Removed Skill","damage_taken":0,"max_hp_gain":0,"max_hp_loss":0,"event_name":"Falling","floor":39,"gold_loss":0},{"damage_healed":0,"gold_gain":0,"player_choice":"Memory 1","damage_taken":0,"max_hp_gain":0,"max_hp_loss":0,"event_name":"SensoryStone","floor":47,"gold_loss":0}],"is_beta":false,"boss_relics":[{"not_picked":["Busted Crown","Runic Pyramid"],"picked":"Fusion Hammer"},{"not_picked":["Pandora\u0027s Box","SlaversCollar"],"picked":"Cursed Key"}],"items_purged_floors":[27,45],"is_endless":false,"potions_floor_spawned":[1,2,3,18,29,30,33,35,38,40,46,54],"killed_by":"The Heart","ascension_level":11}}