{"host":"i0avyit1s6jb1siw","time":1609189783,"event":{"mods":["BaseMod","DeckTracker","Dota2Spire","Highlight Path","Minty Spire (QoL Compilation)","Quick Restart","Replay The Spire","StSLib","SuperFastMode"],"gold_per_floor":[119,137,62,81,81,81,123,123,123,123,123,123],"floor_reached":11,"playtime":179,"items_purged":["Strike_G"],"score":142,"play_id":"1e0578da-8f1e-4596-b96d-d1575dd03c54","local_time":"20201228220943","is_ascension_mode":true,"campfire_choices":[{"data":"Blade Dance","floor":6,"key":"SMITH"},{"floor":8,"key":"REST"}],"circlet_count":0,"master_deck":["AscendersBane","Strike_G","Strike_G","Strike_G","Strike_G","Defend_G","Defend_G","Defend_G","Defend_G","Defend_G","Survivor","Neutralize","Blade Dance+1","Poisoned Stab","Finisher","Terror"],"relics":["Sozu","Blood Vial","CeramicFish","Mirror","Golden Idol"],"acts_visited":["Exordium"],"potions_floor_usage":[],"damage_taken":[{"damage":3,"enemies":"Cultist","floor":1,"turns":6},{"damage":0,"enemies":"2 Louse","floor":2,"turns":3},{"damage":0,"enemies":"Small Slimes","floor":4,"turns":3},{"damage":32,"enemies":"3 Sentries","floor":7,"turns":10},{"damage":36,"enemies":"Gremlin Nob","floor":11,"turns":3}],"seed_played":"-459809965596899217","potions_obtained":[],"is_trial":false,"path_per_floor":["M","M","$","M","?","R","E","R","T","?","E"],"character_chosen":"THE_SILENT","items_purchased":[],"campfire_rested":1,"item_purchase_floors":[],"current_hp_per_floor":[56,56,56,56,45,45,15,34,34,34,0,0],"gold":123,"neow_bonus":"BOSS_RELIC","is_daily":false,"chose_seed":false,"campfire_upgraded":1,"win_rate":0.0,"timestamp":1609189783,"path_taken":["M","?","$","M","?","R","E","R","T","?","E"],"items_purchased_type":[],"build_version":"2020-12-22","purchased_purges":1,"victory":false,"max_hp_per_floor":[66,66,66,66,66,66,66,66,66,60,60,60],"card_choices":[{"not_picked":["Cloak And Dagger","Flechettes"],"picked":"Blade Dance","floor":1},{"not_picked":["Deadly Poison","ReplayTheSpireMod:Tripwire"],"picked":"Poisoned Stab","floor":2},{"not_picked":["Sneak Up","Dash"],"picked":"Finisher","floor":4},{"not_picked":["Riddle With Holes","ReplayTheSpireMod:Exploit Weakness"],"picked":"Terror","floor":7}],"player_experience":2128210,"relics_obtained":[{"floor":7,"key":"CeramicFish"},{"floor":9,"key":"Mirror"}],"event_choices":[{"damage_healed":0,"gold_gain":0,"player_choice":"Success","damage_taken":11,"relics_obtained":["Blood Vial"],"max_hp_gain":0,"max_hp_loss":0,"event_name":"Scrap Ooze","floor":5,"gold_loss":0},{"damage_healed":0,"gold_gain":0,"player_choice":"Lose Max HP","damage_taken":0,"relics_obtained":["Golden Idol"],"max_hp_gain":0,"max_hp_loss":6,"event_name":"Golden Idol","floor":10,"gold_loss":0}],"is_beta":false,"boss_relics":[],"items_purged_floors":[3],"is_endless":false,"potions_floor_spawned":[2,4,7],"killed_by":"Gremlin Nob","ascension_level":20}}