{"host":"t75twhtg6c476ygg","time":1609197262,"event":{"mods":["AchievementEnabler","BaseMod","Colored Powertips","Minty Spire (QoL Compilation)","Quick Restart","Relic Stats","StSLib","SuperFastMode"],"gold_per_floor":[134,134,134,4,44,74,109,189,189,189,214,14,69,129,129,304,304,339,339,354,395,215,245,260,260,260,410,440,440,440,480,480,580,580,620,660,100,322,372,372,372,372,397,452,492,547,572,612,612,612],"floor_reached":51,"playtime":2575,"items_purged":["Defend_P"],"score":959,"play_id":"4ca59f9b-9c65-435f-b968-e68014a1df76","local_time":"20201228231422","daily_mods":["Allstar","Colorless Cards","Night Terrors"],"is_ascension_mode":false,"campfire_choices":[{"floor":15.0,"key":"REST"},{"floor":25.0,"key":"REST"},{"data":"Apotheosis","floor":29.0,"key":"SMITH"},{"data":"Meditate","floor":32.0,"key":"SMITH"},{"floor":40.0,"key":"REST"},{"floor":42.0,"key":"REST"},{"data":"FlurryOfBlows","floor":49.0,"key":"SMITH"}],"circlet_count":0,"master_deck":["Strike_P","Strike_P","Defend_P","Defend_P","Defend_P+1","Eruption+1","Vigilance","Apotheosis+1","Impatience","Consecrate+1","EmptyMind+1","FlurryOfBlows","CarveReality+1","Conclude","EmptyBody","FlurryOfBlows","Sadistic Nature+1","Consecrate+1","Mind Blast+1","EmptyBody","MentalFortress","FlurryOfBlows+1","Meditate+1","HandOfGreed+1","CutThroughFate+1","HandOfGreed+1","Protect+1","Study+1"],"relics":["PureWater","Pear","Dream Catcher","The Courier","Potion Belt","War Paint","Medical Kit","Vajra","Tiny Chest","Lantern","Gremlin Horn","Astrolabe","Red Mask","Omamori","Bag of Marbles","Bottled Lightning","FossilizedHelix","Mercury Hourglass","Anchor","Bottled Tornado","Cursed Key","Bag of Preparation","Happy Flower","Frozen Egg 2","Oddly Smooth Stone","Torii","Smiling Mask","Whetstone","MealTicket","Bronze Scales"],"acts_visited":["Exordium","TheCity","TheBeyond"],"potions_floor_usage":[50,50,50,50],"damage_taken":[{"damage":0.0,"enemies":"Small Slimes","floor":1.0,"turns":4.0},{"damage":7.0,"enemies":"2 Louse","floor":5.0,"turns":3.0},{"damage":15.0,"enemies":"Gremlin Nob","floor":6.0,"turns":3.0},{"damage":2.0,"enemies":"Jaw Worm","floor":7.0,"turns":2.0},{"damage":15.0,"enemies":"3 Sentries","floor":8.0,"turns":5.0},{"damage":5.0,"enemies":"Gremlin Nob","floor":13.0,"turns":3.0},{"damage":6.0,"enemies":"Exordium Wildlife","floor":14.0,"turns":5.0},{"damage":2.0,"enemies":"Slime Boss","floor":16.0,"turns":11.0},{"damage":7.0,"enemies":"2 Thieves","floor":18.0,"turns":3.0},{"damage":8.0,"enemies":"Shell Parasite","floor":20.0,"turns":4.0},{"damage":0.0,"enemies":"Masked Bandits","floor":21.0,"turns":3.0},{"damage":30.0,"enemies":"Book of Stabbing","floor":23.0,"turns":5.0},{"damage":24.0,"enemies":"Shelled Parasite and Fungi","floor":24.0,"turns":4.0},{"damage":16.0,"enemies":"Colosseum Slavers","floor":27.0,"turns":4.0},{"damage":0.0,"enemies":"Colosseum Nobs","floor":27.0,"turns":3.0},{"damage":0.0,"enemies":"Gremlin Leader","floor":28.0,"turns":2.0},{"damage":0.0,"enemies":"3 Cultists","floor":31.0,"turns":2.0},{"damage":0.0,"enemies":"Collector","floor":33.0,"turns":6.0},{"damage":0.0,"enemies":"3 Shapes","floor":35.0,"turns":4.0},{"damage":0.0,"enemies":"3 Darklings","floor":36.0,"turns":3.0},{"damage":0.0,"enemies":"2 Orb Walkers","floor":39.0,"turns":5.0},{"damage":0.0,"enemies":"Giant Head","floor":44.0,"turns":5.0},{"damage":0.0,"enemies":"Maw","floor":45.0,"turns":6.0},{"damage":1.0,"enemies":"Nemesis","floor":46.0,"turns":9.0},{"damage":16.0,"enemies":"Spire Growth","floor":48.0,"turns":4.0},{"damage":21,"enemies":"Awakened One","floor":50,"turns":10}],"seed_played":"3313543068594885719","potions_obtained":[{"floor":5.0,"key":"SkillPotion"},{"floor":6.0,"key":"DuplicationPotion"},{"floor":14.0,"key":"Explosive Potion"},{"floor":16.0,"key":"Energy Potion"},{"floor":18.0,"key":"PowerPotion"},{"floor":24.0,"key":"SpeedPotion"},{"floor":28.0,"key":"SkillPotion"},{"floor":31.0,"key":"Energy Potion"},{"floor":44.0,"key":"LiquidBronze"}],"is_trial":false,"path_per_floor":["M","?","?","$","M","E","M","E","T","?","T","$","E","M","R","B",null,"M","?","M","?","$","E","M","R","T","?","E","R","T","M","R","B",null,"M","M","$","?","?","R","?","R","T","E","M","E","T","M","R","B",null],"character_chosen":"WATCHER","items_purchased":["FlurryOfBlows","CarveReality","War Paint","Medical Kit","Vajra","Tiny Chest","Lantern","Omamori","Bag of Preparation","Happy Flower","Frozen Egg 2","Oddly Smooth Stone"],"campfire_rested":4,"item_purchase_floors":[4,4,12,12,12,12,12,22,37,37,37,37],"current_hp_per_floor":[72,72,72,72,65,60,58,43,43,27,27,27,22,16,77,75,77,70,70,62,62,62,32,8,72,72,56,56,56,56,56,56,56,72,72,72,72,72,72,67,67,62,62,62,62,61,61,45,45,24],"gold":612,"neow_bonus":"","is_daily":true,"chose_seed":false,"campfire_upgraded":3,"win_rate":0.0,"timestamp":1609197262,"path_taken":["M","?","?","$","?","E","M","E","T","?","?","$","E","M","R","BOSS","M","?","M","?","$","E","M","R","T","?","E","R","?","M","R","BOSS","M","M","$","?","?","R","?","R","T","E","M","E","?","M","R","BOSS"],"items_purchased_type":["Card","Card","Relic","Relic","Relic","Relic","Relic","Relic","Relic","Relic","Relic","Relic"],"build_version":"2020-12-22","purchased_purges":1,"victory":true,"max_hp_per_floor":[72,72,72,72,72,82,82,82,82,82,82,82,82,82,77,77,77,77,77,77,77,77,77,77,72,72,72,72,72,72,72,72,72,72,72,72,72,72,72,67,67,62,62,62,62,62,62,62,62,62],"relic_stats":{"Gremlin Horn":[23,23],"Happy Flower":[13],"Torii":0,"counters":[26,118],"Astrolabe":["Sadistic Nature","Consecrate","Mind Blast"],"Bag of Preparation":[12],"Whetstone":["CarveReality","Eruption"],"War Paint":["Defend_P","EmptyMind"],"Medical Kit":[4],"Cursed Key":2,"Smiling Mask":0,"Mercury Hourglass":[207],"Dream Catcher":4,"Bronze Scales":[51],"Tiny Chest":2,"MealTicket":0,"obtain_stats":[{"Lantern":12,"Gremlin Horn":13,"Torii":39,"Vajra":12,"Bag of Preparation":37,"Whetstone":44,"Bottled Tornado":30,"Cursed Key":34,"Smiling Mask":43,"Dream Catcher":8,"Tiny Chest":12,"MealTicket":46,"Red Mask":21,"Potion Belt":11,"Pear":6,"Happy Flower":37,"Astrolabe":17,"Oddly Smooth Stone":37,"The Courier":9,"Omamori":22,"War Paint":12,"Frozen Egg 2":37,"Medical Kit":12,"Mercury Hourglass":27,"Anchor":28,"Bronze Scales":47,"Bag of Marbles":23,"Bottled Lightning":26,"PureWater":0,"FossilizedHelix":27},{"Lantern":5,"Gremlin Horn":6,"Torii":21,"Vajra":5,"Bag of Preparation":20,"Whetstone":22,"Bottled Tornado":16,"Cursed Key":18,"Smiling Mask":21,"Dream Catcher":5,"Tiny Chest":5,"MealTicket":24,"Red Mask":11,"Potion Belt":5,"Pear":3,"Happy Flower":20,"Astrolabe":8,"Oddly Smooth Stone":20,"The Courier":5,"Omamori":11,"War Paint":5,"Frozen Egg 2":20,"Medical Kit":5,"Mercury Hourglass":15,"Anchor":16,"Bronze Scales":24,"Bag of Marbles":12,"Bottled Lightning":13,"PureWater":0,"FossilizedHelix":15},{"Lantern":17,"Gremlin Horn":20,"Torii":84,"Vajra":17,"Bag of Preparation":79,"Whetstone":89,"Bottled Tornado":64,"Cursed Key":72,"Smiling Mask":84,"Dream Catcher":17,"Tiny Chest":17,"MealTicket":104,"Red Mask":46,"Potion Belt":17,"Pear":10,"Happy Flower":79,"Astrolabe":36,"Oddly Smooth Stone":79,"The Courier":17,"Omamori":46,"War Paint":17,"Frozen Egg 2":79,"Medical Kit":17,"Mercury Hourglass":62,"Anchor":64,"Bronze Scales":104,"Bag of Marbles":51,"Bottled Lightning":55,"PureWater":0,"FossilizedHelix":62}]},"card_choices":[{"not_picked":["Dark Shackles","EmptyBody"],"picked":"Consecrate","floor":1.0},{"not_picked":["Protect","CrushJoints"],"picked":"Conclude","floor":5.0},{"not_picked":["FlyingSleeves","Deep Breath","BattleHymn"],"picked":"SKIP","floor":6.0},{"not_picked":["EmptyMind","EmptyFist"],"picked":"EmptyBody","floor":7.0},{"not_picked":["Perseverance","SpiritShield"],"picked":"FlurryOfBlows","floor":8.0},{"not_picked":["Mayhem","Sanctity","Pray"],"picked":"SKIP","floor":13.0},{"not_picked":["Prostrate","EmptyMind","Crescendo"],"picked":"SKIP","floor":14.0},{"not_picked":["ThirdEye+1","Impatience"],"picked":"EmptyBody","floor":18.0},{"not_picked":["FollowUp","JustLucky"],"picked":"MentalFortress","floor":20.0},{"not_picked":["Panacea+1","CrushJoints"],"picked":"FlurryOfBlows","floor":23.0},{"not_picked":["FlyingSleeves","PathToVictory","Prostrate"],"picked":"SKIP","floor":24.0},{"not_picked":["EmptyFist+1","Thinking Ahead"],"picked":"Meditate","floor":28.0},{"not_picked":["Impatience","FollowUp","BowlingBash"],"picked":"SKIP","floor":31.0},{"not_picked":["SashWhip","EmptyBody+1","SignatureMove+1"],"picked":"SKIP","floor":35.0},{"not_picked":["Pray+1","Perseverance+1","Wireheading+1"],"picked":"SKIP","floor":36.0},{"not_picked":["Halt","CrushJoints+1"],"picked":"CutThroughFate+1","floor":40.0},{"not_picked":["Madness","FollowUp"],"picked":"Protect+1","floor":42.0},{"not_picked":["BowlingBash+1","LikeWater+1"],"picked":"Study+1","floor":44.0},{"not_picked":["Panacea+1","Wireheading+1","EmptyBody+1"],"picked":"SKIP","floor":45.0},{"not_picked":["PathToVictory+1","MentalFortress+1","CrushJoints"],"picked":"SKIP","floor":46.0},{"not_picked":["FlyingSleeves+1","Establishment+1","ClearTheMind"],"picked":"SKIP","floor":48.0}],"player_experience":199633,"relics_obtained":[{"floor":6.0,"key":"Pear"},{"floor":8.0,"key":"Dream Catcher"},{"floor":9.0,"key":"The Courier"},{"floor":11.0,"key":"Potion Belt"},{"floor":13.0,"key":"Gremlin Horn"},{"floor":21.0,"key":"Red Mask"},{"floor":23.0,"key":"Bag of Marbles"},{"floor":26.0,"key":"Bottled Lightning"},{"floor":27.0,"key":"FossilizedHelix"},{"floor":27.0,"key":"Mercury Hourglass"},{"floor":28.0,"key":"Anchor"},{"floor":30.0,"key":"Bottled Tornado"},{"floor":39.0,"key":"Torii"},{"floor":43.0,"key":"Smiling Mask"},{"floor":44.0,"key":"Whetstone"},{"floor":46.0,"key":"MealTicket"},{"floor":47.0,"key":"Bronze Scales"}],"event_choices":[{"damage_healed":0.0,"max_hp_gain":0.0,"max_hp_loss":0.0,"gold_gain":0.0,"cards_transformed":["Strike_P"],"event_name":"Living Wall","player_choice":"Change","floor":2.0,"gold_loss":0.0,"damage_taken":0.0,"cards_obtained":["EmptyMind"]},{"damage_healed":0.0,"max_hp_gain":0.0,"max_hp_loss":0.0,"gold_gain":0.0,"event_name":"Liars Game","player_choice":"Ignored","floor":3.0,"gold_loss":0.0,"damage_taken":0.0},{"damage_healed":0.0,"max_hp_gain":0.0,"max_hp_loss":0.0,"gold_gain":0.0,"event_name":"Shining Light","player_choice":"Entered Light","floor":10.0,"gold_loss":0.0,"damage_taken":16.0,"cards_upgraded":["Consecrate","Chrysalis"]},{"damage_healed":0.0,"max_hp_gain":0.0,"max_hp_loss":0.0,"gold_gain":0.0,"event_name":"Ghosts","player_choice":"Ignored","floor":19.0,"gold_loss":0.0,"damage_taken":0.0},{"damage_healed":0.0,"max_hp_gain":0.0,"max_hp_loss":0.0,"gold_gain":0.0,"event_name":"Masked Bandits","player_choice":"Fought Bandits","floor":21.0,"gold_loss":0.0,"damage_taken":0.0},{"damage_healed":0.0,"max_hp_gain":0.0,"max_hp_loss":0.0,"gold_gain":0.0,"event_name":"Colosseum","player_choice":"Fight","floor":27.0,"gold_loss":0.0,"damage_taken":0.0},{"damage_healed":0.0,"max_hp_gain":0.0,"max_hp_loss":0.0,"gold_gain":0.0,"event_name":"Colosseum","player_choice":"Fought Nobs","floor":27.0,"gold_loss":0.0,"damage_taken":0.0},{"damage_healed":0.0,"max_hp_gain":0.0,"max_hp_loss":0.0,"gold_gain":222.0,"event_name":"Tomb of Lord Red Mask","player_choice":"Wore Mask","floor":38.0,"gold_loss":0.0,"damage_taken":0.0},{"damage_healed":0.0,"max_hp_gain":0.0,"max_hp_loss":0.0,"gold_gain":0.0,"event_name":"Mysterious Sphere","player_choice":"Fight","floor":39.0,"gold_loss":0.0,"damage_taken":0.0},{"damage_healed":0.0,"max_hp_gain":0.0,"max_hp_loss":0.0,"gold_gain":0.0,"event_name":"Duplicator","player_choice":"Copied","floor":41.0,"gold_loss":0.0,"damage_taken":0.0,"cards_obtained":["HandOfGreed"]}],"is_beta":false,"boss_relics":[{"not_picked":["SlaversCollar","Snecko Eye"],"picked":"Astrolabe"},{"not_picked":["Sozu","Coffee Dripper"],"picked":"Cursed Key"}],"items_purged_floors":[22],"is_endless":false,"potions_floor_spawned":[5,6,14,16,18,24,28,31,44,45,48],"ascension_level":0}}