{"host":"r5cycnjhcbwgkpkf","time":1609184587,"event":{"mods":["2.2 Compatiblity","AchievementEnabler","BaseMod","Bestiary","Better Match","Better Note","Better Skull","Better Third Choice","BetterRewards","Colored Map","Colored Powertips","Downfall","Infinite Spire","Minty Spire (QoL Compilation)","Replay The Spire","Spicy Shops","StSLib"],"gold_per_floor":[99,99,109,124,124,135,160,176,176,176],"floor_reached":8,"playtime":372,"items_purged":[],"score":53,"play_id":"e44f3280-5bff-476f-91ec-7219fb1b1a7a","local_time":"20201228114307","is_ascension_mode":true,"campfire_choices":[{"data":"champ:Taunt","floor":1.0,"key":"SMITH"}],"circlet_count":0,"master_deck":["champ:Strike","champ:Strike","champ:Strike","champ:Defend","champ:Defend","champ:Defend","champ:Defend","champ:Execute","champ:Taunt+1","AbeCurse","champ:FanOfKnives","champ:ViciousMockery","champ:ShieldSigil","champ:Haymaker"],"relics":["Abe\u0027s Treasure","Anchor","Replay:Bandana"],"acts_visited":["Exordium"],"potions_floor_usage":[8],"damage_taken":[{"damage":5.0,"enemies":"Small Slimes","floor":3.0,"turns":3.0},{"damage":24.0,"enemies":"infinitespire:Voidling","floor":4.0,"turns":4.0},{"damage":14.0,"enemies":"Jaw Worm","floor":6.0,"turns":3.0},{"damage":64,"enemies":"3 Sentries","floor":8,"turns":6}],"seed_played":"-8820811136362333391","potions_obtained":[{"floor":4.0,"key":"Adrenaline Potion"},{"floor":6.0,"key":"Regen Potion"}],"is_trial":false,"path_per_floor":["R","?","M","M","?","M","T","E"],"character_chosen":"THE_CHAMP","items_purchased":[],"campfire_rested":0,"item_purchase_floors":[],"current_hp_per_floor":[90,90,90,76,62,62,62,13,13,13],"gold":176,"neow_bonus":"BOSS_RELIC","is_daily":false,"chose_seed":false,"campfire_upgraded":1,"win_rate":0.0,"timestamp":1609184587,"path_taken":["R","?","M","?","?","M","T","E"],"items_purchased_type":[],"build_version":"2020-12-22","purchased_purges":0,"victory":false,"max_hp_per_floor":[90,90,90,90,90,90,90,90,90,90],"card_choices":[{"not_picked":["champ:RapidStrikes","champ:RageSigil"],"picked":"champ:ViciousMockery","floor":3.0},{"not_picked":["champ:Backstep","champ:DefensiveShout"],"picked":"champ:ShieldSigil","floor":4.0},{"not_picked":["champ:FanOfKnives","champ:DefensiveShout"],"picked":"champ:Haymaker","floor":6.0}],"player_experience":389580,"relics_obtained":[{"floor":7.0,"key":"Replay:Bandana"}],"event_choices":[{"damage_healed":0.0,"max_hp_gain":0.0,"max_hp_loss":0.0,"gold_gain":0.0,"cards_transformed":["champ:Strike"],"event_name":"Transmorgrifier","player_choice":"Transformed","floor":2.0,"gold_loss":0.0,"damage_taken":0.0,"cards_obtained":["champ:FanOfKnives"]},{"damage_healed":0.0,"max_hp_gain":0.0,"max_hp_loss":0.0,"gold_gain":0.0,"event_name":"betterThird:BetterScrap","player_choice":"Relic ","floor":5.0,"gold_loss":0.0,"damage_taken":14.0,"cards_obtained":["A Thousand Cuts"]}],"is_beta":false,"boss_relics":[],"items_purged_floors":[],"is_endless":false,"potions_floor_spawned":[4,6],"killed_by":"3 Sentries","ascension_level":3}}