{"host":"vumwfieg2b2mnrfl","time":1609120756,"event":{"mods":["AchievementEnabler","BaseMod","Minty Spire (QoL Compilation)","Rare Cards Sparkle","Relic Stats"],"gold_per_floor":[117,117,187,113,133,165,165,199,199,225,225,238,116,139,139,237,237,262,262,280,280,280],"floor_reached":21,"playtime":559,"items_purged":[],"score":341,"play_id":"168abfc9-6061-48d5-8f6c-e2213412d1cf","local_time":"20201227195916","is_ascension_mode":true,"campfire_choices":[{"data":"Uppercut","floor":7,"key":"SMITH"},{"floor":15,"key":"REST"}],"circlet_count":0,"master_deck":["AscendersBane","Strike_R","Strike_R","Strike_R","Strike_R","Defend_R","Defend_R","Defend_R","Defend_R","Bash+1","Twin Strike","Perfected Strike","Rampage","Clothesline","Uppercut+1","Battle Trance","Feed","Injury","Headbutt","Fire Breathing+1","Metallicize+1","Barricade+1"],"relics":["Burning Blood","The Courier","Oddly Smooth Stone","Sundial","Frozen Egg 2","Bloody Idol","Smiling Mask","Snecko Eye"],"acts_visited":["Exordium","TheCity"],"potions_floor_usage":[6,8,20],"damage_taken":[{"damage":6,"enemies":"Jaw Worm","floor":1,"turns":4},{"damage":1,"enemies":"2 Louse","floor":5,"turns":3},{"damage":15,"enemies":"Lagavulin","floor":6,"turns":6},{"damage":25,"enemies":"3 Sentries","floor":8,"turns":5},{"damage":28,"enemies":"Gremlin Nob","floor":10,"turns":4},{"damage":0,"enemies":"Cultist","floor":12,"turns":3},{"damage":35,"enemies":"Slime Boss","floor":16,"turns":7},{"damage":27,"enemies":"2 Thieves","floor":18,"turns":3},{"damage":0,"enemies":"Spheric Guardian","floor":20,"turns":2},{"damage":73,"enemies":"Masked Bandits","floor":21,"turns":3}],"seed_played":"-5995830325220066010","potions_obtained":[{"floor":1,"key":"BlessingOfTheForge"},{"floor":5,"key":"AttackPotion"},{"floor":8,"key":"Explosive Potion"},{"floor":12,"key":"BlessingOfTheForge"},{"floor":20,"key":"Strength Potion"}],"is_trial":false,"path_per_floor":["M","?","?","$","M","E","R","E","T","E","?","M","$","T","R","B",null,"M","?","M","?"],"character_chosen":"IRONCLAD","items_purchased":["Rampage","Fire Breathing+1","Metallicize+1"],"campfire_rested":1,"item_purchase_floors":[4,13,13],"current_hp_per_floor":[68,68,68,68,73,64,64,45,45,23,23,29,29,29,51,25,65,47,47,61,0,0],"gold":280,"neow_bonus":"UPGRADE_CARD","is_daily":false,"chose_seed":false,"campfire_upgraded":1,"win_rate":0.0,"timestamp":1609120756,"path_taken":["M","?","?","$","M","E","R","E","T","E","?","M","?","?","R","BOSS","M","?","M","?"],"items_purchased_type":["Card","Card","Card"],"build_version":"2020-12-22","purchased_purges":0,"victory":false,"max_hp_per_floor":[75,75,75,75,75,75,75,75,75,75,75,75,75,75,75,78,78,81,81,84,84,84],"relic_stats":{"counters":[10,40],"Sundial":[0],"Bloody Idol":5,"Snecko Eye":[9,14,17,12],"Smiling Mask":0,"obtain_stats":[{"Sundial":9,"Golden Idol":11,"Bloody Idol":19,"Oddly Smooth Stone":8,"Snecko Eye":17,"The Courier":6,"Frozen Egg 2":10,"Smiling Mask":14,"Burning Blood":0},{"Sundial":4,"Golden Idol":5,"Bloody Idol":8,"Oddly Smooth Stone":4,"Snecko Eye":7,"The Courier":3,"Frozen Egg 2":5,"Smiling Mask":6,"Burning Blood":0},{"Sundial":18,"Golden Idol":22,"Bloody Idol":35,"Oddly Smooth Stone":18,"Snecko Eye":32,"The Courier":13,"Frozen Egg 2":22,"Smiling Mask":25,"Burning Blood":0}],"Burning Blood":54},"card_choices":[{"not_picked":["Reckless Charge","Pommel Strike"],"picked":"Twin Strike","floor":1},{"not_picked":["Dark Embrace","Second Wind"],"picked":"Clothesline","floor":5},{"not_picked":["Sword Boomerang","Searing Blow"],"picked":"Uppercut","floor":6},{"not_picked":["Seeing Red","Body Slam"],"picked":"Battle Trance","floor":8},{"not_picked":["Sword Boomerang","Fire Breathing+1"],"picked":"Feed","floor":10},{"not_picked":["Power Through","Cleave"],"picked":"Headbutt","floor":12},{"not_picked":["Offering","Impervious"],"picked":"Barricade+1","floor":16},{"not_picked":["True Grit","Dual Wield","Seeing Red"],"picked":"SKIP","floor":18},{"not_picked":["Iron Wave+1","Anger","Rage"],"picked":"SKIP","floor":20}],"player_experience":318329,"relics_obtained":[{"floor":6,"key":"The Courier"},{"floor":8,"key":"Oddly Smooth Stone"},{"floor":9,"key":"Sundial"},{"floor":10,"key":"Frozen Egg 2"},{"floor":14,"key":"Smiling Mask"}],"event_choices":[{"damage_healed":0,"gold_gain":0,"cards_transformed":["Strike_R"],"player_choice":"Change","damage_taken":0,"max_hp_gain":0,"max_hp_loss":0,"event_name":"Living Wall","floor":2,"gold_loss":0,"cards_obtained":["Perfected Strike"]},{"damage_healed":0,"gold_gain":70,"player_choice":"Gained Gold","damage_taken":0,"max_hp_gain":0,"max_hp_loss":0,"event_name":"Golden Wing","floor":3,"gold_loss":0},{"damage_healed":0,"gold_gain":0,"player_choice":"Take Wound","damage_taken":0,"relics_obtained":["Golden Idol"],"max_hp_gain":0,"max_hp_loss":0,"event_name":"Golden Idol","floor":11,"gold_loss":0,"cards_obtained":["Injury"]},{"damage_healed":0,"gold_gain":0,"player_choice":"Gave Idol","damage_taken":0,"relics_obtained":["Bloody Idol"],"max_hp_gain":0,"max_hp_loss":0,"event_name":"Forgotten Altar","floor":19,"relics_lost":["Golden Idol"],"gold_loss":0},{"damage_healed":0,"gold_gain":0,"player_choice":"Fought Bandits","damage_taken":0,"max_hp_gain":0,"max_hp_loss":0,"event_name":"Masked Bandits","floor":21,"gold_loss":0}],"is_beta":false,"boss_relics":[{"not_picked":["Coffee Dripper","Philosopher\u0027s Stone"],"picked":"Snecko Eye"}],"items_purged_floors":[],"is_endless":false,"potions_floor_spawned":[1,5,8,12,20],"killed_by":"Masked Bandits","ascension_level":15}}