{"host":"b5k9dtspx1cjm4w0","time":1609185975,"event":{"mods":["AchievementEnabler","BaseMod","Better Third Choice","Colored Map","Colored Powertips","Highlight Path","Minty Spire (QoL Compilation)","Permanent Neow","Quick Restart","Relic Stats","StSLib"],"gold_per_floor":[113,123,142,142,158,197,197,237,315,315,340,67,67,108,108,237,237,251,270,345,53,53,89,89,14,14,38,38,53,87,87,87,215,215,228,228,228,244,57,390,420,420,420,440,490,510,510,528,528,528],"floor_reached":51,"playtime":3723,"items_purged":["Strike_R","Strike_R"],"score":958,"play_id":"caabe30e-4025-4a70-acae-74208402df0a","local_time":"20201228200615","is_ascension_mode":false,"campfire_choices":[{"data":"Armaments","floor":7,"key":"SMITH"},{"data":"Rampage","floor":10,"key":"SMITH"},{"data":"Havoc","floor":13,"key":"SMITH"},{"data":"Bludgeon","floor":15,"key":"SMITH"},{"data":"Metallicize","floor":24,"key":"SMITH"},{"data":"Intimidate","floor":28,"key":"SMITH"},{"floor":32,"key":"REST"},{"data":"Discovery","floor":49,"key":"SMITH"}],"circlet_count":0,"master_deck":["Strike_R+1","Strike_R+1","Defend_R","Defend_R","Defend_R","Bash","Bludgeon+1","Armaments+1","Cleave","Rampage+1","Battle Trance","Headbutt","Shrug It Off","Havoc+1","Berserk","Inflame+1","Disarm+1","Metallicize+1","Anger+1","Intimidate+1","Uppercut+1","Necronomicurse","Corruption","Pommel Strike+1","Immolate","Deep Breath","Discovery+1"],"relics":["Burning Blood","Bronze Scales","FossilizedHelix","Kunai","Juzu Bracelet","Strawberry","SlaversCollar","Whetstone","Ornamental Fan","TungstenRod","Ancient Tea Set","Potion Belt","Necronomicon","Philosopher\u0027s Stone","PreservedInsect","Letter Opener","Boot","Charon\u0027s Ashes"],"acts_visited":["Exordium","TheCity","TheBeyond"],"potions_floor_usage":[6,14,16,23,29,33,45,50,50,50,50,50],"damage_taken":[{"damage":1,"enemies":"Cultist","floor":1,"turns":3},{"damage":5,"enemies":"2 Louse","floor":2,"turns":3},{"damage":6,"enemies":"Jaw Worm","floor":3,"turns":2},{"damage":9,"enemies":"2 Fungi Beasts","floor":5,"turns":3},{"damage":8,"enemies":"3 Sentries","floor":6,"turns":6},{"damage":14,"enemies":"Gremlin Nob","floor":8,"turns":3},{"damage":0,"enemies":"Exordium Thugs","floor":11,"turns":3},{"damage":0,"enemies":"3 Sentries","floor":14,"turns":6},{"damage":0,"enemies":"Slime Boss","floor":16,"turns":6},{"damage":20,"enemies":"2 Thieves","floor":18,"turns":3},{"damage":0,"enemies":"Chosen","floor":19,"turns":4},{"damage":33,"enemies":"Gremlin Leader","floor":23,"turns":5},{"damage":14,"enemies":"Sentry and Sphere","floor":27,"turns":5},{"damage":6,"enemies":"Shelled Parasite and Fungi","floor":29,"turns":2},{"damage":23,"enemies":"Slavers","floor":30,"turns":6},{"damage":0,"enemies":"Collector","floor":33,"turns":3},{"damage":2,"enemies":"3 Darklings","floor":35,"turns":5},{"damage":14,"enemies":"3 Shapes","floor":38,"turns":3},{"damage":0,"enemies":"Giant Head","floor":41,"turns":4},{"damage":7,"enemies":"Writhing Mass","floor":44,"turns":4},{"damage":17,"enemies":"Mind Bloom Boss Battle","floor":45,"turns":4},{"damage":0,"enemies":"Transient","floor":46,"turns":5},{"damage":1,"enemies":"Jaw Worm Horde","floor":48,"turns":3},{"damage":56,"enemies":"Awakened One","floor":50,"turns":8}],"seed_played":"-6562106089317958921","potions_obtained":[{"floor":1,"key":"DistilledChaos"},{"floor":2,"key":"LiquidBronze"},{"floor":3,"key":"SteroidPotion"},{"floor":11,"key":"ElixirPotion"},{"floor":19,"key":"Ancient Potion"},{"floor":27,"key":"Explosive Potion"},{"floor":30,"key":"Swift Potion"},{"floor":35,"key":"Dexterity Potion"},{"floor":38,"key":"BlessingOfTheForge"},{"floor":45,"key":"AttackPotion"},{"floor":48,"key":"Regen Potion"}],"is_trial":false,"path_per_floor":["M","M","M","?","M","E","R","E","T","R","M","$","R","E","R","B",null,"M","M","?","$","T","E","R","?","T","M","R","M","E","?","R","B",null,"M","?","?","M","$","?","E","?","T","M","?","M","?","M","R","B",null],"character_chosen":"IRONCLAD","items_purchased":["Juzu Bracelet","Havoc","Whetstone","Metallicize","Immolate","Fire Potion"],"campfire_rested":1,"item_purchase_floors":[12,12,21,21,39,39],"current_hp_per_floor":[80,80,80,60,57,55,55,47,47,47,53,53,53,66,66,72,87,73,79,71,71,71,44,44,44,44,36,36,36,19,7,33,39,87,87,87,87,79,79,79,85,76,76,75,64,70,70,75,75,39],"gold":528,"neow_bonus":"ONE_RANDOM_RARE_CARD","is_daily":false,"chose_seed":false,"campfire_upgraded":7,"win_rate":0.0,"timestamp":1609185975,"path_taken":["M","?","?","?","M","E","R","E","T","R","M","?","R","E","R","BOSS","M","M","?","$","?","E","R","?","T","M","R","M","E","?","R","BOSS","M","?","?","M","$","?","E","?","T","M","?","M","?","M","R","BOSS"],"items_purchased_type":["Relic","Card","Relic","Card","Card","Potion"],"build_version":"2020-12-22","purchased_purges":2,"victory":true,"max_hp_per_floor":[80,80,80,80,80,80,80,80,80,80,80,80,80,87,87,87,87,87,87,87,87,87,87,87,87,87,87,87,87,87,87,87,87,87,87,87,87,87,87,87,87,87,87,87,87,87,83,83,83,83],"relic_stats":{"counters":[24,99],"PreservedInsect":125,"Charon\u0027s Ashes":[33],"Juzu Bracelet":3,"Whetstone":["Strike_R","Strike_R"],"Letter Opener":[59],"Boot":[1],"Burning Blood":134,"Ornamental Fan":[112],"Bronze Scales":[196],"Necronomicon":[25],"Kunai":[34],"obtain_stats":[{"Potion Belt":30,"Golden Idol":4,"PreservedInsect":36,"Charon\u0027s Ashes":45,"Juzu Bracelet":12,"Whetstone":21,"Letter Opener":41,"Ancient Tea Set":26,"Boot":43,"Burning Blood":0,"SlaversCollar":17,"Ornamental Fan":22,"Bronze Scales":6,"Strawberry":14,"Philosopher\u0027s Stone":34,"Necronomicon":31,"Kunai":9,"FossilizedHelix":8,"TungstenRod":23},{"Potion Belt":15,"Golden Idol":3,"PreservedInsect":17,"Charon\u0027s Ashes":21,"Juzu Bracelet":7,"Whetstone":11,"Letter Opener":19,"Ancient Tea Set":12,"Boot":19,"Burning Blood":0,"SlaversCollar":9,"Ornamental Fan":11,"Bronze Scales":5,"Strawberry":8,"Philosopher\u0027s Stone":16,"Necronomicon":15,"Kunai":6,"FossilizedHelix":6,"TungstenRod":12},{"Potion Belt":60,"Golden Idol":8,"PreservedInsect":68,"Charon\u0027s Ashes":83,"Juzu Bracelet":23,"Whetstone":42,"Letter Opener":75,"Ancient Tea Set":47,"Boot":75,"Burning Blood":0,"SlaversCollar":35,"Ornamental Fan":42,"Bronze Scales":17,"Strawberry":29,"Philosopher\u0027s Stone":63,"Necronomicon":60,"Kunai":20,"FossilizedHelix":20,"TungstenRod":47}],"TungstenRod":30},"card_choices":[{"not_picked":["Battle Trance","Clash"],"picked":"Armaments","floor":1},{"not_picked":["Battle Trance","Anger"],"picked":"Cleave","floor":2},{"not_picked":["Blood for Blood","Sever Soul"],"picked":"Rampage","floor":3},{"not_picked":["Perfected Strike","Dual Wield"],"picked":"Battle Trance","floor":5},{"not_picked":["Second Wind","Clash"],"picked":"Headbutt","floor":6},{"not_picked":["Wild Strike","Exhume","Sentinel"],"picked":"SKIP","floor":8},{"not_picked":["Wild Strike","Second Wind"],"picked":"Shrug It Off","floor":11},{"not_picked":["Cleave","Perfected Strike","Uppercut"],"picked":"SKIP","floor":14},{"not_picked":["Exhume","Limit Break"],"picked":"Berserk","floor":16},{"not_picked":["Armaments","Shrug It Off"],"picked":"Inflame+1","floor":18},{"not_picked":["Combust","Sword Boomerang"],"picked":"Disarm+1","floor":19},{"not_picked":["Anger+1","Shrug It Off+1","Metallicize"],"picked":"SKIP","floor":23},{"not_picked":["Shrug It Off+1","Metallicize"],"picked":"Anger+1","floor":23},{"not_picked":["Dropkick+1","Perfected Strike"],"picked":"Intimidate","floor":27},{"not_picked":["Clothesline","Perfected Strike+1","Heavy Blade"],"picked":"SKIP","floor":29},{"not_picked":["Anger+1","Twin Strike"],"picked":"Uppercut+1","floor":30},{"not_picked":["Impervious","Limit Break"],"picked":"Corruption","floor":33},{"not_picked":["Sentinel","Intimidate+1","Perfected Strike"],"picked":"SKIP","floor":35},{"not_picked":["Thunderclap","Anger+1"],"picked":"Pommel Strike+1","floor":38},{"not_picked":["Iron Wave+1","Intimidate+1","Dropkick"],"picked":"SKIP","floor":41},{"not_picked":["Trip","Discovery"],"picked":"Deep Breath","floor":42},{"not_picked":["Transmutation","Trip"],"picked":"Discovery","floor":42},{"not_picked":["Intimidate+1","Iron Wave+1","Clash"],"picked":"SKIP","floor":44},{"not_picked":["Thunderclap","Body Slam","Hemokinesis+1"],"picked":"SKIP","floor":46},{"not_picked":["Wild Strike+1","Clash+1","Searing Blow"],"picked":"SKIP","floor":48}],"player_experience":1614934,"relics_obtained":[{"floor":6,"key":"Bronze Scales"},{"floor":8,"key":"FossilizedHelix"},{"floor":9,"key":"Kunai"},{"floor":14,"key":"Strawberry"},{"floor":22,"key":"Ornamental Fan"},{"floor":23,"key":"TungstenRod"},{"floor":26,"key":"Ancient Tea Set"},{"floor":30,"key":"Potion Belt"},{"floor":31,"key":"Necronomicon"},{"floor":36,"key":"PreservedInsect"},{"floor":41,"key":"Letter Opener"},{"floor":43,"key":"Boot"},{"floor":45,"key":"Charon\u0027s Ashes"}],"event_choices":[{"damage_healed":0,"gold_gain":0,"player_choice":"Take Damage","damage_taken":20,"relics_obtained":["Golden Idol"],"max_hp_gain":0,"max_hp_loss":0,"event_name":"Golden Idol","floor":4,"gold_loss":0},{"damage_healed":0,"gold_gain":75,"player_choice":"Touch","damage_taken":8,"max_hp_gain":0,"max_hp_loss":0,"event_name":"FaceTrader","floor":20,"gold_loss":0},{"cards_removed":["Strike_R"],"damage_healed":0,"gold_gain":0,"player_choice":"Gave Gold","damage_taken":0,"max_hp_gain":0,"max_hp_loss":0,"event_name":"Beggar","floor":25,"gold_loss":75},{"damage_healed":0,"gold_gain":0,"player_choice":"Obtained Book","damage_taken":16,"max_hp_gain":0,"max_hp_loss":0,"event_name":"Cursed Tome","floor":31,"gold_loss":0},{"damage_healed":0,"gold_gain":0,"player_choice":"Relic","damage_taken":0,"max_hp_gain":0,"max_hp_loss":0,"event_name":"Wheel of Change","floor":36,"gold_loss":0},{"cards_removed":["Defend_R"],"damage_healed":0,"gold_gain":0,"player_choice":"Removed Skill","damage_taken":0,"max_hp_gain":0,"max_hp_loss":0,"event_name":"Falling","floor":37,"gold_loss":0},{"damage_healed":0,"gold_gain":333,"player_choice":"Gave Idol","damage_taken":0,"max_hp_gain":0,"max_hp_loss":0,"event_name":"The Moai Head","floor":40,"relics_lost":["Golden Idol"],"gold_loss":0},{"damage_healed":0,"gold_gain":0,"player_choice":"Random: Blue","damage_taken":0,"max_hp_gain":0,"max_hp_loss":0,"event_name":"betterThird:BetterPortal","floor":42,"gold_loss":0},{"damage_healed":0,"gold_gain":0,"player_choice":"Memory 3","damage_taken":10,"max_hp_gain":0,"max_hp_loss":0,"event_name":"SensoryStone","floor":42,"gold_loss":0},{"damage_healed":0,"gold_gain":0,"player_choice":"Fight","damage_taken":0,"max_hp_gain":0,"max_hp_loss":0,"event_name":"MindBloom","floor":45,"gold_loss":0},{"damage_healed":0,"gold_gain":0,"player_choice":"Max HP","damage_taken":0,"max_hp_gain":0,"max_hp_loss":4,"event_name":"Winding Halls","floor":47,"gold_loss":0}],"is_beta":false,"boss_relics":[{"not_picked":["Astrolabe","Tiny House"],"picked":"SlaversCollar"},{"not_picked":["Snecko Eye","Sozu"],"picked":"Philosopher\u0027s Stone"}],"items_purged_floors":[12,21],"is_endless":false,"potions_floor_spawned":[1,2,3,11,19,27,30,35,38,45,48],"ascension_level":0}}