{"host":"Shugu","time":1609145461,"event":{"mods":["BaseMod","Colored Powertips","Minty Spire (QoL Compilation)","Waifu the Spire"],"gold_per_floor":[109,109,284,234,248,248,283,283,283,283,299,10,10,10],"floor_reached":13,"playtime":475,"items_purged":["Doubt"],"score":143,"play_id":"1cd6cab7-bf37-4d9b-ab62-818561221549","local_time":"20201228165101","is_ascension_mode":true,"campfire_choices":[{"data":"Entrench","floor":6,"key":"SMITH"},{"data":"Bloodletting","floor":8,"key":"SMITH"},{"floor":10,"key":"RECALL"}],"circlet_count":0,"master_deck":["Strike_R","Strike_R","Strike_R","Strike_R","Strike_R","Defend_R","Defend_R","Defend_R","Defend_R","Bash","Entrench+1","Bloodletting+1","Power Through","Burning Pact","Feel No Pain"],"relics":["Burning Blood","NeowsBlessing","Prayer Wheel","Juzu Bracelet","Kunai","HandDrill"],"acts_visited":["Exordium"],"potions_floor_usage":[],"damage_taken":[{"damage":0,"enemies":"Small Slimes","floor":1,"turns":1},{"damage":0,"enemies":"2 Louse","floor":5,"turns":1},{"damage":0,"enemies":"3 Sentries","floor":7,"turns":2},{"damage":15,"enemies":"Jaw Worm","floor":11,"turns":7},{"damage":61,"enemies":"Lagavulin","floor":13,"turns":16}],"seed_played":"-3440015522907086876","potions_obtained":[{"floor":1,"key":"SpeedPotion"},{"floor":5,"key":"PowerPotion"}],"is_trial":false,"path_per_floor":["M","?","?","?","M","R","E","R","T","R","M","$","E"],"character_chosen":"IRONCLAD","items_purchased":["HandDrill","Feel No Pain"],"campfire_rested":0,"item_purchase_floors":[12,12],"current_hp_per_floor":[78,78,78,78,80,80,80,80,80,80,71,71,10,10],"gold":10,"neow_bonus":"THREE_ENEMY_KILL","is_daily":false,"chose_seed":false,"campfire_upgraded":2,"win_rate":0.0,"timestamp":1609145461,"path_taken":["M","?","?","?","?","R","E","R","T","R","M","$","E"],"items_purchased_type":["Relic","Card"],"build_version":"2020-12-18","purchased_purges":1,"victory":false,"max_hp_per_floor":[80,80,80,80,80,80,80,80,80,80,80,80,80,80],"card_choices":[{"not_picked":["Anger","Shrug It Off"],"picked":"Entrench","floor":1},{"not_picked":["Clash","Iron Wave"],"picked":"Bloodletting","floor":5},{"not_picked":["Cleave","Dropkick","Blood for Blood"],"picked":"SKIP","floor":5},{"not_picked":["Havoc","Sever Soul","Heavy Blade"],"picked":"SKIP","floor":7},{"not_picked":["Uppercut","Carnage"],"picked":"Power Through","floor":11},{"not_picked":["Twin Strike","Perfected Strike"],"picked":"Burning Pact","floor":11}],"player_experience":356364,"relics_obtained":[{"floor":7,"key":"Juzu Bracelet"},{"floor":9,"key":"Kunai"}],"event_choices":[{"damage_healed":0,"gold_gain":0,"player_choice":"Box","damage_taken":0,"relics_obtained":["Prayer Wheel"],"max_hp_gain":0,"max_hp_loss":0,"event_name":"Big Fish","floor":2,"gold_loss":0,"cards_obtained":["Regret"]},{"damage_healed":0,"gold_gain":175,"player_choice":"AGREE","damage_taken":0,"max_hp_gain":0,"max_hp_loss":0,"event_name":"Liars Game","floor":3,"gold_loss":0,"cards_obtained":["Doubt"]},{"cards_removed":["Regret"],"damage_healed":0,"gold_gain":0,"player_choice":"Card Removal","damage_taken":0,"max_hp_gain":0,"max_hp_loss":0,"event_name":"The Cleric","floor":4,"gold_loss":50}],"is_beta":true,"boss_relics":[],"items_purged_floors":[12],"is_endless":false,"potions_floor_spawned":[1,5],"killed_by":"Lagavulin","ascension_level":7}}