{"host":"2se5dq1do2gp0x9k","time":1609192533,"event":{"mods":["BaseMod","Block Reminder","Colored Map","Colored Powertips","Minty Spire (QoL Compilation)","Relic Stats","StSLib","SuperFastMode","Synergy Search"],"gold_per_floor":[117,36,36,54,69,69,432,432,457,482,559,559,579,24,24,100,100,112,112,112,162,173,173,201,201,201,201,201,201],"floor_reached":28,"playtime":1028,"items_purged":["Decay"],"score":464,"play_id":"0dde14e9-f812-4239-a912-724eb270d877","local_time":"20201228135533","is_ascension_mode":true,"campfire_choices":[{"data":"Darkness","floor":6.0,"key":"SMITH"},{"floor":8.0,"key":"REST"},{"floor":12.0,"key":"REST"},{"data":"Madness","floor":15.0,"key":"SMITH"},{"data":"Biased Cognition","floor":23,"key":"SMITH"},{"floor":27,"key":"REST"}],"circlet_count":0,"master_deck":["AscendersBane","Strike_B","Strike_B","Strike_B","Strike_B","Defend_B","Defend_B","Defend_B","Defend_B","Zap","Dualcast","Beam Cell","Core Surge","Glacier","Darkness+1","Sweeping Beam","Redo","Ball Lightning","Conserve Battery","Echo Form","Conserve Battery","Madness+1","Biased Cognition+1","Reinforced Body","Barrage","Capacitor","Decay","Blizzard"],"relics":["Cracked Core","Happy Flower","Old Coin","Dream Catcher","Nunchaku","Runic Capacitor","Snecko Eye","Smiling Mask"],"acts_visited":["Exordium","TheCity"],"potions_floor_usage":[16],"damage_taken":[{"damage":2.0,"enemies":"Jaw Worm","floor":1.0,"turns":3.0},{"damage":3.0,"enemies":"Cultist","floor":4.0,"turns":3.0},{"damage":9.0,"enemies":"2 Louse","floor":5.0,"turns":2.0},{"damage":47.0,"enemies":"3 Sentries","floor":7.0,"turns":13.0},{"damage":16.0,"enemies":"Gremlin Nob","floor":10.0,"turns":4.0},{"damage":13.0,"enemies":"Looter","floor":13.0,"turns":2.0},{"damage":6,"enemies":"Hexaghost","floor":16,"turns":9},{"damage":0,"enemies":"Spheric Guardian","floor":18,"turns":4},{"damage":0,"enemies":"Chosen","floor":22,"turns":5},{"damage":53,"enemies":"Slavers","floor":24,"turns":6},{"damage":27,"enemies":"Snake Plant","floor":28,"turns":5}],"seed_played":"-8259944109676302105","potions_obtained":[{"floor":5.0,"key":"EssenceOfSteel"},{"floor":13.0,"key":"LiquidMemories"},{"floor":24,"key":"FearPotion"}],"is_trial":false,"path_per_floor":["M","$","?","M","M","R","?","R","T","E","?","R","M","$","R","B",null,"M","?","?","?","M","R","E","?","T","R","M"],"character_chosen":"DEFECT","items_purchased":["Core Surge","Echo Form","Runic Capacitor","Conserve Battery","Madness"],"campfire_rested":3,"item_purchase_floors":[2,14,14,14,14],"current_hp_per_floor":[62,62,62,59,50,50,3,24,24,8,8,29,16,16,16,10,56,56,56,56,56,56,56,3,3,3,24,0,0],"gold":201,"neow_bonus":"RANDOM_COMMON_RELIC","is_daily":false,"chose_seed":false,"campfire_upgraded":3,"win_rate":0.0,"timestamp":1609192533,"path_taken":["M","$","?","M","?","R","?","R","T","E","?","R","M","$","R","BOSS","M","?","?","?","M","R","E","?","T","R","M"],"items_purchased_type":["Card","Card","Relic","Card","Card"],"build_version":"2020-12-22","purchased_purges":1,"victory":false,"max_hp_per_floor":[71,71,71,71,71,71,71,71,71,71,71,71,71,71,71,71,71,71,71,71,71,71,71,71,71,71,71,71,71],"relic_stats":{"Dream Catcher":2,"Nunchaku":[4],"Happy Flower":[18],"counters":[11,56],"Snecko Eye":[29,29,31,29],"Smiling Mask":0,"obtain_stats":[{"Dream Catcher":9,"Nunchaku":10,"Happy Flower":0,"Snecko Eye":17,"Runic Capacitor":14,"Cracked Core":0,"Smiling Mask":24,"Old Coin":7},{"Dream Catcher":4,"Nunchaku":5,"Happy Flower":0,"Snecko Eye":7,"Runic Capacitor":6,"Cracked Core":0,"Smiling Mask":10,"Old Coin":3},{"Dream Catcher":21,"Nunchaku":25,"Happy Flower":0,"Snecko Eye":36,"Runic Capacitor":27,"Cracked Core":0,"Smiling Mask":51,"Old Coin":8}]},"card_choices":[{"not_picked":["Redo","FTL"],"picked":"Beam Cell","floor":1.0},{"not_picked":["Conserve Battery","Sweeping Beam"],"picked":"Glacier","floor":4.0},{"not_picked":["Go for the Eyes","Rebound"],"picked":"Darkness","floor":5.0},{"not_picked":["Streamline","Stack"],"picked":"Sweeping Beam","floor":7.0},{"not_picked":["Sunder","BootSequence"],"picked":"Redo","floor":10.0},{"not_picked":["Rebound","Barrage"],"picked":"Ball Lightning","floor":12.0},{"not_picked":["Streamline","Double Energy"],"picked":"Conserve Battery","floor":13.0},{"not_picked":["Hyperbeam","Echo Form"],"picked":"Biased Cognition","floor":16},{"not_picked":["Static Discharge","White Noise"],"picked":"Reinforced Body","floor":18},{"not_picked":["Ball Lightning","Hello World"],"picked":"Barrage","floor":22},{"not_picked":["Steam Power","Steam"],"picked":"Capacitor","floor":24},{"not_picked":["Steam","Steam Power+1"],"picked":"Blizzard","floor":27}],"player_experience":3634019,"relics_obtained":[{"floor":9.0,"key":"Dream Catcher"},{"floor":10.0,"key":"Nunchaku"},{"floor":24,"key":"Smiling Mask"}],"event_choices":[{"damage_healed":0.0,"max_hp_gain":0.0,"max_hp_loss":0.0,"gold_gain":0.0,"event_name":"Wheel of Change","player_choice":"Cursed","floor":3.0,"gold_loss":0.0,"damage_taken":0.0,"cards_obtained":["Decay"]},{"damage_healed":0.0,"max_hp_gain":0.0,"max_hp_loss":0.0,"gold_gain":0.0,"event_name":"Dead Adventurer","player_choice":"Searched \u00272\u0027 times","floor":7.0,"gold_loss":0.0,"damage_taken":0.0,"relics_obtained":["Old Coin"]},{"damage_healed":0.0,"max_hp_gain":0.0,"max_hp_loss":0.0,"gold_gain":77.0,"event_name":"Golden Wing","player_choice":"Gained Gold","floor":11.0,"gold_loss":0.0,"damage_taken":0.0},{"damage_healed":0,"gold_gain":0,"player_choice":"Ignored","damage_taken":0,"max_hp_gain":0,"max_hp_loss":0,"event_name":"Vampires","floor":19,"gold_loss":0},{"damage_healed":0,"gold_gain":0,"player_choice":"Ignored","damage_taken":0,"max_hp_gain":0,"max_hp_loss":0,"event_name":"The Mausoleum","floor":20,"gold_loss":0},{"damage_healed":0,"gold_gain":50,"player_choice":"Stole From Cult","damage_taken":0,"max_hp_gain":0,"max_hp_loss":0,"event_name":"Nest","floor":21,"gold_loss":0},{"damage_healed":0,"gold_gain":0,"player_choice":"Smashed Altar","damage_taken":0,"max_hp_gain":0,"max_hp_loss":0,"event_name":"Forgotten Altar","floor":25,"gold_loss":0,"cards_obtained":["Decay"]}],"is_beta":false,"boss_relics":[{"not_picked":["SlaversCollar","Coffee Dripper"],"picked":"Snecko Eye"}],"items_purged_floors":[14],"is_endless":false,"potions_floor_spawned":[5,13,24],"killed_by":"Snake Plant","ascension_level":20}}