{"host":"l66odvkqh04jpxx0","time":1609136176,"event":{"mods":["BaseMod","Colored Powertips","Conspire","Hermit","Luminous","Minty Spire (QoL Compilation)","Quick Restart","Replay The Spire","StSLib","The Construct","The Cursed","The Mystic","The Servant 0.9.4"],"gold_per_floor":[117,136,156,30,30,56,56,108,108,167,184,204,220,235,235,235,235],"floor_reached":16,"playtime":1689,"items_purged":["Defend_G"],"score":104,"play_id":"6e9eb1fb-9010-4b73-9466-3e3733283874","local_time":"20201228141616","is_ascension_mode":false,"campfire_choices":[{"floor":7,"key":"REST"},{"floor":15,"key":"REST"}],"circlet_count":0,"master_deck":["Strike_G","Strike_G","Strike_G","Strike_G","Strike_G","Defend_G","Defend_G","Defend_G","Defend_G","Survivor","Neutralize","Backstab","Slice","Accuracy","Accuracy","Finisher","Flechettes"],"relics":["Ring of the Snake","The Specimen","conspire:BottledYoYo","Anchor","Replay:WaspNest"],"acts_visited":["Exordium"],"potions_floor_usage":[6],"damage_taken":[{"damage":5.0,"enemies":"conspire:RoseBush","floor":1.0,"turns":5.0},{"damage":0.0,"enemies":"2 Louse","floor":2.0,"turns":2.0},{"damage":0.0,"enemies":"Small Slimes","floor":3.0,"turns":3.0},{"damage":47,"enemies":"Gremlin Nob","floor":6,"turns":6},{"damage":14,"enemies":"Gremlin Nob","floor":10,"turns":3},{"damage":1,"enemies":"conspire:2 RoseBushes","floor":11,"turns":4},{"damage":0,"enemies":"Red Slaver","floor":12,"turns":3},{"damage":14,"enemies":"Exordium Thugs","floor":13,"turns":6},{"damage":0,"enemies":"Looter","floor":14,"turns":2},{"damage":35,"enemies":"Slime Boss","floor":16,"turns":3}],"seed_played":"6137720201461426174","potions_obtained":[{"floor":3,"key":"Poison Potion"},{"floor":10,"key":"Dexterity Potion"},{"floor":13,"key":"ColorlessPotion"}],"is_trial":false,"path_per_floor":["M","M","M","$","?","E","R","?","T","?","M","M","M","M","R","B"],"character_chosen":"THE_SILENT","items_purchased":["Accuracy"],"campfire_rested":2,"item_purchase_floors":[4],"current_hp_per_floor":[58,58,58,58,63,16,36,36,36,22,21,21,7,7,27,0,0],"gold":235,"neow_bonus":"ONE_RARE_RELIC","is_daily":false,"chose_seed":false,"campfire_upgraded":0,"win_rate":0.0,"timestamp":1609136176,"path_taken":["M","M","M","$","?","E","R","?","T","?","M","M","M","M","R","BOSS"],"items_purchased_type":["Card"],"build_version":"2020-12-22","purchased_purges":1,"victory":false,"max_hp_per_floor":[63,63,63,63,68,68,68,68,68,68,68,68,68,68,68,68,68],"card_choices":[{"not_picked":["Prepared","All Out Attack"],"picked":"Backstab","floor":1.0},{"not_picked":["Infinite Blades","Footwork"],"picked":"Slice","floor":2.0},{"not_picked":["PiercingWail","Quick Slash","Prepared"],"picked":"SKIP","floor":3},{"not_picked":["Expertise","Dagger Throw"],"picked":"Finisher","floor":6},{"not_picked":["Deflect","Backflip","ReplayTheSpireMod:Exploit Weakness"],"picked":"SKIP","floor":11},{"not_picked":["Deadly Poison","Acrobatics","Bane"],"picked":"SKIP","floor":12},{"not_picked":["Poisoned Stab","Quick Slash","Deflect"],"picked":"SKIP","floor":13},{"not_picked":["Dash","Calculated Gamble"],"picked":"Flechettes","floor":14}],"player_experience":75313,"relics_obtained":[{"floor":6,"key":"conspire:BottledYoYo"},{"floor":9,"key":"Anchor"},{"floor":10,"key":"Replay:WaspNest"}],"event_choices":[{"damage_healed":0,"gold_gain":0,"player_choice":"Donut","damage_taken":0,"max_hp_gain":5,"max_hp_loss":0,"event_name":"Big Fish","floor":5,"gold_loss":0},{"damage_healed":0,"gold_gain":52,"player_choice":"Gained Gold","damage_taken":0,"max_hp_gain":0,"max_hp_loss":0,"event_name":"Golden Wing","floor":8,"gold_loss":0},{"damage_healed":0,"gold_gain":0,"player_choice":"Searched \u00272\u0027 times","damage_taken":0,"max_hp_gain":0,"max_hp_loss":0,"event_name":"Dead Adventurer","floor":10,"gold_loss":0}],"is_beta":false,"boss_relics":[],"items_purged_floors":[4],"is_endless":false,"potions_floor_spawned":[3,10,13],"killed_by":"Slime Boss","ascension_level":0}}