{"host":"67d7yvf7wgk1klfn","time":1609181967,"event":{"mods":["BaseMod","Colored Powertips","Filter the Spire","Minty Spire (QoL Compilation)","Relic Stats","Slay the Relics Exporter","StSLib","ojb\u0027s Better Paths Mod","ojb\u0027s Info Mod"],"gold_per_floor":[118,43,55,71,71,99,99,99,124,124,152,165,185,210,210,285,285,300,300,316,316,330,330,356,356,356,356,456,485,58,74,74,148,148,160,160,160,175,175,207,39,71,71,84,84,103,131,151,151,151,151,151,13,41,41],"floor_reached":56,"playtime":4055,"items_purged":["Skewer"],"score":2849,"play_id":"c7181193-607c-48ac-a0fe-a70c50a9f0fc","local_time":"20201228135927","is_ascension_mode":true,"campfire_choices":[{"data":"Neutralize","floor":7.0,"key":"SMITH"},{"floor":10.0,"key":"REST"},{"data":"Acrobatics","floor":15.0,"key":"SMITH"},{"data":"Grand Finale","floor":23,"key":"SMITH"},{"data":"Doppelganger","floor":25,"key":"SMITH"},{"data":"Tools of the Trade","floor":27,"key":"SMITH"},{"data":"Noxious Fumes","floor":32,"key":"SMITH"},{"floor":45,"key":"RECALL"},{"floor":49,"key":"REST"},{"data":"Sucker Punch","floor":52,"key":"SMITH"}],"circlet_count":0,"master_deck":["AscendersBane","Survivor","Neutralize+1","PiercingWail","Doppelganger+1","Grand Finale+1","Die Die Die","Heel Hook","Heel Hook","Acrobatics+1","Noxious Fumes+1","PiercingWail","Tools of the Trade+1","Acrobatics+1","Ghostly","Ghostly","Ghostly","Sucker Punch+1","Heel Hook","Phantasmal Killer","Madness","Madness","Terror+1"],"relics":["Pandora\u0027s Box","Toy Ornithopter","Bottled Flame","Strawberry","HoveringKite","Bottled Lightning","Nunchaku","Thread and Needle","Question Card","InkBottle","HornCleat","SlaversCollar","Ancient Tea Set","Pantograph","TheAbacus","Bottled Tornado","Kunai","The Courier","TwistedFunnel","Paper Crane"],"acts_visited":["Exordium","TheCity","TheBeyond","TheEnding"],"potions_floor_usage":[28,55],"damage_taken":[{"damage":0.0,"enemies":"Small Slimes","floor":1.0,"turns":3.0},{"damage":6.0,"enemies":"2 Louse","floor":3.0,"turns":2.0},{"damage":4.0,"enemies":"Jaw Worm","floor":4.0,"turns":3.0},{"damage":10.0,"enemies":"3 Sentries","floor":6.0,"turns":2.0},{"damage":0.0,"enemies":"Lagavulin","floor":11.0,"turns":4.0},{"damage":0.0,"enemies":"2 Fungi Beasts","floor":12.0,"turns":2.0},{"damage":1.0,"enemies":"Large Slime","floor":13.0,"turns":2.0},{"damage":6.0,"enemies":"Gremlin Nob","floor":14.0,"turns":3.0},{"damage":0,"enemies":"The Guardian","floor":16,"turns":5},{"damage":1,"enemies":"3 Byrds","floor":18,"turns":3},{"damage":2,"enemies":"Spheric Guardian","floor":20,"turns":4},{"damage":3,"enemies":"Snake Plant","floor":22,"turns":3},{"damage":3,"enemies":"Gremlin Leader","floor":24,"turns":4},{"damage":2,"enemies":"Colosseum Slavers","floor":28,"turns":3},{"damage":2,"enemies":"Colosseum Nobs","floor":28,"turns":4},{"damage":0,"enemies":"Book of Stabbing","floor":29,"turns":4},{"damage":0,"enemies":"Sentry and Sphere","floor":31,"turns":3},{"damage":0,"enemies":"Champ","floor":33,"turns":3},{"damage":1,"enemies":"3 Shapes","floor":35,"turns":7},{"damage":0,"enemies":"3 Darklings","floor":38,"turns":5},{"damage":0,"enemies":"Giant Head","floor":40,"turns":3},{"damage":0,"enemies":"Nemesis","floor":42,"turns":3},{"damage":5,"enemies":"Writhing Mass","floor":44,"turns":4},{"damage":0,"enemies":"Transient","floor":46,"turns":5},{"damage":0,"enemies":"Giant Head","floor":47,"turns":4},{"damage":12,"enemies":"3 Darklings","floor":48,"turns":3},{"damage":0,"enemies":"Awakened One","floor":50,"turns":4},{"damage":0,"enemies":"Shield and Spear","floor":54,"turns":3},{"damage":8,"enemies":"The Heart","floor":55,"turns":6}],"seed_played":"2902546703135905291","potions_obtained":[{"floor":1.0,"key":"LiquidMemories"},{"floor":3.0,"key":"GamblersBrew"},{"floor":28,"key":"Strength Potion"}],"is_trial":false,"path_per_floor":["M","?","M","M","$","E","R","?","T","R","E","M","M","E","R","B",null,"M","?","M","?","M","R","E","R","T","R","?","E","$","M","R","B",null,"M","?","T","M","?","E","$","E","T","M","R","M","E","M","R","B",null,"R","$","E","B",null],"character_chosen":"THE_SILENT","items_purchased":["HornCleat","DuplicationPotion","TheAbacus","TwistedFunnel"],"campfire_rested":2,"item_purchase_floors":[30,30,41,53],"current_hp_per_floor":[59,59,53,49,49,39,39,32,32,51,51,51,50,51,51,51,68,67,36,34,34,31,31,28,28,28,28,29,29,29,29,29,29,34,33,27,27,27,27,27,27,27,27,22,22,22,22,10,20,36,36,36,36,36,28],"gold":41,"neow_bonus":"BOSS_RELIC","is_daily":false,"chose_seed":false,"campfire_upgraded":7,"win_rate":0.0,"timestamp":1609181967,"path_taken":["M","?","M","M","$","E","R","?","T","R","E","M","?","E","R","BOSS","M","?","M","?","M","R","E","R","T","R","?","E","$","M","R","BOSS","M","?","?","?","?","E","$","E","T","M","R","?","E","M","R","BOSS","R","$","E","BOSS"],"items_purchased_type":["Relic","Potion","Relic","Relic"],"build_version":"2020-12-22","purchased_purges":1,"victory":true,"max_hp_per_floor":[66,66,66,66,66,66,66,66,66,66,66,66,66,73,73,73,73,73,36,36,36,36,36,36,36,36,36,36,36,36,36,36,36,36,36,36,36,36,36,36,36,36,36,36,36,36,36,36,36,36,36,36,36,36,36],"relic_stats":{"Nunchaku":[45],"TheAbacus":[1458],"counters":[29,104],"Pantograph":16,"HoveringKite":[73],"Pandora\u0027s Box":["Slice","PiercingWail","Concentrate","Doppelganger","Grand Finale","Cloak And Dagger","Blur","Die Die Die","Heel Hook","Heel Hook"],"Kunai":[89],"Question Card":12,"obtain_stats":[{"TwistedFunnel":53,"HoveringKite":17,"Thread and Needle":28,"The Courier":47,"Bottled Tornado":42,"Paper Crane":54,"Question Card":28,"Ancient Tea Set":37,"SlaversCollar":34,"Bottled Flame":11,"Nunchaku":26,"HornCleat":30,"TheAbacus":41,"Strawberry":14,"Pantograph":40,"Pandora\u0027s Box":0,"Bottled Lightning":24,"Kunai":43,"Toy Ornithopter":6,"InkBottle":29,"Ring of the Snake":0},{"TwistedFunnel":27,"HoveringKite":9,"Thread and Needle":15,"The Courier":25,"Bottled Tornado":22,"Paper Crane":28,"Question Card":15,"Ancient Tea Set":19,"SlaversCollar":18,"Bottled Flame":5,"Nunchaku":13,"HornCleat":16,"TheAbacus":21,"Strawberry":8,"Pantograph":21,"Pandora\u0027s Box":0,"Bottled Lightning":13,"Kunai":22,"Toy Ornithopter":4,"InkBottle":16,"Ring of the Snake":0},{"TwistedFunnel":95,"HoveringKite":26,"Thread and Needle":47,"The Courier":88,"Bottled Tornado":75,"Paper Crane":98,"Question Card":47,"Ancient Tea Set":64,"SlaversCollar":57,"Bottled Flame":14,"Nunchaku":40,"HornCleat":51,"TheAbacus":72,"Strawberry":21,"Pantograph":72,"Pandora\u0027s Box":0,"Bottled Lightning":40,"Kunai":75,"Toy Ornithopter":10,"InkBottle":51,"Ring of the Snake":0}],"Toy Ornithopter":5,"InkBottle":[60]},"card_choices":[{"not_picked":["Finisher","Tactician"],"picked":"Acrobatics","floor":1.0},{"not_picked":["Dodge and Roll","Sucker Punch","Blade Dance"],"picked":"SKIP","floor":3.0},{"not_picked":["Deadly Poison","Deflect","Blade Dance"],"picked":"SKIP","floor":4.0},{"not_picked":["Finisher","Accuracy"],"picked":"Noxious Fumes","floor":6.0},{"not_picked":["Accuracy","Eviscerate","Terror"],"picked":"SKIP","floor":11.0},{"not_picked":["Dagger Spray","Dash"],"picked":"PiercingWail","floor":12.0},{"not_picked":["Bane","Slice","Predator"],"picked":"SKIP","floor":13.0},{"not_picked":["Poisoned Stab","Footwork","Die Die Die"],"picked":"SKIP","floor":14.0},{"not_picked":["Venomology","Bullet Time"],"picked":"Tools of the Trade","floor":16},{"not_picked":["Infinite Blades","Choke"],"picked":"Acrobatics+1","floor":18},{"not_picked":["Riddle With Holes","Setup","Poisoned Stab"],"picked":"SKIP","floor":20},{"not_picked":["Setup","PiercingWail"],"picked":"Heel Hook","floor":22},{"not_picked":["Flechettes","Backstab","Outmaneuver"],"picked":"SKIP","floor":24},{"not_picked":["Crippling Poison","PiercingWail","Dagger Spray","Storm of Steel"],"picked":"SKIP","floor":29},{"not_picked":["Backflip","Sucker Punch","PiercingWail","Noxious Fumes"],"picked":"SKIP","floor":31},{"not_picked":["Venomology","Glass Knife","Die Die Die"],"picked":"Phantasmal Killer","floor":33},{"not_picked":["Dodge and Roll+1","Deflect","Quick Slash","Cloak And Dagger"],"picked":"SKIP","floor":35},{"not_picked":["Flying Knee","Deflect","Dodge and Roll","Deadly Poison+1"],"picked":"SKIP","floor":38},{"not_picked":["Endless Agony","Venomology","Tactician","Underhanded Strike+1"],"picked":"SKIP","floor":40},{"not_picked":["Poisoned Stab","PiercingWail+1","Concentrate","Backstab"],"picked":"SKIP","floor":42},{"not_picked":["Blur","Deadly Poison","Dagger Throw","Blade Dance"],"picked":"SKIP","floor":44},{"not_picked":["Footwork","Eviscerate","Backflip","PiercingWail"],"picked":"SKIP","floor":46},{"not_picked":["Poisoned Stab","Outmaneuver","Dagger Throw+1","Bane"],"picked":"SKIP","floor":47},{"not_picked":["Finisher","Slice","Flechettes+1","Acrobatics"],"picked":"SKIP","floor":48},{"not_picked":["Masterful Stab+1","Dagger Spray+1","Eviscerate+1"],"picked":"Terror+1","floor":54}],"player_experience":629769,"relics_obtained":[{"floor":6.0,"key":"Toy Ornithopter"},{"floor":11.0,"key":"Bottled Flame"},{"floor":14.0,"key":"Strawberry"},{"floor":24,"key":"Bottled Lightning"},{"floor":26,"key":"Nunchaku"},{"floor":28,"key":"Thread and Needle"},{"floor":28,"key":"Question Card"},{"floor":29,"key":"InkBottle"},{"floor":37,"key":"Ancient Tea Set"},{"floor":40,"key":"Pantograph"},{"floor":42,"key":"Bottled Tornado"},{"floor":43,"key":"Kunai"},{"floor":47,"key":"The Courier"},{"floor":54,"key":"Paper Crane"}],"event_choices":[{"cards_removed":["Cloak And Dagger"],"damage_healed":0.0,"max_hp_gain":0.0,"max_hp_loss":0.0,"gold_gain":0.0,"event_name":"The Cleric","player_choice":"Card Removal","floor":2.0,"gold_loss":75.0,"damage_taken":0.0},{"cards_removed":["Concentrate"],"damage_healed":0.0,"max_hp_gain":0.0,"max_hp_loss":0.0,"gold_gain":0.0,"event_name":"Golden Wing","player_choice":"Card Removal","floor":8.0,"gold_loss":0.0,"damage_taken":7.0},{"damage_healed":0,"gold_gain":0,"player_choice":"Became a Ghost","damage_taken":0,"max_hp_gain":0,"max_hp_loss":37,"event_name":"Ghosts","floor":19,"gold_loss":0,"cards_obtained":["Ghostly","Ghostly","Ghostly"]},{"damage_healed":0,"gold_gain":0,"cards_transformed":["Slice","Blur"],"player_choice":"Became Test Subject","damage_taken":0,"max_hp_gain":0,"max_hp_loss":0,"event_name":"Drug Dealer","floor":21,"gold_loss":0,"cards_obtained":["Skewer","Sucker Punch"]},{"damage_healed":0,"gold_gain":0,"player_choice":"Fight","damage_taken":0,"max_hp_gain":0,"max_hp_loss":0,"event_name":"Colosseum","floor":28,"gold_loss":0},{"damage_healed":0,"gold_gain":0,"player_choice":"Fought Nobs","damage_taken":0,"max_hp_gain":0,"max_hp_loss":0,"event_name":"Colosseum","floor":28,"gold_loss":0},{"damage_healed":0,"gold_gain":0,"player_choice":"Embrace Madness","damage_taken":6,"max_hp_gain":0,"max_hp_loss":0,"event_name":"Winding Halls","floor":36,"gold_loss":0,"cards_obtained":["Madness","Madness"]},{"damage_healed":0,"gold_gain":0,"player_choice":"Ignored","damage_taken":0,"max_hp_gain":0,"max_hp_loss":0,"event_name":"SecretPortal","floor":39,"gold_loss":0}],"is_beta":false,"boss_relics":[{"not_picked":["Black Star","Velvet Choker"],"picked":"HoveringKite"},{"not_picked":["Cursed Key","Coffee Dripper"],"picked":"SlaversCollar"}],"items_purged_floors":[30],"is_endless":false,"potions_floor_spawned":[1,3,12,13,16,20,24,28,28,31,38,42,46,48],"ascension_level":18}}