{"host":"oeeu8njhzvf3llor","time":1609189132,"event":{"mods":["BaseMod","Better Match","Better Note","Better Skull","Better Third Choice","Hubris","Minty Spire (QoL Compilation)","Rare Cards Sparkle","Replay The Spire","Shop Mod","Spicy Shops","StSLib","Swap Starting Deck Mod"],"gold_per_floor":[113,113,113,126,138,172,172,198,198,42,77,92,109,121,121,225,225,244,262,4,4,17,46,46,46,72,98,98,58,74,87,87,182,182,196,248,266,277,288,288,288],"floor_reached":40,"playtime":1409,"items_purged":[],"score":655,"play_id":"89207475-40e7-48f4-8fea-efb4c8546519","local_time":"20201228155852","is_ascension_mode":true,"campfire_choices":[{"data":"Defragment","floor":7,"key":"SMITH"},{"floor":15,"key":"REST"},{"floor":24,"key":"REST"},{"floor":28,"key":"RECALL"},{"floor":32,"key":"REST"}],"circlet_count":0,"master_deck":["Strike_B","Strike_B","Strike_B","Strike_B","Defend_B","Defend_B","Defend_B","Defend_B","Zap","Dualcast","Sunder","Defragment+1","Ball Lightning","Doom and Gloom","Conserve Battery","Defragment","White Noise","Ball Lightning","Undo","Core Surge","Ball Lightning+1","Storm+1","Apotheosis+1","Defragment+1","Cold Snap","White Noise","Conserve Battery","BootSequence","Mirror Shield","CurseOfTheBell","Ball Lightning+1"],"relics":["Cracked Core","hubris:Potato","hubris:SlimyHat","FossilizedHelix","MerchantsRug","hubris:BallOfYels","Fusion Hammer","hubris:64BitClover","Bag of Preparation","ReplayTheSpireMod:TigerMarble","Lantern","Calling Bell","Juzu Bracelet","Symbiotic Virus","hubris:GlazedTorus","hubris:MedicalManual","ReplayTheSpireMod:Lightbulb"],"acts_visited":["Exordium","TheCity","TheBeyond"],"potions_floor_usage":[6,16,18,36,36],"damage_taken":[{"damage":3,"enemies":"Jaw Worm","floor":1,"turns":3},{"damage":1,"enemies":"Cultist","floor":4,"turns":3},{"damage":2,"enemies":"2 Louse","floor":5,"turns":2},{"damage":5,"enemies":"Replay:BlueRogue","floor":6,"turns":6},{"damage":31,"enemies":"3 Sentries","floor":8,"turns":5},{"damage":11,"enemies":"Lagavulin","floor":11,"turns":4},{"damage":8,"enemies":"Red Slaver","floor":12,"turns":4},{"damage":0,"enemies":"3 Louse","floor":13,"turns":2},{"damage":9,"enemies":"Gremlin Gang","floor":14,"turns":3},{"damage":27,"enemies":"Fading Forest","floor":16,"turns":11},{"damage":0,"enemies":"Spheric Guardian","floor":18,"turns":4},{"damage":10,"enemies":"2 Thieves","floor":19,"turns":3},{"damage":0,"enemies":"Centurion and Healer","floor":22,"turns":3},{"damage":18,"enemies":"Gremlin Leader","floor":23,"turns":5},{"damage":26,"enemies":"Slavers","floor":27,"turns":4},{"damage":7,"enemies":"Snake Plant","floor":30,"turns":2},{"damage":0,"enemies":"Chosen and Byrds","floor":31,"turns":3},{"damage":12,"enemies":"Pondfish","floor":33,"turns":8},{"damage":0,"enemies":"Orb Walker","floor":35,"turns":2},{"damage":27,"enemies":"2 Orb Walkers","floor":36,"turns":4},{"damage":0,"enemies":"3 Shapes","floor":37,"turns":2},{"damage":16,"enemies":"3 Darklings","floor":38,"turns":3},{"damage":10,"enemies":"Jaw Worm Horde","floor":39,"turns":3},{"damage":27,"enemies":"Nemesis","floor":40,"turns":4}],"seed_played":"-6004892766985071118","potions_obtained":[{"floor":1,"key":"PotionOfCapacity"},{"floor":5,"key":"Block Potion"},{"floor":8,"key":"Explosive Potion"},{"floor":13,"key":"Block Potion"},{"floor":18,"key":"SpeedPotion"},{"floor":30,"key":"FocusPotion"},{"floor":36,"key":"Strength Potion"}],"is_trial":false,"path_per_floor":["M","?","?","M","M","E","R","E","T","$","E","M","M","M","R","B",null,"M","M","$","?","M","E","R","?","T","E","R","?","M","M","R","B",null,"M","?","M","M","M","E"],"character_chosen":"DEFECT","items_purchased":["MerchantsRug","Apotheosis","hubris:64BitClover"],"campfire_rested":3,"item_purchase_floors":[10,20,20],"current_hp_per_floor":[72,72,72,71,69,64,64,33,33,33,22,14,14,5,27,10,75,75,65,65,65,65,47,69,69,69,43,43,43,36,36,58,46,75,75,48,48,32,22,0,0],"gold":288,"neow_bonus":"ONE_RANDOM_RARE_CARD","is_daily":false,"chose_seed":false,"campfire_upgraded":1,"win_rate":0.0,"timestamp":1609189132,"path_taken":["M","?","?","M","?","E","R","E","T","$","E","M","M","M","R","BOSS","M","M","$","?","M","E","R","?","T","E","R","?","M","M","R","BOSS","M","?","M","M","M","E"],"items_purchased_type":["Relic","Card","Relic"],"build_version":"2020-12-22","purchased_purges":0,"victory":false,"max_hp_per_floor":[75,75,75,75,75,75,75,75,75,75,75,75,75,75,75,75,75,75,75,75,75,75,75,75,75,75,75,75,75,75,75,75,75,75,75,75,75,75,75,75,75],"card_choices":[{"not_picked":["hubris:PowerSurge","Reprogram","Force Field"],"picked":"SKIP","floor":1},{"not_picked":["hubris:PowerSurge","Reprogram","Force Field"],"picked":"SKIP","floor":1},{"not_picked":["Loop","Capacitor"],"picked":"Defragment","floor":4},{"not_picked":["Reprogram","Coolheaded"],"picked":"Ball Lightning","floor":5},{"not_picked":["Chill","Crystallizer"],"picked":"Doom and Gloom","floor":6},{"not_picked":["Go for the Eyes","FTL"],"picked":"Conserve Battery","floor":8},{"not_picked":["FIFO Queue","Cold Snap"],"picked":"Defragment","floor":11},{"not_picked":["Self Repair","Fusion"],"picked":"White Noise","floor":12},{"not_picked":["Panic Button","Barrage"],"picked":"Ball Lightning","floor":13},{"not_picked":["Chaos","Rebound"],"picked":"Undo","floor":14},{"not_picked":["hubris:DoWhile","Seek"],"picked":"Core Surge","floor":16},{"not_picked":["Self Repair","Sweeping Beam"],"picked":"Ball Lightning+1","floor":18},{"not_picked":["FTL","Barrage"],"picked":"Storm+1","floor":19},{"not_picked":["Stack+1","Streamline"],"picked":"Cold Snap","floor":22},{"not_picked":["Blizzard+1","Hello World+1"],"picked":"White Noise","floor":23},{"not_picked":["Force Field","Leap+1"],"picked":"Conserve Battery","floor":27},{"not_picked":["Coolheaded+1","Stack","Beam Cell"],"picked":"SKIP","floor":30},{"not_picked":["Panic Button+1","ReplaySolidLightProjector"],"picked":"BootSequence","floor":31},{"not_picked":["Fission","hubris:Prefetch"],"picked":"Mirror Shield","floor":33},{"not_picked":["Turbo+1","Conserve Battery+1","Rebound"],"picked":"SKIP","floor":35},{"not_picked":["Beam Cell","Leap+1"],"picked":"Ball Lightning+1","floor":36},{"not_picked":["ReplayTheSpireMod:System Scan+1","Turbo","Conserve Battery+1"],"picked":"SKIP","floor":37},{"not_picked":["Beam Cell+1","Tempest+1","BasicCrystalCard+1"],"picked":"SKIP","floor":38},{"not_picked":["Hello World+1","Leap+1","Coolheaded"],"picked":"SKIP","floor":39}],"player_experience":477909,"relics_obtained":[{"floor":6,"key":"hubris:Potato"},{"floor":8,"key":"hubris:SlimyHat"},{"floor":9,"key":"FossilizedHelix"},{"floor":11,"key":"hubris:BallOfYels"},{"floor":23,"key":"Bag of Preparation"},{"floor":26,"key":"ReplayTheSpireMod:TigerMarble"},{"floor":27,"key":"Lantern"},{"floor":34,"key":"Juzu Bracelet"},{"floor":34,"key":"Symbiotic Virus"},{"floor":34,"key":"hubris:GlazedTorus"},{"floor":36,"key":"hubris:MedicalManual"},{"floor":38,"key":"ReplayTheSpireMod:Lightbulb"}],"event_choices":[{"damage_healed":0,"gold_gain":0,"player_choice":"Ignored","damage_taken":0,"max_hp_gain":0,"max_hp_loss":0,"event_name":"Golden Wing","floor":2,"gold_loss":0},{"damage_healed":0,"gold_gain":0,"cards_transformed":["Buffer"],"player_choice":"Transformed","damage_taken":0,"max_hp_gain":0,"max_hp_loss":0,"event_name":"Transmorgrifier","floor":3,"gold_loss":0,"cards_obtained":["Sunder"]},{"damage_healed":0,"gold_gain":0,"player_choice":"Copied","damage_taken":0,"max_hp_gain":0,"max_hp_loss":0,"event_name":"Duplicator","floor":21,"gold_loss":0,"cards_obtained":["Defragment"]},{"cards_removed":["Strike_B"],"damage_healed":0,"gold_gain":0,"player_choice":"Give","damage_taken":0,"max_hp_gain":0,"max_hp_loss":0,"event_name":"betterNote:BetterNote","floor":25,"gold_loss":0,"cards_obtained":["Entrench"]},{"damage_healed":0,"gold_gain":0,"player_choice":"Upgrade","damage_taken":0,"max_hp_gain":0,"max_hp_loss":0,"event_name":"Designer","floor":29,"gold_loss":40,"cards_upgraded":["Apotheosis"]},{"damage_healed":0,"gold_gain":0,"player_choice":"Fight","damage_taken":0,"max_hp_gain":0,"max_hp_loss":0,"event_name":"Mysterious Sphere","floor":36,"gold_loss":0}],"is_beta":false,"boss_relics":[{"not_picked":["Philosopher\u0027s Stone","Velvet Choker"],"picked":"Fusion Hammer"},{"not_picked":["Replay:Drink Me","Replay:Grab Bag"],"picked":"Calling Bell"}],"items_purged_floors":[],"is_endless":false,"potions_floor_spawned":[1,5,8,13,14,18,30,33,36],"killed_by":"Nemesis","ascension_level":1}}