{"host":"igi9xpgoc000gxf5","time":1609188910,"event":{"mods":["BaseMod","Colored Powertips","Downfall","Googly Eyes","Minty Spire (QoL Compilation)","StSLib"],"gold_per_floor":[99,109,209,223,243,243,269,286,301,401,26,42,42,57,75,75,75,75],"floor_reached":16,"playtime":918,"items_purged":[],"score":96,"play_id":"804b3799-e2cc-4ad2-8f1e-ab46b7e1f8e5","local_time":"20201228215510","is_ascension_mode":false,"campfire_choices":[{"data":"champ:Taunt","floor":1,"key":"SMITH"},{"data":"champ:Aggression","floor":6,"key":"SMITH"},{"floor":13,"key":"REST"}],"circlet_count":0,"master_deck":["champ:Strike","champ:Strike","champ:Strike","champ:Strike","champ:Defend","champ:Defend","champ:Defend","champ:Defend","champ:Execute","champ:Taunt+1","champ:PerfectedStrike","champ:Aggression+1","champ:BladeFlurry","champ:BladeFlurry","champ:RageSigil","champ:ShieldWall","champ:Encircle","champ:PerfectedStrike","champ:Balance","champ:FlashCut","champ:ShieldSigil","champ:BladeFlurry"],"relics":["champ:ChampionCrown","Bronze Scales","Champion Belt","Kunai"],"acts_visited":["Exordium"],"potions_floor_usage":[4,10,16,16,16,16,16],"damage_taken":[{"damage":11,"enemies":"Cultist","floor":2,"turns":3},{"damage":1,"enemies":"2 Louse","floor":4,"turns":3},{"damage":6,"enemies":"Jaw Worm","floor":5,"turns":3},{"damage":7,"enemies":"Blue Slaver","floor":8,"turns":2},{"damage":0,"enemies":"Large Slime","floor":9,"turns":4},{"damage":50,"enemies":"Large Slime","floor":10,"turns":5},{"damage":5,"enemies":"downfall:FleeingMerchant","floor":11,"turns":4},{"damage":17,"enemies":"Lots of Slimes","floor":12,"turns":4},{"damage":18,"enemies":"2 Fungi Beasts","floor":14,"turns":3},{"damage":28,"enemies":"Large Slime","floor":15,"turns":6},{"damage":26,"enemies":"downfall:Defect","floor":16,"turns":4}],"seed_played":"9187473611530365745","potions_obtained":[{"floor":4,"key":"Fruit Juice"},{"floor":5,"key":"BlessingOfTheForge"},{"floor":8,"key":"EntropicBrew"},{"floor":9,"key":"champ:OpenerPotion"},{"floor":14,"key":"Dexterity Potion"},{"floor":15,"key":"Energy Potion"}],"is_trial":false,"path_per_floor":["R","M","?","M","M","R","T","M","M","?","$","M","R","M","M","B"],"character_chosen":"THE_CHAMP","items_purchased":["Kunai","champ:PerfectedStrike","champ:Balance"],"campfire_rested":1,"item_purchase_floors":[11,11,11],"current_hp_per_floor":[99,93,93,97,91,91,91,84,84,36,31,21,52,40,16,0,0,0],"gold":75,"neow_bonus":"TEN_PERCENT_HP_BONUS","is_daily":false,"chose_seed":false,"campfire_upgraded":2,"win_rate":0.0,"timestamp":1609188910,"path_taken":["R","?","?","M","M","R","T","M","M","?","?","M","R","M","M","BOSS"],"items_purchased_type":["Relic","Card","Card"],"build_version":"2020-12-22","purchased_purges":0,"victory":false,"max_hp_per_floor":[99,99,99,104,104,104,104,104,104,104,104,104,104,104,104,104,104,104],"card_choices":[{"not_picked":["champ:RapidStrikes","champ:GutPunch"],"picked":"champ:PerfectedStrike","floor":2},{"not_picked":["champ:BladeFlurry","champ:Lariat"],"picked":"champ:Aggression","floor":4},{"not_picked":["champ:PerfectedStrike","champ:BerserkersShout"],"picked":"champ:BladeFlurry","floor":5},{"not_picked":["champ:TornadoPunch","champ:StanceDance"],"picked":"champ:BladeFlurry","floor":8},{"not_picked":["champ:CrownThrow","champ:FanOfKnives"],"picked":"champ:RageSigil","floor":9},{"not_picked":["champ:TornadoPunch","champ:PerfectedStrike"],"picked":"champ:ShieldWall","floor":10},{"not_picked":["champ:AdrenalArmor","champ:EnGarde"],"picked":"champ:Encircle","floor":11},{"not_picked":["champ:FocusedBerserking","champ:BringItOn"],"picked":"champ:FlashCut","floor":12},{"not_picked":["champ:RapidStrikes","champ:CrookedStrike"],"picked":"champ:ShieldSigil","floor":14},{"not_picked":["champ:ShieldSigil","champ:HeavySlash"],"picked":"champ:BladeFlurry","floor":15}],"player_experience":907088,"relics_obtained":[{"floor":7,"key":"Bronze Scales"},{"floor":10,"key":"Champion Belt"}],"event_choices":[],"is_beta":false,"boss_relics":[],"items_purged_floors":[],"is_endless":false,"potions_floor_spawned":[4,5,8,9,14,15],"killed_by":"downfall:Defect","ascension_level":0}}