{"host":"cyiefo55v5hz1ih5","time":1609125800,"event":{"mods":["2.2 Compatiblity","AchievementEnabler","Arknights The Spire","BaseMod","GifTheSpireLib","Hubris","Minty Spire (QoL Compilation)","Replay The Spire","Spicy Shops","StSLib"],"gold_per_floor":[109,109,121,131,131,160,85,119,171,31,48,48,48,61,61,162,162,174,191,191,211,136,167,167,196,219,219,94,94,94,108,108,211,261,280,280,280,292,312,312,329,349,349,375,375,385,419,51,51,51,51,51,3,29,29],"floor_reached":56,"playtime":10620,"items_purged":["ats:Strike S","ats:Strike C","ats:Strike G","ats:Defend"],"score":1355,"play_id":"213b83af-d6e8-4d12-9129-453ec535c736","local_time":"20201227222320","is_ascension_mode":false,"campfire_choices":[{"data":"ats:Thorns","floor":13.0,"key":"SMITH"},{"floor":15.0,"key":"REST"},{"floor":24.0,"key":"RECALL"},{"data":"ats:Calcification","floor":27.0,"key":"SMITH"},{"data":"ats:Demon Strength","floor":32.0,"key":"SMITH"},{"data":"ats:Closed Bolt Burst Fire","floor":40.0,"key":"SMITH"},{"data":"ats:Overload","floor":49,"key":"SMITH"},{"data":"ats:Leaping Hammer","floor":52,"key":"SMITH"}],"circlet_count":0,"master_deck":["ats:Defend+1","ats:Defend+1","ats:Emotion Absorption+1","ats:Thorns+1","ats:Charging Defense","ats:Cat Scratch","ats:Defend Order+1","ats:Demon Strength+1","ats:Closed Bolt Burst Fire+1","ats:Leaping Hammer+1","ats:Overload+1","ats:Calcification+1","ats:Healing Drone+1","ats:Shell Defense+1","ats:Nebulous Foxfire+1","ats:Counter Healing Mode+1"],"relics":["ats:Sanity","NeowsBlessing","hubris:Towel","ats:Originium","Iron Hammer","ats:Originium","Replay:Mystery Machine","Coffee Dripper","ats:Originium","HornCleat","ats:Originium","MealTicket","Anchor","Counterbalance","Tiny House","Mirror","hubris:BundleOfHerbs","Blood Vial","Membership Card","ats:Industrial Water Cannon","ats:Defend","Simple Rune"],"acts_visited":["Exordium","TheCity","TheBeyond","TheEnding"],"potions_floor_usage":[46,50,54,55,55],"damage_taken":[{"damage":0.0,"enemies":"Small Slimes","floor":1.0,"turns":1.0},{"damage":0.0,"enemies":"Cultist","floor":3.0,"turns":1.0},{"damage":0.0,"enemies":"Jaw Worm","floor":4.0,"turns":1.0},{"damage":14.0,"enemies":"Replay:BlueRogue","floor":6.0,"turns":8.0},{"damage":8.0,"enemies":"Gremlin Nob","floor":8.0,"turns":6.0},{"damage":0.0,"enemies":"Exordium Wildlife","floor":11.0,"turns":4.0},{"damage":0.0,"enemies":"3 Louse","floor":14.0,"turns":2.0},{"damage":2.0,"enemies":"Slime Boss","floor":16.0,"turns":6.0},{"damage":0.0,"enemies":"Spheric Guardian","floor":18.0,"turns":3.0},{"damage":3.0,"enemies":"Chosen","floor":19.0,"turns":4.0},{"damage":0.0,"enemies":"Shelled Parasite and Fungi","floor":21.0,"turns":4.0},{"damage":4.0,"enemies":"Replay:Snechameleon","floor":23.0,"turns":5.0},{"damage":0.0,"enemies":"Book of Stabbing","floor":25.0,"turns":6.0},{"damage":0.0,"enemies":"Snake Plant","floor":31.0,"turns":3.0},{"damage":21.0,"enemies":"Pondfish","floor":33.0,"turns":10.0},{"damage":8.0,"enemies":"3 Shapes","floor":35.0,"turns":7.0},{"damage":0.0,"enemies":"3 Darklings","floor":38.0,"turns":7.0},{"damage":0.0,"enemies":"4 Shapes","floor":39.0,"turns":10.0},{"damage":35.0,"enemies":"Transient","floor":41.0,"turns":5.0},{"damage":11.0,"enemies":"Maw","floor":42.0,"turns":9.0},{"damage":32.0,"enemies":"Giant Head","floor":44.0,"turns":10.0},{"damage":28,"enemies":"Writhing Mass","floor":46,"turns":6},{"damage":0,"enemies":"Nemesis","floor":47,"turns":14},{"damage":77,"enemies":"Replay:Hell Engine","floor":50,"turns":20},{"damage":62,"enemies":"Shield and Spear","floor":54,"turns":12},{"damage":79,"enemies":"The Heart","floor":55,"turns":13}],"seed_played":"8256688823570191222","potions_obtained":[{"floor":1.0,"key":"Block Potion"},{"floor":8.0,"key":"ats:Emergency Sanity Potion"},{"floor":11.0,"key":"SteroidPotion"},{"floor":25.0,"key":"Fire Potion"},{"floor":31.0,"key":"Weak Potion"},{"floor":34.0,"key":"CultistPotion"},{"floor":38.0,"key":"Strength Potion"},{"floor":44.0,"key":"Death Potion"}],"is_trial":false,"path_per_floor":["M","?","M","M","?","E","$","E","T","$","M","?","R","M","R","B",null,"M","M","?","M","?","E","R","E","T","R","$","T","?","M","R","B",null,"M","?","?","M","M","R","M","M","T","E","?","M","E","$","R","B",null,"R","$","E","B",null],"character_chosen":"DOCTOR_CLASS","items_purchased":["ats:Closed Bolt Burst Fire","Membership Card","ats:Industrial Water Cannon","ats:Defend","Fire Potion"],"campfire_rested":1,"item_purchase_floors":[10,48,48,48,53],"current_hp_per_floor":[72,72,72,72,72,58,58,50,50,50,50,50,50,50,71,69,72,72,69,69,70,70,70,70,72,72,72,72,72,72,72,72,57,77,69,69,69,77,77,77,42,59,59,58,58,65,77,77,77,26,77,77,77,77,77],"gold":29,"neow_bonus":"THREE_ENEMY_KILL","is_daily":false,"chose_seed":false,"campfire_upgraded":6,"win_rate":0.0,"timestamp":1609125800,"path_taken":["M","?","?","M","?","E","?","E","T","?","M","?","R","?","R","BOSS","M","M","?","M","?","E","R","E","T","R","$","?","?","M","R","BOSS","M","?","?","?","M","R","M","M","T","E","?","M","E","$","R","BOSS","R","$","E","BOSS"],"items_purchased_type":["Card","Relic","Relic","Card","Potion"],"build_version":"2020-12-22","purchased_purges":4,"victory":true,"max_hp_per_floor":[72,72,72,72,72,72,72,72,72,72,72,72,72,72,72,72,72,72,72,72,72,72,72,72,72,72,72,72,72,72,72,72,72,77,77,77,77,77,77,77,77,77,77,77,77,77,77,77,77,77,77,77,77,77,77],"card_choices":[{"not_picked":["ats:Shell Defense","ats:Apocalypse"],"picked":"ats:Thorns","floor":1.0},{"not_picked":["ats:Consecutive Shot Auto","ats:Apocalypse"],"picked":"ats:Cat Scratch","floor":3.0},{"not_picked":["ats:Flexible Camouflage","ats:Thermite Blade"],"picked":"ats:Defend Order","floor":4.0},{"not_picked":["ats:Collapsing Strike","ats:Closed Bolt Burst Fire"],"picked":"ats:Demon Strength","floor":6.0},{"not_picked":["ats:Explosion Area Strengthen","ats:Collapsing Strike","ats:Sword Rain"],"picked":"SKIP","floor":8.0},{"not_picked":["ats:Hook Shot","ats:Explosion Area Strengthen"],"picked":"ats:Leaping Hammer","floor":11.0},{"not_picked":["ats:Chain Hook","ats:Thorns"],"picked":"ats:Overload","floor":14.0},{"not_picked":["ats:Fractured Body","ats:Dogmatic Field"],"picked":"ats:Calcification","floor":16.0},{"not_picked":["ats:Ignite+1","ats:Flame Of Heaven+1","ats:Overload+1"],"picked":"SKIP","floor":18.0},{"not_picked":["ats:Flame Of Heaven+1","ats:Childhood Dance"],"picked":"ats:Healing Drone","floor":19.0},{"not_picked":["ats:Encircling Forest+1","ats:Blood Oath"],"picked":"ats:Shell Defense+1","floor":21.0},{"not_picked":["ats:Rapid Magazine","ats:Charging Defense","ats:Sunburst"],"picked":"SKIP","floor":23.0},{"not_picked":["ats:Volcano","ats:Curse Doll","ats:Revitalization"],"picked":"SKIP","floor":25.0},{"not_picked":["ats:Explosion Area Strengthen","ats:Curse Doll","ats:Poison Spread+1"],"picked":"SKIP","floor":31.0},{"not_picked":["ats:Volcano","ats:Roar Of Ursus"],"picked":"ats:Nebulous Foxfire","floor":33.0},{"not_picked":["ats:Flexible Camouflage","ats:Poison Spread"],"picked":"ats:Counter Healing Mode+1","floor":34.0},{"not_picked":["ats:Poison Spread","ats:Curse Doll","ats:Assault Order"],"picked":"SKIP","floor":35.0},{"not_picked":["ats:Apocalypse+1","ats:Powerful Strike","ats:Rat Pack"],"picked":"SKIP","floor":38.0},{"not_picked":["ats:Thorns+1","ats:Leaping Hammer+1","ats:Childhood Dance"],"picked":"SKIP","floor":39.0},{"not_picked":["ats:Flexible Camouflage","ats:Composite Medical Shells+1","ats:Counter Healing Mode+1"],"picked":"SKIP","floor":41.0},{"not_picked":["ats:Poison Spread","ats:Sunburst+1","ats:Thorns"],"picked":"SKIP","floor":42.0},{"not_picked":["ats:Hammer On","ats:Shadow Raid+1","ats:Soul Rend"],"picked":"SKIP","floor":44.0},{"not_picked":["ats:Assault Order","ats:Flexible Camouflage+1","ats:Ignite+1"],"picked":"SKIP","floor":46},{"not_picked":["ats:Directed Diagnosis","ats:Song Of Battle+1","ats:Very Hot Blade"],"picked":"SKIP","floor":47},{"not_picked":["ats:Explosion Area Strengthen","ats:Cat Scratch+1","ats:Song Of Battle"],"picked":"SKIP","floor":54}],"player_experience":598547,"relics_obtained":[{"floor":6.0,"key":"ats:Originium"},{"floor":6.0,"key":"Iron Hammer"},{"floor":8.0,"key":"ats:Originium"},{"floor":8.0,"key":"Replay:Mystery Machine"},{"floor":23.0,"key":"ats:Originium"},{"floor":23.0,"key":"HornCleat"},{"floor":25.0,"key":"ats:Originium"},{"floor":25.0,"key":"MealTicket"},{"floor":26.0,"key":"Anchor"},{"floor":29.0,"key":"Counterbalance"},{"floor":43.0,"key":"Mirror"},{"floor":44.0,"key":"hubris:BundleOfHerbs"},{"floor":47,"key":"Blood Vial"},{"floor":54,"key":"Simple Rune"}],"event_choices":[{"damage_healed":0.0,"max_hp_gain":0.0,"max_hp_loss":0.0,"gold_gain":0.0,"cards_transformed":["ats:Strike V"],"event_name":"Transmorgrifier","player_choice":"Transformed","floor":2.0,"gold_loss":0.0,"damage_taken":0.0,"cards_obtained":["ats:Charging Defense"]},{"damage_healed":0.0,"max_hp_gain":0.0,"max_hp_loss":0.0,"gold_gain":0.0,"event_name":"Upgrade Shrine","player_choice":"Upgraded","floor":12.0,"gold_loss":0.0,"damage_taken":0.0,"cards_upgraded":["ats:Emotion Absorption"]},{"damage_healed":0.0,"max_hp_gain":0.0,"max_hp_loss":0.0,"gold_gain":0.0,"event_name":"Cursed Tome","player_choice":"Ignored","floor":20.0,"gold_loss":0.0,"damage_taken":0.0},{"cards_removed":["ats:Defend"],"damage_healed":0.0,"max_hp_gain":0.0,"max_hp_loss":0.0,"gold_gain":0.0,"event_name":"Beggar","player_choice":"Gave Gold","floor":22.0,"gold_loss":75.0,"damage_taken":0.0},{"damage_healed":0.0,"max_hp_gain":0.0,"max_hp_loss":0.0,"gold_gain":0.0,"event_name":"Mysterious Sphere","player_choice":"Ignored","floor":36.0,"gold_loss":0.0,"damage_taken":0.0},{"damage_healed":0.0,"max_hp_gain":0.0,"max_hp_loss":0.0,"gold_gain":0.0,"event_name":"Accursed Blacksmith","player_choice":"Forge","floor":37.0,"gold_loss":0.0,"damage_taken":0.0,"cards_upgraded":["ats:Nebulous Foxfire"]},{"cards_removed":["ats:Armor Crushing Shot"],"damage_healed":0.0,"max_hp_gain":0.0,"max_hp_loss":0.0,"gold_gain":0.0,"event_name":"Purifier","player_choice":"Purged","floor":45.0,"gold_loss":0.0,"damage_taken":0.0}],"is_beta":false,"boss_relics":[{"not_picked":["hubris:CrackedHourglass","Replay:Bronze Core"],"picked":"Coffee Dripper"},{"not_picked":["hubris:GrandSneckoEye","Replay:Wanted Poster"],"picked":"Tiny House"}],"items_purged_floors":[7,10,28,48],"is_endless":false,"potions_floor_spawned":[1,8,11,25,31,38,44],"ascension_level":0}}