{"host":"873t0y8ybyo38pfq","time":1609126142,"event":{"mods":["BaseMod","Bestiary","Colored Map","Colored Powertips","Highlight Path","Minty Spire (QoL Compilation)","Quick Restart","RNG Fix","Rare Cards Sparkle","Relic Stats","StSLib"],"gold_per_floor":[359,40,40,52,68,97,112,112,112,112,135,6,23,85,85,85,85],"floor_reached":16,"playtime":601,"items_purged":["Strike_G","Strike_G"],"score":200,"play_id":"4e4baebe-dc92-4584-b9ad-7790c5250a42","local_time":"20201227222902","is_ascension_mode":true,"campfire_choices":[{"floor":8,"key":"REST"},{"data":"Bouncing Flask","floor":10,"key":"SMITH"},{"data":"Catalyst","floor":15,"key":"SMITH"}],"circlet_count":0,"master_deck":["AscendersBane","Strike_G","Strike_G","Strike_G","Defend_G","Defend_G","Defend_G","Defend_G","Defend_G","Survivor","Neutralize","Bouncing Flask+1","Unload","Deflect","Catalyst+1","Venomology","Flechettes","PiercingWail","Acrobatics","Distraction"],"relics":["Ring of the Snake","Anchor","Ninja Scroll","Paper Crane","Turnip","Odd Mushroom","Pen Nib"],"acts_visited":["Exordium"],"potions_floor_usage":[6,7,7,11,14,14,14,16],"damage_taken":[{"damage":2,"enemies":"Small Slimes","floor":1,"turns":5},{"damage":0,"enemies":"2 Louse","floor":4,"turns":2},{"damage":1,"enemies":"Cultist","floor":5,"turns":3},{"damage":27,"enemies":"3 Sentries","floor":6,"turns":10},{"damage":2,"enemies":"Exordium Wildlife","floor":7,"turns":6},{"damage":14,"enemies":"The Mushroom Lair","floor":11,"turns":5},{"damage":0,"enemies":"2 Fungi Beasts","floor":13,"turns":3},{"damage":3,"enemies":"3 Sentries","floor":14,"turns":7},{"damage":10,"enemies":"Hexaghost","floor":16,"turns":9}],"seed_played":"-3369489221782396107","potions_obtained":[{"floor":1,"key":"Fire Potion"},{"floor":6,"key":"ColorlessPotion"},{"floor":7,"key":"Dexterity Potion"},{"floor":11,"key":"PowerPotion"}],"is_trial":false,"path_per_floor":["M","$","?","M","M","E","M","R","T","R","?","$","M","?","R","B"],"character_chosen":"THE_SILENT","items_purchased":["Anchor","Unload","Acrobatics"],"campfire_rested":1,"item_purchase_floors":[2,2,12],"current_hp_per_floor":[57,57,39,39,38,11,9,27,27,27,13,13,13,10,10,0,0],"gold":85,"neow_bonus":"TWO_FIFTY_GOLD","is_daily":false,"chose_seed":false,"campfire_upgraded":2,"win_rate":0.0,"timestamp":1609126142,"path_taken":["M","$","?","M","M","E","M","R","T","R","?","$","M","?","R","BOSS"],"items_purchased_type":["Relic","Card","Card"],"build_version":"2020-12-22","purchased_purges":2,"victory":false,"max_hp_per_floor":[60,60,60,60,60,60,60,60,60,60,60,60,60,60,60,60,60],"relic_stats":{"counters":[9,50],"Turnip":[0],"Pen Nib":[1],"obtain_stats":[{"Anchor":2,"Ninja Scroll":3,"Turnip":9,"Pen Nib":14,"Paper Crane":6,"Odd Mushroom":11,"Ring of the Snake":0},{"Anchor":1,"Ninja Scroll":1,"Turnip":5,"Pen Nib":8,"Paper Crane":4,"Odd Mushroom":6,"Ring of the Snake":0},{"Anchor":5,"Ninja Scroll":5,"Turnip":26,"Pen Nib":41,"Paper Crane":20,"Odd Mushroom":31,"Ring of the Snake":0}],"Ring of the Snake":[18]},"card_choices":[{"not_picked":["Masterful Stab","Backflip"],"picked":"Bouncing Flask","floor":1},{"not_picked":["Flechettes","Slice"],"picked":"Deflect","floor":4},{"not_picked":["Bouncing Flask","Footwork"],"picked":"Catalyst","floor":5},{"not_picked":["Tactician","Night Terror"],"picked":"Venomology","floor":6},{"not_picked":["Slice","Cloak And Dagger"],"picked":"Flechettes","floor":7},{"not_picked":["Dagger Throw","Poisoned Stab"],"picked":"PiercingWail","floor":11},{"not_picked":["Dagger Throw","Deflect","Poisoned Stab"],"picked":"SKIP","floor":13},{"not_picked":["Acrobatics","Underhanded Strike"],"picked":"Distraction","floor":14}],"player_experience":1371049,"relics_obtained":[{"floor":6,"key":"Paper Crane"},{"floor":9,"key":"Turnip"},{"floor":11,"key":"Odd Mushroom"},{"floor":14,"key":"Pen Nib"}],"event_choices":[{"damage_healed":0,"gold_gain":0,"player_choice":"Success","damage_taken":18,"relics_obtained":["Ninja Scroll"],"max_hp_gain":0,"max_hp_loss":0,"event_name":"Scrap Ooze","floor":3,"gold_loss":0},{"damage_healed":0,"gold_gain":0,"player_choice":"Fought Mushrooms","damage_taken":0,"max_hp_gain":0,"max_hp_loss":0,"event_name":"Mushrooms","floor":11,"gold_loss":0},{"damage_healed":0,"gold_gain":30,"player_choice":"Searched \u00272\u0027 times","damage_taken":0,"max_hp_gain":0,"max_hp_loss":0,"event_name":"Dead Adventurer","floor":14,"gold_loss":0}],"is_beta":false,"boss_relics":[],"items_purged_floors":[2,12],"is_endless":false,"potions_floor_spawned":[1,6,7,11],"killed_by":"Hexaghost","ascension_level":20}}