{"host":"4lebci84u2l5u89t","time":1609158853,"event":{"mods":["AchievementEnabler","Aspiration","Bard","BaseMod","Beaked The Cultist","Better Altar","Better Match","Better Note","Better Sensory Stone","Better Skull","Better Third Choice","BetterRewards","CCEM","Colored Map","Conspire","GifTheSpireLib","Googly Eyes","Halation","Hermit","Highlight Path","Hubris","Jedi Mod","Jorbs\u0027s Wanderer Trilogy","Lobotomy","LobotomyExtend","Mad Scientist","Marisa????????","Mimic Mod","Minty Spire (QoL Compilation)","Permanent Neow","Replay The Spire","Shade Mod","Spicy Shops","StSLib","Stuff the Spire","The Administrix","The Mystic","Unceasing Turn Reminder"],"gold_per_floor":[114,125,125,144,164,192,192,202,272,299,310,324,351,351,351,449,449,469,488,508,520,520,554,572,583,613,629,658,658,668,116,116,216,216,216,265,285,285,315,315,346,346,373,392,402,421,456,484,484,484,484],"floor_reached":50,"playtime":4894,"items_purged":[],"score":803,"play_id":"451713b0-2241-498c-ab4e-e94a97ae89c2","local_time":"20201228133413","is_ascension_mode":false,"campfire_choices":[],"circlet_count":0,"master_deck":["Woodsman","BodiesMountain","BigBird","ApocalypseBird","PunishingBird","LongBird","SpecialBullet","SpecialBullet","SpecialBullet","SpecialBullet","InformationCode","SecurityCode","CentralCode","CherryBlossom","Poisoned Stab","aspiration:Lunge","Strike_G","Wingbeat","ShedSkin","GoldRush+1","FourthMatchFlame","Pinks","MeatLantern","DisciplinaryCode","UniverseFragment","MHz","Porccubus","SolemnVow","ExtractionCode","Twilight+1","Twilight","Wellcheers","CrushJoints","Replay:Vibes+1","Ecstasy","RedShoes","OSAHOGD","CherryBlossoms","Consecrate","Bloodbath","WristCuter+1","Pray+1","GreedKing","GrinderMk4+1","ControlCode","DevaForm+1","Replay:Sssssssssshield+1","WhitesApple","ParadiseLost+1","Replay:DivineShield+1","Soda+1","WallGazer","TrainingCode","FourthMatchFlame+1","Vault+1","Funeral","Logging+1"],"relics":["CogitoBucket","LetterFromLob","CCEMRelics:DissonantTune","LuminousBracelet","Singing Bowl","conspire:GiftBox","hubris:FunFungus","aspiration:WatcherSkillbook","BehaviorAdjustment","MagicBullet_r","LaetitiaHeart","hubris:TenFootPole","SkinProphecy","AtMidnight","SolemnVow_r","jedi:HeartOfTheCards","Justitia_r","Smiling Mask","StuffTheSpire:GrapeVine","CCEMRelics:SpiritsEdge","Guide Book","beaked:MawFillet","Twilight","Lamp_r","Ice Cream","Happy Flower","halation:LettersToHer","Bronze Scales","TheSmile_r","Blood Vial","Logging_r","halation:Toothbrush"],"acts_visited":["Exordium","TheCity","TheBeyond"],"potions_floor_usage":[50,50],"damage_taken":[{"damage":7.0,"enemies":"Small Slimes","floor":1.0,"turns":2.0},{"damage":11.0,"enemies":"Jaw Worm","floor":2.0,"turns":2.0},{"damage":0.0,"enemies":"Cultist","floor":4.0,"turns":2.0},{"damage":18.0,"enemies":"Blue Slaver","floor":5.0,"turns":3.0},{"damage":6.0,"enemies":"3 Sentries","floor":6.0,"turns":8.0},{"damage":52.0,"enemies":"Lots of Slimes","floor":8.0,"turns":3.0},{"damage":19.0,"enemies":"Gremlin Nob","floor":10.0,"turns":4.0},{"damage":5.0,"enemies":"Exordium Thugs","floor":11.0,"turns":4.0},{"damage":6.0,"enemies":"Looter","floor":12.0,"turns":2.0},{"damage":57.0,"enemies":"3 Sentries","floor":13.0,"turns":3.0},{"damage":27.0,"enemies":"The Guardian","floor":16.0,"turns":7.0},{"damage":27.0,"enemies":"conspire:FuzzyDice","floor":18.0,"turns":4.0},{"damage":18.0,"enemies":"Shell Parasite","floor":19.0,"turns":5.0},{"damage":18.0,"enemies":"Sentry and Sphere","floor":20.0,"turns":4.0},{"damage":2.0,"enemies":"Cultist and Chosen","floor":21.0,"turns":4.0},{"damage":0.0,"enemies":"Snake Plant","floor":22.0,"turns":1.0},{"damage":11.0,"enemies":"Slavers","floor":23.0,"turns":3.0},{"damage":123.0,"enemies":"Snake Plant","floor":24.0,"turns":5.0},{"damage":3.0,"enemies":"Centurion and Healer","floor":25.0,"turns":3.0},{"damage":13.0,"enemies":"Sentry and Sphere","floor":26.0,"turns":5.0},{"damage":53.0,"enemies":"Sentry and Sphere","floor":27.0,"turns":5.0},{"damage":11.0,"enemies":"Replay:Snechameleon","floor":28.0,"turns":2.0},{"damage":5.0,"enemies":"3 Cultists","floor":30.0,"turns":3.0},{"damage":49.0,"enemies":"Champ","floor":33.0,"turns":6.0},{"damage":11.0,"enemies":"Orb Walker","floor":35.0,"turns":4.0},{"damage":18,"enemies":"2 Orb Walkers","floor":36,"turns":4},{"damage":8,"enemies":"Orb Walker","floor":37,"turns":2},{"damage":27,"enemies":"Giant Head","floor":39,"turns":4},{"damage":24,"enemies":"Nemesis","floor":41,"turns":3},{"damage":60,"enemies":"3 Shapes","floor":44,"turns":3},{"damage":10,"enemies":"Sphere and 2 Shapes","floor":45,"turns":4},{"damage":3,"enemies":"Spire Growth","floor":46,"turns":2},{"damage":18,"enemies":"beaked:SuperParasite","floor":47,"turns":3},{"damage":4,"enemies":"Reptomancer","floor":48,"turns":3},{"damage":409,"enemies":"hubris:GrandSnecko","floor":50,"turns":6}],"seed_played":"-1108729092299048790","potions_obtained":[{"floor":1.0,"key":"CultistPotion"},{"floor":2.0,"key":"BlessingOfTheForge"},{"floor":19.0,"key":"BlessingOfTheForge"},{"floor":30.0,"key":"jedi:StrikingPotion"},{"floor":33.0,"key":"Languid Potion"},{"floor":37,"key":"SkillPotion"}],"is_trial":false,"path_per_floor":["M","M","?","M","M","E","R","M","T","E","M","M","E","?","R","B",null,"M","M","M","M","M","E","M","M","MIM","M","E","?","M","$","R","B",null,"M","?","M","?","E","R","E","R","T","M","M","M","E","E","R","B"],"character_chosen":"Angela","items_purchased":["StuffTheSpire:GrapeVine","CCEMRelics:SpiritsEdge","Guide Book","Replay:Sssssssssshield+1"],"campfire_rested":0,"item_purchase_floors":[31,31,31,31],"current_hp_per_floor":[84,81,81,84,74,76,76,51,51,51,66,75,35,66,66,70,129,122,131,136,147,141,153,60,70,86,72,73,73,85,85,85,62,197,201,208,216,216,224,224,226,226,226,202,239,241,249,253,253,0,0],"gold":484,"neow_bonus":"TWENTY_PERCENT_HP_BONUS","is_daily":false,"chose_seed":false,"campfire_upgraded":0,"win_rate":0.0,"timestamp":1609158853,"path_taken":["M","M","?","M","M","E","R","M","T","E","M","M","E","?","R","BOSS","M","M","M","M","M","E","M","M","MIM","M","E","?","?","$","R","BOSS","M","?","M","?","E","R","E","R","T","M","M","M","E","E","R","BOSS"],"items_purchased_type":["Relic","Relic","Relic","Card"],"build_version":"2020-12-22","purchased_purges":0,"victory":false,"max_hp_per_floor":[84,84,84,84,84,84,84,103,103,109,115,121,125,125,125,129,129,133,137,141,147,147,153,157,165,171,177,185,185,191,191,191,197,197,203,208,216,216,224,224,232,232,232,231,239,241,249,253,253,257,257],"card_choices":[{"not_picked":["Noise"],"picked":"CherryBlossom","floor":1.0},{"not_picked":["SomewhereSpear","TodaysExpression"],"picked":"SKIP","floor":2.0},{"not_picked":["Pleasure"],"picked":"Wingbeat","floor":4.0},{"not_picked":["Regret_ego"],"picked":"ShedSkin","floor":5.0},{"not_picked":["Lantern"],"picked":"GoldRush","floor":6.0},{"not_picked":["Yin","SnowQueen"],"picked":"PunishingBird","floor":8.0},{"not_picked":["CherryBlossom"],"picked":"FourthMatchFlame","floor":8.0},{"not_picked":["Justitia","DaCapo"],"picked":"Pinks","floor":10.0},{"not_picked":["CherryBlossom","Diffraction"],"picked":"Singing Bowl","floor":10.0},{"not_picked":["Scorched","SpiderBud"],"picked":"MeatLantern","floor":10.0},{"not_picked":["SpiderBud","MHz"],"picked":"UniverseFragment","floor":11.0},{"not_picked":["RapturousDream","Penitence"],"picked":"Singing Bowl","floor":11.0},{"not_picked":["WallGazer","FieryBird"],"picked":"MHz","floor":12.0},{"not_picked":["Horn","SomewhereSpear"],"picked":"Singing Bowl","floor":12.0},{"not_picked":["Scorched","WhitesApple"],"picked":"Porccubus","floor":13.0},{"not_picked":["Discord"],"picked":"SolemnVow","floor":13.0},{"not_picked":["Justitia"],"picked":"Twilight","floor":16.0},{"not_picked":["TheSmile"],"picked":"Twilight","floor":16.0},{"not_picked":["SpiderBud","OSAHOGD"],"picked":"Wellcheers","floor":16.0},{"not_picked":["Scorched","LittlePrince"],"picked":"QueenOfHatred","floor":18.0},{"not_picked":["Lantern","Harmony"],"picked":"CrushJoints","floor":18.0},{"not_picked":["Yin","FairyFestival"],"picked":"SpiderBud","floor":19.0},{"not_picked":["SolemnVow","PathToVictory"],"picked":"FollowUp","floor":19.0},{"not_picked":["ShyLook","OldLady"],"picked":"LongBird","floor":20.0},{"not_picked":["Replay:BluntJabs","Protect","Beak"],"picked":"Replay:Vibes+1","floor":20.0},{"not_picked":["DevaForm","Swivel","Replay:ManipulateFuture"],"picked":"Ecstasy","floor":21.0},{"not_picked":["Murderer","LittleHelper"],"picked":"RedShoes","floor":21.0},{"not_picked":["Protect","Tantrum","Gaze","CUTE"],"picked":"Singing Bowl","floor":21.0},{"not_picked":["Murderer","DreamingCurrent"],"picked":"OSAHOGD","floor":23.0},{"not_picked":["MentalFortress+1","Horn","BowlingBash","Hornet"],"picked":"Singing Bowl","floor":23.0},{"not_picked":["SashWhip","Replay:DivineShield+1","Horn"],"picked":"FourthMatchFlame+1","floor":24.0},{"not_picked":["CENSORED","SnowQueen","CherryBlossoms"],"picked":"Singing Bowl","floor":24.0},{"not_picked":["SnowQueen","Murderer"],"picked":"CherryBlossoms","floor":24.0},{"not_picked":["Beak","Wingbeat+1","DeceiveReality+1"],"picked":"Consecrate","floor":24.0},{"not_picked":["WhitesApple","OldLady"],"picked":"Funeral","floor":25.0},{"not_picked":["ReachHeaven","Worship","Loneliness+1","FollowUp"],"picked":"Singing Bowl","floor":25.0},{"not_picked":["DreamingCurrent","FairyFestival"],"picked":"Bloodbath","floor":26.0},{"not_picked":["Wingbeat+1","BlackSwan_ego+1","WheelKick"],"picked":"WristCuter","floor":26.0},{"not_picked":["Harmony+1","Adaptation+1","PathToVictory+1"],"picked":"Pray+1","floor":27.0},{"not_picked":["WallGazer","BeautyBeast"],"picked":"GreedKing","floor":27.0},{"not_picked":["CherryBlossom+1","FlyingSleeves+1","ThirdEye+1"],"picked":"GrinderMk4+1","floor":27.0},{"not_picked":["Scorched","HeroicMonk"],"picked":"DespairKnight","floor":28.0},{"not_picked":["BowlingBash+1","SashWhip+1","ClearTheMind+1","LikeWater+1"],"picked":"Singing Bowl","floor":28.0},{"not_picked":["Mercenary","CrumblingArmor","Variant"],"picked":"Singing Bowl","floor":30.0},{"not_picked":["Scorched","Laetitia"],"picked":"BigBird","floor":30.0},{"not_picked":["Protect+1","EmptyBody+1","CrimsonScar+1"],"picked":"DevaForm+1","floor":30.0},{"not_picked":["Scorched","VoidDream"],"picked":"WhitesApple","floor":33.0},{"not_picked":["Devotion+1","jedi:nirvanicrebirth+1","Pinks+1"],"picked":"ParadiseLost+1","floor":33.0},{"not_picked":["Freischutz","FieryBird"],"picked":"BodiesMountain","floor":35.0},{"not_picked":["MagicBullet+1","ScreamingWedge+1","Replay:Hum+1"],"picked":"Replay:DivineShield+1","floor":35.0},{"not_picked":["Crescendo+1","FollowUp+1","EmptyBody+1"],"picked":"Soda+1","floor":36},{"not_picked":["DreamingCurrent","ShyLook"],"picked":"BlueStar","floor":36},{"not_picked":["Pleasure+1","DeceiveReality+1","Galaxy+1","Wallop+1"],"picked":"Singing Bowl","floor":36},{"not_picked":["LittleHelper","SnowQueen","CrumblingArmor"],"picked":"Singing Bowl","floor":37},{"not_picked":["GalaxyChild","Yin"],"picked":"WallGazer","floor":37},{"not_picked":["InTheNameOfLoveAndHate+1","RapturousDream+1","Adoration+1","CherryBlossom+1"],"picked":"Singing Bowl","floor":37},{"not_picked":["SpiderBud","FairyFestival","HeroicMonk"],"picked":"Singing Bowl","floor":39},{"not_picked":["LittleHelper","LittlePrince"],"picked":"QueenOfHatred","floor":39},{"not_picked":["FollowUp+1","EmptyFist+1","Conclude+1","Study+1"],"picked":"Singing Bowl","floor":39},{"not_picked":["Replay:Vibes+1","Beak+1","Tough+1"],"picked":"FourthMatchFlame+1","floor":41},{"not_picked":["Rudolta","ShyLook","Variant"],"picked":"Singing Bowl","floor":41},{"not_picked":["BeautyBeast","Funeral"],"picked":"MeltingLove","floor":41},{"not_picked":["Christmas+1","Meditate+1","Tough+1","Hornet+1"],"picked":"Singing Bowl","floor":41},{"not_picked":["LittleHelper","SpiderBud","LaLuna"],"picked":"Singing Bowl","floor":44},{"not_picked":["ClearTheMind+1","FollowUp+1","Halt+1"],"picked":"Vault+1","floor":44},{"not_picked":["SingingMachine","BlackArmy","Funeral"],"picked":"Singing Bowl","floor":45},{"not_picked":["Laetitia","BlackArmy"],"picked":"Funeral","floor":45},{"not_picked":["Evaluate+1","Replay:AtTheReady+1","RedEyes+1","Conclude+1"],"picked":"Singing Bowl","floor":45},{"not_picked":["Alriune","SnowQueen","BigBadWolf"],"picked":"Singing Bowl","floor":46},{"not_picked":["Halt+1","BattleHymn+1","FrostShard+1"],"picked":"Logging+1","floor":46},{"not_picked":["Variant","CENSORED","Laetitia"],"picked":"Singing Bowl","floor":47},{"not_picked":["Yin","BigBadWolf"],"picked":"Woodsman","floor":47},{"not_picked":["ShedSkin+1","TodaysExpression+1","CUTE+1","EmptyBody+1"],"picked":"Singing Bowl","floor":47},{"not_picked":["Harvest+1","ClearTheMind+1","Study+1","BearPaw+1"],"picked":"Singing Bowl","floor":48},{"not_picked":["Murderer","QueenBee","SingingMachine"],"picked":"Singing Bowl","floor":48}],"player_experience":256709,"relics_obtained":[{"floor":1.0,"key":"LetterFromLob"},{"floor":6.0,"key":"CCEMRelics:DissonantTune"},{"floor":9.0,"key":"Singing Bowl"},{"floor":10.0,"key":"conspire:GiftBox"},{"floor":13.0,"key":"hubris:FunFungus"},{"floor":23.0,"key":"hubris:TenFootPole"},{"floor":24.0,"key":"AtMidnight"},{"floor":26.0,"key":"jedi:HeartOfTheCards"},{"floor":28.0,"key":"Smiling Mask"},{"floor":35.0,"key":"Twilight"},{"floor":36,"key":"Ice Cream"},{"floor":39,"key":"Happy Flower"},{"floor":41,"key":"halation:LettersToHer"},{"floor":43,"key":"halation:LettersToHer"},{"floor":43,"key":"Bronze Scales"},{"floor":47,"key":"Blood Vial"},{"floor":48,"key":"halation:Toothbrush"}],"event_choices":[{"damage_healed":31.0,"max_hp_gain":0.0,"max_hp_loss":0.0,"gold_gain":0.0,"event_name":"Mushrooms","player_choice":"Healed and dodged fight","floor":14.0,"gold_loss":0.0,"damage_taken":0.0,"cards_obtained":["Parasite"]},{"damage_healed":0.0,"max_hp_gain":0.0,"max_hp_loss":0.0,"gold_gain":0.0,"event_name":"betterNote:BetterNote","player_choice":"Ignored","floor":29.0,"gold_loss":0.0,"damage_taken":0.0,"cards_obtained":["beaked:VolatileMisfortune"]},{"damage_healed":0,"gold_gain":0,"player_choice":"Fight","damage_taken":0,"max_hp_gain":0,"max_hp_loss":0,"event_name":"Mysterious Sphere","floor":36,"gold_loss":0},{"cards_removed":["SpiderBud"],"damage_healed":0,"gold_gain":0,"player_choice":"Removed Skill","damage_taken":0,"max_hp_gain":0,"max_hp_loss":0,"event_name":"Falling","floor":38,"gold_loss":0}],"is_beta":false,"boss_relics":[{"not_picked":["Busted Crown","Replay:Drink Me"],"picked":"aspiration:WatcherSkillbook"},{"not_picked":["halation:ForbiddenBikini","aspiration:SecretTechniqueScroll"],"picked":"beaked:MawFillet"}],"items_purged_floors":[],"is_endless":false,"potions_floor_spawned":[1,2,5,19,22,30,33,37,45,46],"killed_by":"hubris:GrandSnecko","ascension_level":0}}