{"host":"ydujlihd8f5px9gp","time":1609192445,"event":{"mods":["AchievementEnabler","BaseMod","Block Reminder","Colored Map","Minty Spire (QoL Compilation)","ojb\u0027s Info Mod"],"gold_per_floor":[111,121,133,151,151,151,151,151,151,151,151,185,195,195,195,297,297,307,307,323,323,333,333,365,365,365,376,376,389,389,90,90,190,190,200,218,231,247,247,247,257,272,272,291,291,291,1,14,14,14],"floor_reached":51,"playtime":2565,"items_purged":[],"score":696,"play_id":"15bd1fdf-d7ce-4fc8-a9ac-4e649582df69","local_time":"20201228195405","is_ascension_mode":false,"campfire_choices":[{"data":"Noxious Fumes","floor":6,"key":"SMITH"},{"data":"Neutralize","floor":8,"key":"SMITH"},{"data":"Flying Knee","floor":11,"key":"SMITH"},{"data":"PiercingWail","floor":15,"key":"SMITH"},{"data":"Catalyst","floor":23,"key":"SMITH"},{"floor":25,"key":"REST"},{"data":"Envenom","floor":28,"key":"SMITH"},{"floor":32,"key":"REST"},{"data":"After Image","floor":45,"key":"SMITH"},{"data":"Blade Dance","floor":49,"key":"SMITH"}],"circlet_count":0,"master_deck":["Strike_G+1","Strike_G","Strike_G","Strike_G+1","Strike_G+1","Defend_G","Defend_G+1","Defend_G","Defend_G","Survivor","Neutralize+1","Dagger Spray","Flying Knee+1","Noxious Fumes+1","Poisoned Stab","PiercingWail+1","Envenom+1","Terror+1","Catalyst+1","Bane","Poisoned Stab","Crippling Poison+1","PiercingWail+1","Bane","After Image+1","Blade Dance+1","Footwork+1","Catalyst+1","Backstab+1","Cloak And Dagger+1","Cloak And Dagger+1","Injury","Footwork+1"],"relics":["Ring of the Snake","Question Card","Paper Crane","Bag of Preparation","Whetstone","SlaversCollar","Meat on the Bone","InkBottle","PreservedInsect","Nunchaku","Cursed Key","Eternal Feather","HandDrill","Bronze Scales"],"acts_visited":["Exordium","TheCity","TheBeyond"],"potions_floor_usage":[13,16,24,35,42,44,50,50,50],"damage_taken":[{"damage":0,"enemies":"2 Louse","floor":1,"turns":4},{"damage":1,"enemies":"Jaw Worm","floor":2,"turns":5},{"damage":0,"enemies":"Small Slimes","floor":3,"turns":3},{"damage":0,"enemies":"2 Fungi Beasts","floor":4,"turns":3},{"damage":13,"enemies":"Lagavulin","floor":12,"turns":6},{"damage":0,"enemies":"Blue Slaver","floor":13,"turns":4},{"damage":24,"enemies":"Slime Boss","floor":16,"turns":9},{"damage":14,"enemies":"Spheric Guardian","floor":18,"turns":5},{"damage":6,"enemies":"Chosen","floor":20,"turns":5},{"damage":18,"enemies":"Centurion and Healer","floor":22,"turns":7},{"damage":24,"enemies":"Slavers","floor":24,"turns":5},{"damage":4,"enemies":"Snecko","floor":27,"turns":5},{"damage":4,"enemies":"Snake Plant","floor":29,"turns":4},{"damage":62,"enemies":"Collector","floor":33,"turns":9},{"damage":6,"enemies":"3 Darklings","floor":35,"turns":4},{"damage":35,"enemies":"3 Shapes","floor":36,"turns":4},{"damage":0,"enemies":"3 Darklings","floor":37,"turns":5},{"damage":42,"enemies":"Transient","floor":38,"turns":5},{"damage":1,"enemies":"4 Shapes","floor":41,"turns":4},{"damage":0,"enemies":"Maw","floor":42,"turns":5},{"damage":1,"enemies":"Jaw Worm Horde","floor":44,"turns":5},{"damage":0,"enemies":"Transient","floor":48,"turns":5},{"damage":24,"enemies":"Awakened One","floor":50,"turns":11}],"seed_played":"-2802333836378477066","potions_obtained":[{"floor":1,"key":"Fruit Juice"},{"floor":3,"key":"Poison Potion"},{"floor":12,"key":"SteroidPotion"},{"floor":13,"key":"CultistPotion"},{"floor":22,"key":"SteroidPotion"},{"floor":33,"key":"Weak Potion"},{"floor":36,"key":"Regen Potion"},{"floor":37,"key":"Poison Potion"},{"floor":41,"key":"Regen Potion"},{"floor":42,"key":"SkillPotion"},{"floor":48,"key":"EssenceOfSteel"}],"is_trial":false,"path_per_floor":["M","M","M","M","?","R","T","R","T","$","R","E","M","?","R","B",null,"M","?","M","?","M","R","E","R","T","M","R","M","?","$","R","B",null,"M","M","M","M","?","?","M","M","T","M","R","?","$","M","R","B",null],"character_chosen":"THE_SILENT","items_purchased":["PreservedInsect","Nunchaku","HandDrill","Bronze Scales"],"campfire_rested":2,"item_purchase_floors":[31,31,47,47],"current_hp_per_floor":[77,76,76,76,69,69,69,69,69,69,69,56,61,45,45,21,82,68,68,62,62,44,44,20,44,44,52,52,48,48,48,72,22,82,76,53,53,23,23,23,34,49,49,60,78,82,82,82,82,58],"gold":14,"neow_bonus":"TEN_PERCENT_HP_BONUS","is_daily":false,"chose_seed":false,"campfire_upgraded":8,"win_rate":0.0,"timestamp":1609192445,"path_taken":["M","M","M","M","?","R","?","R","T","$","R","E","M","?","R","BOSS","M","?","M","?","M","R","E","R","T","M","R","M","?","?","R","BOSS","M","M","?","M","?","?","M","M","T","M","R","?","$","?","R","BOSS"],"items_purchased_type":["Relic","Relic","Relic","Relic"],"build_version":"2020-12-22","purchased_purges":0,"victory":true,"max_hp_per_floor":[77,77,77,77,77,77,77,77,77,77,77,77,82,82,82,82,82,82,82,82,82,82,82,82,82,82,82,82,82,82,82,82,82,82,82,82,82,82,82,82,82,82,82,82,82,82,82,82,82,82],"card_choices":[{"not_picked":["Flechettes","Reflex"],"picked":"Dagger Spray","floor":1},{"not_picked":["Tactician","Accuracy"],"picked":"Flying Knee","floor":2},{"not_picked":["Deadly Poison","Skewer","Dodge and Roll"],"picked":"SKIP","floor":3},{"not_picked":["Distraction","Predator"],"picked":"Noxious Fumes","floor":4},{"not_picked":["Unload","Prepared","Quick Slash"],"picked":"Poisoned Stab","floor":12},{"not_picked":["Cloak And Dagger","Flechettes","Heel Hook"],"picked":"PiercingWail","floor":13},{"not_picked":["After Image","Venomology","Burst"],"picked":"Envenom","floor":16},{"not_picked":["Dagger Spray","Masterful Stab","Blur"],"picked":"Terror+1","floor":18},{"not_picked":["Backstab","Infinite Blades+1","Slice+1"],"picked":"Bane","floor":20},{"not_picked":["Outmaneuver","Backflip+1","Sucker Punch+1"],"picked":"Poisoned Stab","floor":22},{"not_picked":["Bane","Dagger Spray+1","Caltrops"],"picked":"Crippling Poison+1","floor":24},{"not_picked":["Poisoned Stab","Bullet Time","Dagger Spray"],"picked":"PiercingWail+1","floor":27},{"not_picked":["Poisoned Stab","Dagger Spray+1","Escape Plan"],"picked":"Bane","floor":29},{"not_picked":["A Thousand Cuts","Envenom","Storm of Steel"],"picked":"After Image","floor":33},{"not_picked":["Outmaneuver+1","PiercingWail+1","Dodge and Roll"],"picked":"Blade Dance","floor":35},{"not_picked":["Backflip+1","All Out Attack","Accuracy+1"],"picked":"Footwork+1","floor":36},{"not_picked":["Footwork","Dagger Spray+1","Poisoned Stab+1"],"picked":"Catalyst+1","floor":37},{"not_picked":["Cloak And Dagger+1","Eviscerate+1","Calculated Gamble"],"picked":"Backstab+1","floor":38},{"not_picked":["Underhanded Strike+1","Sucker Punch+1","Leg Sweep+1"],"picked":"Cloak And Dagger+1","floor":41},{"not_picked":["Well Laid Plans+1","Dagger Throw","Blade Dance+1"],"picked":"Cloak And Dagger+1","floor":42},{"not_picked":["Prepared","Poisoned Stab","Infinite Blades+1"],"picked":"Footwork+1","floor":44},{"not_picked":["Reflex+1","Expertise","Tactician","Prepared+1"],"picked":"SKIP","floor":48}],"player_experience":54641,"relics_obtained":[{"floor":7,"key":"Paper Crane"},{"floor":9,"key":"Bag of Preparation"},{"floor":12,"key":"Whetstone"},{"floor":24,"key":"Meat on the Bone"},{"floor":26,"key":"InkBottle"},{"floor":43,"key":"Eternal Feather"}],"event_choices":[{"damage_healed":0,"gold_gain":0,"player_choice":"Success","damage_taken":7,"relics_obtained":["Question Card"],"max_hp_gain":0,"max_hp_loss":0,"event_name":"Scrap Ooze","floor":5,"gold_loss":0},{"damage_healed":0,"gold_gain":0,"player_choice":"Entered Light","damage_taken":16,"max_hp_gain":0,"max_hp_loss":0,"event_name":"Shining Light","floor":14,"gold_loss":0,"cards_upgraded":["Strike_G","Defend_G"]},{"damage_healed":0,"gold_gain":0,"player_choice":"Read","damage_taken":0,"max_hp_gain":0,"max_hp_loss":0,"event_name":"The Library","floor":19,"gold_loss":0,"cards_obtained":["Catalyst"]},{"damage_healed":0,"gold_gain":0,"player_choice":"Ignored","damage_taken":0,"max_hp_gain":0,"max_hp_loss":0,"event_name":"Ghosts","floor":21,"gold_loss":0},{"damage_healed":0,"gold_gain":0,"player_choice":"Ignored","damage_taken":0,"max_hp_gain":0,"max_hp_loss":0,"event_name":"Vampires","floor":30,"gold_loss":0},{"damage_healed":0,"gold_gain":0,"player_choice":"Memory 1","damage_taken":0,"max_hp_gain":0,"max_hp_loss":0,"event_name":"SensoryStone","floor":39,"gold_loss":0},{"cards_removed":["Defend_G"],"damage_healed":0,"gold_gain":0,"player_choice":"Removed Skill","damage_taken":0,"max_hp_gain":0,"max_hp_loss":0,"event_name":"Falling","floor":40,"gold_loss":0},{"damage_healed":4,"gold_gain":0,"player_choice":"Full Heal","damage_taken":0,"max_hp_gain":0,"max_hp_loss":0,"event_name":"Wheel of Change","floor":46,"gold_loss":0}],"is_beta":false,"boss_relics":[{"not_picked":["Astrolabe","Runic Dome"],"picked":"SlaversCollar"},{"not_picked":["WristBlade","SacredBark"],"picked":"Cursed Key"}],"items_purged_floors":[],"is_endless":false,"potions_floor_spawned":[1,3,12,13,22,33,36,37,41,42,48],"ascension_level":0}}