{"host":"ktoxvvst1mwxww91","time":1609168821,"event":{"mods":["BaseMod","Hermit","Minty Spire (QoL Compilation)","StSLib","The Hierophant","The Mystic","The Necromancer"],"gold_per_floor":[119,119,135,146,71,71,104,104,177,197,177,197,217,243,243,322,322,242,242,142,158,67,85,85,85,133,133,155,155,181,221,221,221,221],"floor_reached":33,"playtime":1147,"items_purged":["Strike_B","Strike_B"],"score":509,"play_id":"8219d492-f3dc-44fd-93e1-556d2dcbbb9a","local_time":"20201228162021","is_ascension_mode":true,"campfire_choices":[{"data":"Zap","floor":6.0,"key":"SMITH"},{"data":"Dualcast","floor":8.0,"key":"SMITH"},{"floor":15.0,"key":"REST"},{"floor":27.0,"key":"REST"},{"floor":29.0,"key":"REST"},{"floor":32,"key":"REST"}],"circlet_count":0,"master_deck":["AscendersBane","Defend_B+1","Defend_B","Defend_B","Zap+1","Dualcast+1","All For One","Leap","Cold Snap","Leap+1","Glacier","Go for the Eyes","Consume+1","Stack+1","Fission+1","Machine Learning","Hologram+1","Loop","Redo+1","Loop","Ball Lightning","Go for the Eyes","Decay","Fission+1","Chill+1","Beam Cell","Conserve Battery+1","Loop"],"relics":["Cracked Core","War Paint","Toxic Egg 2","Strawberry","Inserter","CeramicFish","Kunai"],"acts_visited":["Exordium","TheCity"],"potions_floor_usage":[31],"damage_taken":[{"damage":6.0,"enemies":"Small Slimes","floor":1.0,"turns":3.0},{"damage":0.0,"enemies":"Cultist","floor":3.0,"turns":2.0},{"damage":0.0,"enemies":"Jaw Worm","floor":4.0,"turns":4.0},{"damage":19.0,"enemies":"3 Sentries","floor":7.0,"turns":8.0},{"damage":1.0,"enemies":"Blue Slaver","floor":10.0,"turns":3.0},{"damage":4.0,"enemies":"Gremlin Gang","floor":12.0,"turns":5.0},{"damage":1.0,"enemies":"Large Slime","floor":13.0,"turns":3.0},{"damage":22.0,"enemies":"Gremlin Nob","floor":14.0,"turns":4.0},{"damage":21.0,"enemies":"Slime Boss","floor":16.0,"turns":16.0},{"damage":6.0,"enemies":"2 Thieves","floor":18.0,"turns":4.0},{"damage":28.0,"enemies":"Chosen","floor":21.0,"turns":6.0},{"damage":21.0,"enemies":"Snake Plant","floor":23.0,"turns":6.0},{"damage":22.0,"enemies":"Centurion and Healer","floor":28.0,"turns":6.0},{"damage":8,"enemies":"Shelled Parasite and Fungi","floor":30,"turns":7},{"damage":6,"enemies":"Book of Stabbing","floor":31,"turns":7},{"damage":60,"enemies":"Collector","floor":33,"turns":5}],"seed_played":"6112315609578432059","potions_obtained":[{"floor":1.0,"key":"AttackPotion"},{"floor":7.0,"key":"Ancient Potion"},{"floor":11.0,"key":"Weak Potion"},{"floor":12.0,"key":"EssenceOfDarkness"},{"floor":14.0,"key":"PowerPotion"},{"floor":23.0,"key":"Ancient Potion"},{"floor":28.0,"key":"FocusPotion"}],"is_trial":false,"path_per_floor":["M","?","M","M","$","R","E","R","T","M","?","M","M","E","R","B",null,"M","?","$","M","$","M","?","?","T","R","M","R","M","E","R","B"],"character_chosen":"DEFECT","items_purchased":["Loop","Ball Lightning"],"campfire_rested":4,"item_purchase_floors":[22,22],"current_hp_per_floor":[58,58,58,58,58,58,39,39,39,38,38,34,33,18,41,20,64,58,58,58,30,30,9,9,9,9,32,10,33,25,19,42,0,0],"gold":221,"neow_bonus":"ONE_RANDOM_RARE_CARD","is_daily":false,"chose_seed":false,"campfire_upgraded":2,"win_rate":0.0,"timestamp":1609168821,"path_taken":["M","?","M","M","$","R","E","R","T","M","?","?","M","E","R","BOSS","M","?","$","M","$","M","?","?","T","R","M","R","M","E","R","BOSS"],"items_purchased_type":["Card","Card"],"build_version":"2020-12-22","purchased_purges":2,"victory":false,"max_hp_per_floor":[71,71,71,71,71,71,71,71,71,71,71,71,71,78,78,78,78,78,78,78,78,78,78,78,78,78,78,78,78,78,78,78,78,78],"card_choices":[{"not_picked":["Darkness","Hologram"],"picked":"Leap","floor":1.0},{"not_picked":["Go for the Eyes","Skim"],"picked":"Cold Snap","floor":3.0},{"not_picked":["Stack","Undo"],"picked":"Leap","floor":4.0},{"not_picked":["Buffer","Auto Shields"],"picked":"Glacier","floor":7.0},{"not_picked":["Rebound","Lockon"],"picked":"Go for the Eyes","floor":10.0},{"not_picked":["Recycle+1","Skim+1"],"picked":"Consume+1","floor":12.0},{"not_picked":["Compile Driver","Rebound"],"picked":"Stack+1","floor":13.0},{"not_picked":["Genetic Algorithm+1","Stack+1"],"picked":"Fission+1","floor":14.0},{"not_picked":["Meteor Strike","Seek+1"],"picked":"Machine Learning","floor":16.0},{"not_picked":["Recycle+1","Sweeping Beam"],"picked":"Hologram+1","floor":18.0},{"not_picked":["Compile Driver","Hologram+1"],"picked":"Redo+1","floor":21.0},{"not_picked":["Machine Learning","Force Field+1"],"picked":"Go for the Eyes","floor":23.0},{"not_picked":["Cold Snap","Sunder"],"picked":"Beam Cell","floor":28.0},{"not_picked":["Go for the Eyes","Hello World"],"picked":"Conserve Battery+1","floor":30},{"not_picked":["Sweeping Beam","Rebound"],"picked":"Loop","floor":31}],"player_experience":938718,"relics_obtained":[{"floor":7.0,"key":"War Paint"},{"floor":9.0,"key":"Toxic Egg 2"},{"floor":14.0,"key":"Strawberry"},{"floor":26.0,"key":"CeramicFish"},{"floor":31,"key":"Kunai"}],"event_choices":[{"cards_removed":["Strike_B"],"damage_healed":0.0,"max_hp_gain":0.0,"max_hp_loss":0.0,"gold_gain":0.0,"event_name":"Living Wall","player_choice":"Forget","floor":2.0,"gold_loss":0.0,"damage_taken":0.0},{"damage_healed":0.0,"max_hp_gain":0.0,"max_hp_loss":0.0,"gold_gain":0.0,"event_name":"The Woman in Blue","player_choice":"Bought 1 Potion","floor":11.0,"gold_loss":0.0,"damage_taken":0.0},{"damage_healed":0.0,"max_hp_gain":0.0,"max_hp_loss":0.0,"gold_gain":0.0,"event_name":"The Library","player_choice":"Read","floor":19.0,"gold_loss":0.0,"damage_taken":0.0,"cards_obtained":["Loop"]},{"damage_healed":0.0,"max_hp_gain":0.0,"max_hp_loss":0.0,"gold_gain":0.0,"event_name":"Forgotten Altar","player_choice":"Smashed Altar","floor":24.0,"gold_loss":0.0,"damage_taken":0.0,"cards_obtained":["Decay"]},{"damage_healed":0.0,"max_hp_gain":0.0,"max_hp_loss":0.0,"gold_gain":0.0,"cards_transformed":["Strike_B","Defend_B"],"event_name":"Drug Dealer","player_choice":"Became Test Subject","floor":25.0,"gold_loss":0.0,"damage_taken":0.0,"cards_obtained":["Fission","Chill"]}],"is_beta":false,"boss_relics":[{"not_picked":["Philosopher\u0027s Stone","Nuclear Battery"],"picked":"Inserter"}],"items_purged_floors":[5,20],"is_endless":false,"potions_floor_spawned":[1,7,12,14,23,28],"killed_by":"Collector","ascension_level":17}}