{"host":"9ndbo4kgsfoemf7y","time":1609151060,"event":{"mods":["AchievementEnabler","BaseMod","Colored Map","DeckTracker","Keyboard Shortcuts","Minty Spire (QoL Compilation)","Permanent Neow","Quick Restart","Relic Stats","StSLib","SuperFastMode"],"gold_per_floor":[118,118,118,137,160,200,200,220,220,220,220,240,255,305,305,305,305],"floor_reached":16,"playtime":458,"items_purged":[],"score":122,"play_id":"55db24c5-86db-4503-a4b1-b6dc475958ff","local_time":"20201228192420","is_ascension_mode":true,"campfire_choices":[{"floor":7,"key":"REST"},{"floor":11,"key":"REST"},{"floor":15,"key":"REST"}],"circlet_count":0,"master_deck":["Strike_B","Strike_B","Strike_B+1","Strike_B","Defend_B","Defend_B","Defend_B","Defend_B","Zap+1","Dualcast+1","Thunder Strike","Sweeping Beam","Capacitor","Coolheaded+1","Buffer","Chaos","Defragment","Sunder"],"relics":["Cracked Core","Golden Idol","War Paint","Bottled Tornado","InkBottle"],"acts_visited":["Exordium"],"potions_floor_usage":[6,16,16,16],"damage_taken":[{"damage":13.0,"enemies":"2 Louse","floor":1.0,"turns":4.0},{"damage":0.0,"enemies":"Small Slimes","floor":4.0,"turns":2.0},{"damage":0.0,"enemies":"Cultist","floor":5.0,"turns":3.0},{"damage":32,"enemies":"Lagavulin","floor":6,"turns":8},{"damage":3,"enemies":"Red Slaver","floor":8,"turns":4},{"damage":25,"enemies":"Exordium Thugs","floor":12,"turns":4},{"damage":3,"enemies":"Looter","floor":13,"turns":4},{"damage":31,"enemies":"The Guardian","floor":16,"turns":9}],"seed_played":"8897996932383296018","potions_obtained":[{"floor":1.0,"key":"Strength Potion"},{"floor":5.0,"key":"ColorlessPotion"},{"floor":6,"key":"Swift Potion"},{"floor":13,"key":"EssenceOfSteel"}],"is_trial":false,"path_per_floor":["M","?","?","M","M","E","R","M","T","?","R","M","M","?","R","B"],"character_chosen":"DEFECT","items_purchased":[],"campfire_rested":3,"item_purchase_floors":[],"current_hp_per_floor":[62,62,48,48,48,16,36,33,33,15,35,10,7,7,27,0,0],"gold":305,"neow_bonus":"ONE_RANDOM_RARE_CARD","is_daily":false,"chose_seed":false,"campfire_upgraded":0,"win_rate":0.0,"timestamp":1609151060,"path_taken":["M","?","?","M","M","E","R","M","T","?","R","M","M","?","R","BOSS"],"items_purchased_type":[],"build_version":"2020-12-22","purchased_purges":0,"victory":false,"max_hp_per_floor":[75,69,69,69,69,69,69,69,69,69,69,69,69,69,69,69,69],"relic_stats":{"counters":[8,38],"Golden Idol":28,"War Paint":["Coolheaded","Dualcast"],"obtain_stats":[{"Golden Idol":2,"War Paint":6,"Bottled Tornado":9,"Cracked Core":0,"InkBottle":10},{"Golden Idol":1,"War Paint":4,"Bottled Tornado":5,"Cracked Core":0,"InkBottle":5},{"Golden Idol":4,"War Paint":17,"Bottled Tornado":21,"Cracked Core":0,"InkBottle":21}],"InkBottle":[4]},"card_choices":[{"not_picked":["Auto Shields","BootSequence"],"picked":"Sweeping Beam","floor":1.0},{"not_picked":["Leap","Sweeping Beam"],"picked":"Capacitor","floor":4.0},{"not_picked":["Rebound","Hello World"],"picked":"Coolheaded","floor":5.0},{"not_picked":["Steam","Doom and Gloom"],"picked":"Buffer","floor":6},{"not_picked":["Heatsinks","Darkness"],"picked":"Chaos","floor":8},{"not_picked":["Conserve Battery","Chaos"],"picked":"Defragment","floor":12},{"not_picked":["Go for the Eyes","Tempest"],"picked":"Sunder","floor":13}],"player_experience":761672,"relics_obtained":[{"floor":6,"key":"War Paint"},{"floor":9,"key":"Bottled Tornado"}],"event_choices":[{"damage_healed":0.0,"max_hp_gain":0.0,"max_hp_loss":6.0,"gold_gain":0.0,"event_name":"Golden Idol","player_choice":"Lose Max HP","floor":2.0,"gold_loss":0.0,"damage_taken":0.0,"relics_obtained":["Golden Idol"]},{"damage_healed":0.0,"max_hp_gain":0.0,"max_hp_loss":0.0,"gold_gain":0.0,"event_name":"Shining Light","player_choice":"Entered Light","floor":3.0,"gold_loss":0.0,"damage_taken":14.0,"cards_upgraded":["Zap","Strike_B"]},{"damage_healed":0,"gold_gain":0,"player_choice":"Success","damage_taken":18,"relics_obtained":["InkBottle"],"max_hp_gain":0,"max_hp_loss":0,"event_name":"Scrap Ooze","floor":10,"gold_loss":0},{"damage_healed":0,"gold_gain":50,"player_choice":"Gained Gold","damage_taken":0,"max_hp_gain":0,"max_hp_loss":0,"event_name":"Golden Wing","floor":14,"gold_loss":0}],"is_beta":false,"boss_relics":[],"items_purged_floors":[],"is_endless":false,"potions_floor_spawned":[1,5,6,13],"killed_by":"The Guardian","ascension_level":4}}