{"host":"0cnf9zf1gia27zti","time":1609122359,"event":{"mods":["BaseMod","BetterRewards","Card Forge","Colored Map","Colored Powertips","Conspire","Downfall","Minty Spire (QoL Compilation)","Practice Mode","Quick Restart","Replay The Spire","Robot Space Explorer","Shade Mod","Spicy Shops","StSLib"],"gold_per_floor":[117,10,24,44,44,44,74,92,92,92,110,110,110,123,123,197,197,209,237,28,28,28,28,59,76,76,89,14,14,24,36,36,114,114,128,128,128,78,96,131,151,21,21,21,31,0,25,43,43,43,43],"floor_reached":50,"playtime":5752,"items_purged":["Strike_B","Strike_B"],"score":1409,"play_id":"11050a53-3955-4e6c-b25f-fb8b8a99f607","local_time":"20201228022559","is_ascension_mode":true,"campfire_choices":[{"data":"Scrape","floor":6,"key":"SMITH"},{"data":"Seek","floor":12,"key":"SMITH"},{"data":"Blind","floor":15,"key":"SMITH"},{"data":"Firewall","floor":23,"key":"SMITH"},{"data":"FTL","floor":32,"key":"SMITH"},{"data":"FTL","floor":44,"key":"SMITH"},{"floor":49,"key":"REST"}],"circlet_count":0,"master_deck":["AscendersBane","Defend_B","Defend_B","Defend_B","Defend_B","Zap+1","Self Repair+1","Scrape+1","Master of Strategy","Sweeping Beam","Blind+1","Gash","Gash","conspire:Banana+1","Gash","Bash+1","Seek+1","Conserve Battery","Firewall+1","Beam Cell+1","Scrape+1","BootSequence","FTL+1","Sweeping Beam+1","Go for the Eyes","Go for the Eyes","All For One","Core Surge","All For One","Machine Learning","Scrape+1","FTL+1","FTL+1","Beam Cell"],"relics":["Hammer of Thor","Seething Fire","Anvil of the Gods","BargainBundle","Toy Ornithopter","Iron Core","Replay:Kaleidoscope","Replay:Bottled Flurry","Cursed Key","Question Card","Membership Card","Blood Vial","Darkstone Periapt","Inserter","Replay:PocketPolymizer","Vajra","Cables","Red Mask","The Courier"],"acts_visited":["Exordium","TheCity","TheBeyond"],"potions_floor_usage":[14,16,16,40,40,45,47,48],"damage_taken":[{"damage":0,"enemies":"Cultist","floor":1,"turns":3},{"damage":8,"enemies":"2 Louse","floor":3,"turns":2},{"damage":7,"enemies":"Jaw Worm","floor":4,"turns":3},{"damage":8,"enemies":"Gremlin Nob","floor":7,"turns":3},{"damage":11,"enemies":"Looter","floor":8,"turns":2},{"damage":1,"enemies":"2 Fungi Beasts","floor":11,"turns":3},{"damage":4,"enemies":"Exordium Thugs","floor":14,"turns":3},{"damage":51,"enemies":"Fading Forest","floor":16,"turns":13},{"damage":7,"enemies":"Chosen","floor":18,"turns":5},{"damage":15,"enemies":"conspire:MimicChest","floor":19,"turns":5},{"damage":11,"enemies":"Book of Stabbing","floor":24,"turns":4},{"damage":0,"enemies":"Spheric Guardian","floor":25,"turns":3},{"damage":0,"enemies":"Shelled Parasite and Fungi","floor":27,"turns":2},{"damage":13,"enemies":"Centurion and Healer","floor":30,"turns":4},{"damage":13,"enemies":"Snecko","floor":31,"turns":4},{"damage":28,"enemies":"Pondfish","floor":33,"turns":7},{"damage":37,"enemies":"3 Darklings","floor":35,"turns":4},{"damage":1,"enemies":"Orb Walker","floor":39,"turns":2},{"damage":8,"enemies":"Reptomancer","floor":40,"turns":4},{"damage":8,"enemies":"3 Darklings","floor":41,"turns":3},{"damage":50,"enemies":"Writhing Mass","floor":45,"turns":4},{"damage":0,"enemies":"Nemesis","floor":47,"turns":3},{"damage":18,"enemies":"Spire Growth","floor":48,"turns":3},{"damage":95,"enemies":"conspire:OrnateMirror","floor":50,"turns":5}],"seed_played":"1389191509359965719","potions_obtained":[{"floor":1,"key":"sneckomod:MuddlingPotion"},{"floor":8,"key":"Block Potion"},{"floor":14,"key":"FocusPotion"},{"floor":27,"key":"sneckomod:MuddlingPotion"},{"floor":35,"key":"Fire Potion"},{"floor":41,"key":"Strength Potion"},{"floor":45,"key":"LiquidBronze"},{"floor":47,"key":"Dexterity Potion"}],"is_trial":false,"path_per_floor":["M","$","M","M","?","R","E","M","T","$","M","R","?","M","R","B",null,"M","?","$","?","$","R","E","M","T","M","?","?","M","M","R","B",null,"M","?","?","$","M","E","M","$","T","R","M","?","E","M","R","B"],"character_chosen":"DEFECT","items_purchased":["Self Repair","Scrape","Master of Strategy","BargainBundle","Sweeping Beam","Blind","Toy Ornithopter","conspire:Banana","Membership Card","BootSequence","Vajra","FTL"],"campfire_rested":1,"item_purchase_floors":[0,0,0,0,0,0,0,2,20,20,42,42],"current_hp_per_floor":[71,71,63,64,64,64,66,56,56,56,65,65,65,75,75,41,68,73,70,70,70,70,70,71,85,85,87,87,87,86,87,87,73,88,65,65,65,65,76,92,98,98,104,104,57,57,66,57,90,0,0],"gold":43,"neow_bonus":"","is_daily":false,"chose_seed":false,"campfire_upgraded":6,"win_rate":0.0,"timestamp":1609122359,"path_taken":["M","$","M","?","?","R","E","M","T","$","M","R","?","?","R","BOSS","M","?","$","?","$","R","E","?","T","M","?","?","M","M","R","BOSS","M","?","?","$","M","E","?","$","T","R","M","?","E","M","R","BOSS"],"items_purchased_type":["Card","Card","Card","Relic","Card","Card","Relic","Card","Relic","Card","Relic","Card"],"build_version":"2020-12-22","purchased_purges":2,"victory":false,"max_hp_per_floor":[71,71,71,72,72,72,72,73,73,73,73,73,73,75,75,77,77,79,81,81,81,81,81,83,85,85,87,87,87,89,91,91,93,93,95,95,95,95,95,97,99,99,105,105,107,107,109,111,111,113,113],"card_choices":[{"not_picked":["Rebound","Stack"],"picked":"Gash","floor":1},{"not_picked":["Fusion","Recycle"],"picked":"Gash","floor":3},{"not_picked":["Leap","Amplify","Rebound"],"picked":"SKIP","floor":4},{"not_picked":["Scorching Beam","Flex","Heavy Blade"],"picked":"SKIP","floor":7},{"not_picked":["Coolheaded","Turbo","Rebound"],"picked":"SKIP","floor":8},{"not_picked":["Rebound","Flex"],"picked":"Seek","floor":11},{"not_picked":["Storm","Clash"],"picked":"Conserve Battery","floor":14},{"not_picked":["Creative AI","Hyperbeam"],"picked":"Firewall","floor":16},{"not_picked":["BasicCrystalCard","Chaos"],"picked":"Beam Cell+1","floor":18},{"not_picked":["Barrage","Stack+1","Defragment"],"picked":"FTL","floor":24},{"not_picked":["ReplayTheSpireMod:Repulse","BootSequence+1","Steam Power"],"picked":"Sweeping Beam+1","floor":25},{"not_picked":["Ball Lightning","Sweeping Beam","Genetic Algorithm"],"picked":"Go for the Eyes","floor":27},{"not_picked":["ReplayRNGCard","Coolheaded","Blizzard","Redo"],"picked":"SKIP","floor":30},{"not_picked":["Redo+1","Sunder","Leap"],"picked":"Go for the Eyes","floor":31},{"not_picked":["ReplayRNGCard","Creative AI","Fission"],"picked":"Core Surge","floor":33},{"not_picked":["Leap+1","Defragment+1","Hologram+1","Sweeping Beam"],"picked":"SKIP","floor":35},{"not_picked":["Coolheaded","ReplaySolidLightProjector","Beam Cell"],"picked":"Machine Learning","floor":39},{"not_picked":["BasicCrystalCard","Coolheaded","Cold Snap"],"picked":"Scrape","floor":40},{"not_picked":["Ball Lightning+1","Turbo","Hologram"],"picked":"FTL","floor":41},{"not_picked":["Sunder","Mirror Shield","Leap","Redo"],"picked":"SKIP","floor":45},{"not_picked":["Leap","Heatsinks","Ball Lightning"],"picked":"Beam Cell","floor":47},{"not_picked":["Ball Lightning","ReplayTheSpireMod:Dual Polarity+1","conspire:Rain","Time Bomb+1"],"picked":"SKIP","floor":48}],"player_experience":2655385,"relics_obtained":[{"floor":7,"key":"Replay:Kaleidoscope"},{"floor":9,"key":"Replay:Bottled Flurry"},{"floor":19,"key":"Question Card"},{"floor":24,"key":"Blood Vial"},{"floor":26,"key":"Darkstone Periapt"},{"floor":40,"key":"Replay:PocketPolymizer"},{"floor":43,"key":"Cables"},{"floor":47,"key":"The Courier"}],"event_choices":[{"cards_removed":["Strike_B"],"damage_healed":0,"gold_gain":0,"player_choice":"Offered Basic","damage_taken":0,"max_hp_gain":0,"max_hp_loss":0,"event_name":"Bonfire Elementals","floor":13,"gold_loss":0},{"damage_healed":0,"gold_gain":0,"player_choice":"Upgraded","damage_taken":0,"max_hp_gain":0,"max_hp_loss":0,"event_name":"Upgrade Shrine","floor":21,"gold_loss":0,"cards_upgraded":["Scrape"]},{"cards_removed":["Strike_B"],"damage_healed":0,"gold_gain":0,"player_choice":"Gave Gold","damage_taken":0,"max_hp_gain":0,"max_hp_loss":0,"event_name":"Beggar","floor":28,"gold_loss":75},{"damage_healed":0,"gold_gain":0,"player_choice":"Copied","damage_taken":0,"max_hp_gain":0,"max_hp_loss":0,"event_name":"Duplicator","floor":37,"gold_loss":0,"cards_obtained":["All For One"]},{"damage_healed":0,"gold_gain":0,"player_choice":"Paid","damage_taken":0,"relics_obtained":["Red Mask"],"max_hp_gain":0,"max_hp_loss":0,"event_name":"Tomb of Lord Red Mask","floor":46,"gold_loss":31}],"is_beta":false,"boss_relics":[{"not_picked":["Replay:Wanted Poster","Snecko Eye"],"picked":"Cursed Key"},{"not_picked":["Sozu","Kintsugi"],"picked":"Inserter"}],"items_purged_floors":[0,38],"is_endless":false,"potions_floor_spawned":[1,8,14,27,35,41,45,47],"killed_by":"conspire:OrnateMirror","ascension_level":19}}