{"host":"d9m9v0h6vo0edadb","time":1609145941,"event":{"mods":["BaseMod","Hermit","Keyboard Shortcuts","Minty Spire (QoL Compilation)","StSLib","SuperFastMode","The Cursed"],"gold_per_floor":[119,139,64,64,64,64,75,88,138,38,68,83,114,132,132,208,208,219,134,9,9,9,9,9],"floor_reached":23,"playtime":405,"items_purged":["Strike_R","Strike_R","Strike_R"],"score":398,"play_id":"a5011846-0c36-4758-a56b-acf802d9d4e2","local_time":"20201228175901","is_ascension_mode":true,"campfire_choices":[{"data":"Bash","floor":6.0,"key":"SMITH"},{"floor":15.0,"key":"REST"}],"circlet_count":0,"master_deck":["AscendersBane","Strike_R","Defend_R","Defend_R","Defend_R","Bash+1","Dropkick","Carnage","Burning Pact","Battle Trance","Offering"],"relics":["Burning Blood","Orichalcum","Oddly Smooth Stone","Pocketwatch","Paper Frog","SacredBark","Eternal Feather"],"acts_visited":["Exordium","TheCity"],"potions_floor_usage":[23,23],"damage_taken":[{"damage":3.0,"enemies":"2 Louse","floor":1.0,"turns":4.0},{"damage":17.0,"enemies":"Small Slimes","floor":2.0,"turns":5.0},{"damage":4.0,"enemies":"Jaw Worm","floor":7.0,"turns":3.0},{"damage":6.0,"enemies":"Looter","floor":8.0,"turns":3.0},{"damage":22.0,"enemies":"Lagavulin","floor":11.0,"turns":4.0},{"damage":12.0,"enemies":"Exordium Wildlife","floor":12.0,"turns":4.0},{"damage":20.0,"enemies":"Gremlin Nob","floor":13.0,"turns":4.0},{"damage":3.0,"enemies":"2 Fungi Beasts","floor":14.0,"turns":3.0},{"damage":32.0,"enemies":"Hexaghost","floor":16.0,"turns":8.0},{"damage":32.0,"enemies":"Spheric Guardian","floor":18.0,"turns":5.0},{"damage":37,"enemies":"Book of Stabbing","floor":23,"turns":5}],"seed_played":"-7270550813975694969","potions_obtained":[{"floor":1.0,"key":"ElixirPotion"},{"floor":2.0,"key":"LiquidMemories"},{"floor":12.0,"key":"CultistPotion"},{"floor":13.0,"key":"Explosive Potion"},{"floor":16.0,"key":"Block Potion"},{"floor":18.0,"key":"SpeedPotion"}],"is_trial":false,"path_per_floor":["M","M","$","?","?","R","M","M","T","$","E","M","E","M","R","B",null,"M","?","$","?","?","E"],"character_chosen":"IRONCLAD","items_purchased":[],"campfire_rested":1,"item_purchase_floors":[],"current_hp_per_floor":[71,60,60,55,55,55,57,57,57,57,41,35,21,24,46,20,61,35,35,35,35,35,0,0],"gold":9,"neow_bonus":"REMOVE_CARD","is_daily":false,"chose_seed":false,"campfire_upgraded":1,"win_rate":0.0,"timestamp":1609145941,"path_taken":["M","M","$","?","?","R","M","M","T","$","E","M","E","M","R","BOSS","M","?","$","?","?","E"],"items_purchased_type":[],"build_version":"2020-12-22","purchased_purges":3,"victory":false,"max_hp_per_floor":[75,75,75,75,75,75,75,75,75,75,75,75,75,75,75,75,75,75,75,75,75,75,75,75],"card_choices":[{"not_picked":["Havoc","Fire Breathing","Iron Wave"],"picked":"SKIP","floor":1.0},{"not_picked":["Pommel Strike","Battle Trance"],"picked":"Dropkick","floor":2.0},{"not_picked":["True Grit","Sever Soul"],"picked":"Carnage","floor":7.0},{"not_picked":["Havoc","Metallicize"],"picked":"Burning Pact","floor":8.0},{"not_picked":["Power Through","Juggernaut"],"picked":"Battle Trance","floor":11.0},{"not_picked":["Armaments","Dark Embrace","Clothesline"],"picked":"SKIP","floor":12.0},{"not_picked":["Carnage","Perfected Strike","Brutality"],"picked":"SKIP","floor":13.0},{"not_picked":["Dark Embrace","True Grit","Iron Wave"],"picked":"SKIP","floor":14.0},{"not_picked":["Juggernaut","Brutality"],"picked":"Offering","floor":16.0},{"not_picked":["Iron Wave","Havoc","Sword Boomerang"],"picked":"SKIP","floor":18.0}],"player_experience":943758,"relics_obtained":[{"floor":9.0,"key":"Oddly Smooth Stone"},{"floor":11.0,"key":"Pocketwatch"},{"floor":13.0,"key":"Paper Frog"}],"event_choices":[{"damage_healed":0.0,"max_hp_gain":0.0,"max_hp_loss":0.0,"gold_gain":0.0,"event_name":"Scrap Ooze","player_choice":"Success","floor":4.0,"gold_loss":0.0,"damage_taken":5.0,"relics_obtained":["Orichalcum"]},{"cards_removed":["Defend_R"],"damage_healed":0.0,"max_hp_gain":0.0,"max_hp_loss":0.0,"gold_gain":0.0,"event_name":"Living Wall","player_choice":"Forget","floor":5.0,"gold_loss":0.0,"damage_taken":0.0},{"damage_healed":0.0,"max_hp_gain":0.0,"max_hp_loss":0.0,"gold_gain":0.0,"event_name":"Addict","player_choice":"Obtained Relic","floor":19.0,"gold_loss":85.0,"damage_taken":0.0,"relics_obtained":["Eternal Feather"]},{"damage_healed":0.0,"max_hp_gain":0.0,"max_hp_loss":0.0,"gold_gain":0.0,"event_name":"Ghosts","player_choice":"Ignored","floor":21.0,"gold_loss":0.0,"damage_taken":0.0},{"damage_healed":0.0,"max_hp_gain":0.0,"max_hp_loss":0.0,"gold_gain":0.0,"event_name":"Cursed Tome","player_choice":"Ignored","floor":22.0,"gold_loss":0.0,"damage_taken":0.0}],"is_beta":false,"boss_relics":[{"not_picked":["Cursed Key","Mark of Pain"],"picked":"SacredBark"}],"items_purged_floors":[3,10,20],"is_endless":false,"potions_floor_spawned":[1,2,12,13,16,18],"killed_by":"Book of Stabbing","ascension_level":20}}