{"host":"1eo5f82aifdzd7pr","time":1609136418,"event":{"mods":["AchievementEnabler","BaseMod","Colored Map","Colored Powertips","DeckTracker","Minty Spire (QoL Compilation)","SuperFastMode","The Servant 0.9.4"],"gold_per_floor":[115,132,151,170,95,95,114,114,138,138,151,151,151,162,162,263,263,278,298,44,59,59,59,89,89,89,89,89,89,101,116,116,221,221,238,257,257,269,144,144,159,185,211,211,226,250,250,278,278,278],"floor_reached":51,"playtime":4096,"items_purged":["Defend_S","Strike_S","Strike_S"],"score":857,"play_id":"fa254d69-204c-414d-97db-1168ccb60dbf","local_time":"20201228082018","is_ascension_mode":true,"campfire_choices":[{"data":"ShatteredReality","floor":6,"key":"SMITH"},{"data":"Exchange","floor":8,"key":"SMITH"},{"data":"KidneyShot","floor":10,"key":"SMITH"},{"data":"SilverBlades","floor":12,"key":"SMITH"},{"data":"Starlight","floor":15,"key":"SMITH"},{"data":"Defy","floor":23,"key":"SMITH"},{"data":"InstantArmor","floor":25,"key":"SMITH"},{"data":"Rearm","floor":27,"key":"SMITH"},{"data":"Dilation","floor":32,"key":"SMITH"},{"data":"FloweringNight","floor":40,"key":"SMITH"},{"data":"GearUp","floor":44,"key":"SMITH"},{"data":"Rewind","floor":49,"key":"SMITH"}],"circlet_count":0,"master_deck":["Strike_S","Strike_S","Defend_S","Defend_S","Defend_S","KidneyShot+1","Exchange+1","Rewind+1","ShatteredReality+1","SurpressingFire+1","SilverBlades+1","InstantArmor+1","GearUp+1","Rearm+1","Starlight+1","Dilation+1","Defy+1","ShatteredReality+1","FloweringNight+1","Starlight+1","Parasite"],"relics":["Uniform","Centennial Puzzle","MealTicket","StoneMask","Vajra","Potion Belt","Strawberry","Molten Egg 2","Busted Crown","Art of War","Happy Flower","Boot","Oddly Smooth Stone"],"acts_visited":["Exordium","TheCity","TheBeyond"],"potions_floor_usage":[4,16,19,24,31,33,45,50,50,50,50],"damage_taken":[{"damage":5,"enemies":"Jaw Worm","floor":1,"turns":5},{"damage":0,"enemies":"Cultist","floor":2,"turns":4},{"damage":0,"enemies":"Small Slimes","floor":3,"turns":3},{"damage":1,"enemies":"Gremlin Gang","floor":4,"turns":3},{"damage":7,"enemies":"Looter","floor":7,"turns":3},{"damage":1,"enemies":"Exordium Wildlife","floor":11,"turns":4},{"damage":0,"enemies":"Large Slime","floor":14,"turns":6},{"damage":6,"enemies":"Hexaghost","floor":16,"turns":8},{"damage":5,"enemies":"3 Byrds","floor":18,"turns":4},{"damage":0,"enemies":"Chosen","floor":19,"turns":5},{"damage":2,"enemies":"Snake Plant","floor":21,"turns":4},{"damage":0,"enemies":"Book of Stabbing","floor":24,"turns":5},{"damage":0,"enemies":"Shelled Parasite and Fungi","floor":30,"turns":3},{"damage":1,"enemies":"Snecko","floor":31,"turns":3},{"damage":2,"enemies":"Collector","floor":33,"turns":12},{"damage":0,"enemies":"Orb Walker","floor":35,"turns":4},{"damage":0,"enemies":"3 Shapes","floor":36,"turns":3},{"damage":15,"enemies":"Jaw Worm Horde","floor":38,"turns":3},{"damage":0,"enemies":"Writhing Mass","floor":41,"turns":5},{"damage":14,"enemies":"Reptomancer","floor":42,"turns":7},{"damage":9,"enemies":"4 Shapes","floor":45,"turns":4},{"damage":0,"enemies":"Nemesis","floor":48,"turns":5},{"damage":0,"enemies":"Awakened One","floor":50,"turns":8}],"seed_played":"6905739771045251492","potions_obtained":[{"floor":2,"key":"DuplicationPotion"},{"floor":3,"key":"Explosive Potion"},{"floor":11,"key":"LiquidBronze"},{"floor":16,"key":"Strength Potion"},{"floor":18,"key":"ColorlessPotion"},{"floor":19,"key":"Dexterity Potion"},{"floor":21,"key":"Strength Potion"},{"floor":30,"key":"Dexterity Potion"},{"floor":31,"key":"FearPotion"},{"floor":36,"key":"Energy Potion"},{"floor":41,"key":"Strength Potion"},{"floor":42,"key":"ColorlessPotion"},{"floor":45,"key":"Energy Potion"}],"is_trial":false,"path_per_floor":["M","M","M","M","$","R","M","R","T","R","M","R","?","M","R","B",null,"M","M","$","M","?","R","E","R","T","R","?","?","M","M","R","B",null,"M","M","?","M","$","R","M","E","T","R","M","T","?","E","R","B",null],"character_chosen":"THE_SERVANT","items_purchased":["Vajra"],"campfire_rested":0,"item_purchase_floors":[20],"current_hp_per_floor":[60,60,60,59,59,59,52,52,52,52,51,51,51,51,51,45,65,68,69,69,70,70,70,78,78,78,78,78,78,80,81,81,82,82,83,86,82,74,85,85,86,75,75,75,78,78,78,81,81,93],"gold":278,"neow_bonus":"RANDOM_COMMON_RELIC","is_daily":false,"chose_seed":false,"campfire_upgraded":12,"win_rate":0.0,"timestamp":1609136418,"path_taken":["M","M","M","M","$","R","M","R","T","R","M","R","?","M","R","BOSS","M","M","$","M","?","R","E","R","T","R","?","?","M","?","R","BOSS","M","?","?","M","$","R","M","E","T","R","M","?","?","E","R","BOSS"],"items_purchased_type":["Relic"],"build_version":"2020-12-22","purchased_purges":3,"victory":true,"max_hp_per_floor":[65,65,65,65,65,65,65,65,65,65,65,65,65,65,65,65,65,68,69,69,70,70,70,78,78,78,78,78,78,80,81,81,82,82,83,86,82,85,85,85,86,87,87,87,91,91,91,92,92,96],"card_choices":[{"not_picked":["Unruled","Foresight"],"picked":"Rewind","floor":1},{"not_picked":["TimeWarp","DoubleEdge"],"picked":"ShatteredReality","floor":2},{"not_picked":["Contraction","FastForward"],"picked":"SurpressingFire","floor":3},{"not_picked":["Contraction","Misdirection"],"picked":"SilverBlades","floor":4},{"not_picked":["Defy","MoonPhase"],"picked":"InstantArmor","floor":7},{"not_picked":["Alleviate","Barrier"],"picked":"GearUp","floor":11},{"not_picked":["FloweringNight","Read"],"picked":"Starlight","floor":14},{"not_picked":["LightFlow","Duplication"],"picked":"Dilation","floor":16},{"not_picked":["DoubleEdge+1","GearUp"],"picked":"Defy","floor":18},{"not_picked":["Alleviate","Snipe+1","Rearm+1"],"picked":"SKIP","floor":19},{"not_picked":["Spin","FastForward","SpecialFormula+1"],"picked":"SKIP","floor":21},{"not_picked":["Rewind","Desolation","Spin+1"],"picked":"SKIP","floor":24},{"not_picked":["Revamp","Collapse+1"],"picked":"ShatteredReality+1","floor":30},{"not_picked":["Replace","MoonPhase","Rewind"],"picked":"SKIP","floor":31},{"not_picked":["Dilation","TheWorld"],"picked":"FloweringNight","floor":33},{"not_picked":[],"picked":"Starlight+1","floor":35},{"not_picked":["SurpressingFire"],"picked":"SKIP","floor":36},{"not_picked":["SurpressingFire"],"picked":"SKIP","floor":38},{"not_picked":["Rearm"],"picked":"SKIP","floor":41},{"not_picked":["Starlight+1"],"picked":"SKIP","floor":42},{"not_picked":["Spin+1"],"picked":"SKIP","floor":45},{"not_picked":["Alleviate"],"picked":"SKIP","floor":48}],"player_experience":713198,"relics_obtained":[{"floor":9,"key":"MealTicket"},{"floor":24,"key":"Strawberry"},{"floor":26,"key":"Molten Egg 2"},{"floor":42,"key":"Art of War"},{"floor":43,"key":"Happy Flower"},{"floor":46,"key":"Boot"},{"floor":48,"key":"Oddly Smooth Stone"}],"event_choices":[{"damage_healed":0,"gold_gain":0,"player_choice":"1 cards matched","damage_taken":0,"max_hp_gain":0,"max_hp_loss":0,"event_name":"Match and Keep!","floor":13,"gold_loss":0,"cards_obtained":["Rearm"]},{"damage_healed":0,"gold_gain":0,"player_choice":"Opened","damage_taken":0,"relics_obtained":["Potion Belt"],"max_hp_gain":0,"max_hp_loss":0,"event_name":"The Mausoleum","floor":22,"gold_loss":0},{"damage_healed":0,"gold_gain":0,"player_choice":"Ignored","damage_taken":0,"max_hp_gain":0,"max_hp_loss":0,"event_name":"Ghosts","floor":28,"gold_loss":0},{"damage_healed":0,"gold_gain":0,"player_choice":"Forge","damage_taken":0,"max_hp_gain":0,"max_hp_loss":0,"event_name":"Accursed Blacksmith","floor":29,"gold_loss":0,"cards_upgraded":["SurpressingFire"]},{"damage_healed":0,"gold_gain":0,"player_choice":"Max HP","damage_taken":0,"max_hp_gain":0,"max_hp_loss":4,"event_name":"Winding Halls","floor":37,"gold_loss":0},{"damage_healed":0,"gold_gain":0,"player_choice":"Memory 1","damage_taken":0,"max_hp_gain":0,"max_hp_loss":0,"event_name":"SensoryStone","floor":47,"gold_loss":0}],"is_beta":false,"boss_relics":[{"not_picked":["Astrolabe","Runic Dome"],"picked":"StoneMask"},{"not_picked":["Calling Bell","Fusion Hammer"],"picked":"Busted Crown"}],"items_purged_floors":[5,20,39],"is_endless":false,"potions_floor_spawned":[2,3,11,16,18,19,21,30,31,36,41,42,45],"ascension_level":1}}