{"host":"6pgtslebjnyv5xmi","time":1609166035,"event":{"mods":["AchievementEnabler","BaseMod","Colored Map","Minty Spire (QoL Compilation)","Rare Cards Sparkle","StSLib","SuperFastMode","The Dragon Tamer","everything is the same but u backflip on backflip"],"gold_per_floor":[118,43,43,43,63,93,111,111,111,146,164,134,134,0,0,98,98,88,88,14,14,194,223,223,235,281,156,166,184,203,236,236,337,337,353,353,105,124,142,142,167,167,167,0,0,19,34,45,45,45],"floor_reached":51,"playtime":3793,"items_purged":["Strike_G","Strike_G","Strike_G"],"score":1085,"play_id":"5b4dc390-4933-4132-8cad-25889c2e6984","local_time":"20201228233355","is_ascension_mode":true,"campfire_choices":[{"data":"Caltrops","floor":8.0,"key":"SMITH"},{"data":"Concentrate","floor":13.0,"key":"SMITH"},{"data":"Noxious Fumes","floor":15.0,"key":"SMITH"},{"floor":24,"key":"REST"},{"data":"After Image","floor":32,"key":"SMITH"},{"data":"Grand Finale","floor":40,"key":"SMITH"},{"floor":49,"key":"REST"}],"circlet_count":0,"master_deck":["Defend_G","Defend_G","Defend_G","Defend_G","Survivor","Caltrops+1","Backstab","Grand Finale+1","Reflex","Concentrate+1","PiercingWail","Noxious Fumes+1","Wraith Form v2","CurseOfTheBell","Well Laid Plans","Acrobatics","Caltrops","After Image+1","Acrobatics","Prepared","A Thousand Cuts","Calculated Gamble","Parasite"],"relics":["Ring of the Snake","NeowsBlessing","CultistMask","TungstenRod","Tingsha","PreservedInsect","Calling Bell","Oddly Smooth Stone","Mummified Hand","Du-Vu Doll","Unceasing Top","Vajra","Bag of Preparation","Runic Dome","Letter Opener","Smiling Mask","Centennial Puzzle","Red Mask"],"acts_visited":["Exordium","TheCity","TheBeyond"],"potions_floor_usage":[18,18,18,18,41,47,50,50],"damage_taken":[{"damage":0.0,"enemies":"Jaw Worm","floor":1.0,"turns":1.0},{"damage":0.0,"enemies":"Small Slimes","floor":5.0,"turns":1.0},{"damage":0.0,"enemies":"3 Sentries","floor":6.0,"turns":1.0},{"damage":0.0,"enemies":"Cultist","floor":7.0,"turns":5.0},{"damage":21.0,"enemies":"Gremlin Nob","floor":10.0,"turns":4.0},{"damage":0.0,"enemies":"Large Slime","floor":11.0,"turns":6.0},{"damage":7.0,"enemies":"The Guardian","floor":16.0,"turns":10.0},{"damage":10,"enemies":"2 Thieves","floor":18,"turns":4},{"damage":14,"enemies":"Slavers","floor":23,"turns":5},{"damage":0,"enemies":"Shell Parasite","floor":25,"turns":5},{"damage":0,"enemies":"Snake Plant","floor":28,"turns":5},{"damage":0,"enemies":"Centurion and Healer","floor":29,"turns":6},{"damage":0,"enemies":"Chosen and Byrds","floor":30,"turns":6},{"damage":0,"enemies":"Book of Stabbing","floor":31,"turns":4},{"damage":0,"enemies":"Collector","floor":33,"turns":5},{"damage":6,"enemies":"3 Shapes","floor":35,"turns":3},{"damage":0,"enemies":"3 Darklings","floor":38,"turns":2},{"damage":5,"enemies":"Spire Growth","floor":39,"turns":4},{"damage":13,"enemies":"Reptomancer","floor":41,"turns":6},{"damage":2,"enemies":"Writhing Mass","floor":46,"turns":4},{"damage":14,"enemies":"Sphere and 2 Shapes","floor":47,"turns":5},{"damage":0,"enemies":"Jaw Worm Horde","floor":48,"turns":2},{"damage":5,"enemies":"Awakened One","floor":50,"turns":6}],"seed_played":"-98140709097390457","potions_obtained":[{"floor":1.0,"key":"CultistPotion"},{"floor":7.0,"key":"Poison Potion"},{"floor":10.0,"key":"SteroidPotion"},{"floor":12.0,"key":"EntropicBrew"},{"floor":12.0,"key":"GhostInAJar"},{"floor":23,"key":"AttackPotion"},{"floor":25,"key":"Energy Potion"},{"floor":29,"key":"GamblersBrew"},{"floor":33,"key":"Ancient Potion"},{"floor":41,"key":"SkillPotion"}],"is_trial":false,"path_per_floor":["M","$","?","?","M","E","M","R","T","E","M","?","R","$","R","B",null,"M","?","$","?","?","E","R","M","T","$","M","M","M","E","R","B",null,"M","?","$","M","M","R","E","?","T","?","?","M","M","M","R","B",null],"character_chosen":"THE_SILENT","items_purchased":["Noxious Fumes","Caltrops","Letter Opener"],"campfire_rested":2,"item_purchase_floors":[14,20,37],"current_hp_per_floor":[63,63,63,63,63,63,63,63,63,42,42,42,42,42,42,35,61,51,51,51,51,35,21,42,42,42,42,42,42,42,42,42,42,63,57,57,57,57,52,52,39,39,39,39,39,37,23,23,44,39],"gold":45,"neow_bonus":"THREE_ENEMY_KILL","is_daily":false,"chose_seed":false,"campfire_upgraded":5,"win_rate":0.0,"timestamp":1609166035,"path_taken":["M","$","?","?","M","E","M","R","T","E","?","?","R","?","R","BOSS","M","?","$","?","?","E","R","M","T","$","M","M","M","E","R","BOSS","M","?","$","M","M","R","E","?","T","?","?","?","?","M","R","BOSS"],"items_purchased_type":["Card","Card","Relic"],"build_version":"2020-12-22","purchased_purges":3,"victory":true,"max_hp_per_floor":[70,70,70,70,70,70,70,70,70,70,70,70,70,70,70,70,70,70,70,70,70,70,70,70,70,70,70,70,70,70,70,70,70,70,70,70,70,70,70,70,70,70,70,70,70,70,70,70,70,70],"card_choices":[{"not_picked":["Riddle With Holes","Bane"],"picked":"Caltrops","floor":1.0},{"not_picked":["Deflect","Choke"],"picked":"Backstab","floor":5.0},{"not_picked":["Riddle With Holes","Corpse Explosion"],"picked":"Grand Finale","floor":6.0},{"not_picked":["Dodge and Roll","Blade Dance"],"picked":"Reflex","floor":7.0},{"not_picked":["A Thousand Cuts","Outmaneuver"],"picked":"Concentrate","floor":10.0},{"not_picked":["Distraction","Cloak And Dagger"],"picked":"PiercingWail","floor":11.0},{"not_picked":["Doppelganger","Burst"],"picked":"Wraith Form v2","floor":16.0},{"not_picked":["PiercingWail","Leg Sweep"],"picked":"Well Laid Plans","floor":18},{"not_picked":["Distraction+1","Finisher+1","Endless Agony"],"picked":"SKIP","floor":23},{"not_picked":["Cloak And Dagger","Outmaneuver"],"picked":"Acrobatics","floor":25},{"not_picked":["Backflip","Heel Hook"],"picked":"Prepared","floor":28},{"not_picked":["Cloak And Dagger","Flechettes+1","Flying Knee"],"picked":"SKIP","floor":29},{"not_picked":["Blade Dance+1","Dash","Sucker Punch+1"],"picked":"SKIP","floor":30},{"not_picked":["Dash","Acrobatics"],"picked":"A Thousand Cuts","floor":31},{"not_picked":["Sucker Punch","Tactician+1","Escape Plan+1"],"picked":"SKIP","floor":35},{"not_picked":["Sucker Punch","Cloak And Dagger+1","Flechettes+1"],"picked":"SKIP","floor":38},{"not_picked":["Skewer","Footwork+1","Acrobatics+1"],"picked":"SKIP","floor":39},{"not_picked":["Cloak And Dagger","Dagger Throw"],"picked":"Calculated Gamble","floor":41},{"not_picked":["Bane+1","Concentrate+1","Acrobatics"],"picked":"SKIP","floor":46},{"not_picked":["Backstab","Blade Dance","Quick Slash+1"],"picked":"SKIP","floor":47},{"not_picked":["Sucker Punch","Dodge and Roll+1","Blur+1"],"picked":"SKIP","floor":48}],"player_experience":562710,"relics_obtained":[{"floor":6.0,"key":"TungstenRod"},{"floor":9.0,"key":"Tingsha"},{"floor":10.0,"key":"PreservedInsect"},{"floor":17.0,"key":"Oddly Smooth Stone"},{"floor":17.0,"key":"Mummified Hand"},{"floor":17.0,"key":"Du-Vu Doll"},{"floor":23,"key":"Unceasing Top"},{"floor":26,"key":"Vajra"},{"floor":31,"key":"Bag of Preparation"},{"floor":41,"key":"Smiling Mask"},{"floor":43,"key":"Centennial Puzzle"}],"event_choices":[{"cards_removed":["Defend_G"],"damage_healed":0.0,"max_hp_gain":0.0,"max_hp_loss":0.0,"gold_gain":0.0,"event_name":"Living Wall","player_choice":"Forget","floor":3.0,"gold_loss":0.0,"damage_taken":0.0},{"damage_healed":0.0,"max_hp_gain":0.0,"max_hp_loss":0.0,"gold_gain":0.0,"event_name":"FaceTrader","player_choice":"Trade","floor":4.0,"gold_loss":0.0,"damage_taken":0.0,"relics_obtained":["CultistMask"]},{"damage_healed":0.0,"max_hp_gain":0.0,"max_hp_loss":0.0,"gold_gain":0.0,"event_name":"The Woman in Blue","player_choice":"Bought 2 Potions","floor":12.0,"gold_loss":0.0,"damage_taken":0.0},{"damage_healed":0,"gold_gain":0,"player_choice":"Read","damage_taken":0,"max_hp_gain":0,"max_hp_loss":0,"event_name":"The Library","floor":19,"gold_loss":0,"cards_obtained":["Acrobatics"]},{"damage_healed":0,"gold_gain":0,"cards_transformed":["Strike_G","Strike_G"],"player_choice":"Became Test Subject","damage_taken":0,"max_hp_gain":0,"max_hp_loss":0,"event_name":"Drug Dealer","floor":21,"gold_loss":0,"cards_obtained":["After Image","Storm of Steel"]},{"damage_healed":0,"gold_gain":180,"player_choice":"GOLD GOLD ","damage_taken":19,"max_hp_gain":0,"max_hp_loss":0,"event_name":"Knowing Skull","floor":22,"potions_obtained":[],"gold_loss":0,"cards_obtained":[]},{"cards_removed":["Neutralize"],"damage_healed":0,"gold_gain":0,"player_choice":"Removed Attack","damage_taken":0,"max_hp_gain":0,"max_hp_loss":0,"event_name":"Falling","floor":36,"gold_loss":0},{"damage_healed":0,"gold_gain":0,"player_choice":"Memory 1","damage_taken":0,"max_hp_gain":0,"max_hp_loss":0,"event_name":"SensoryStone","floor":42,"gold_loss":0},{"damage_healed":0,"gold_gain":0,"player_choice":"Paid","damage_taken":0,"relics_obtained":["Red Mask"],"max_hp_gain":0,"max_hp_loss":0,"event_name":"Tomb of Lord Red Mask","floor":44,"gold_loss":167},{"cards_removed":["Storm of Steel"],"damage_healed":0,"gold_gain":0,"player_choice":"Card Removal","damage_taken":0,"max_hp_gain":0,"max_hp_loss":0,"event_name":"Wheel of Change","floor":45,"gold_loss":0}],"is_beta":false,"boss_relics":[{"not_picked":["Sozu","Fusion Hammer"],"picked":"Calling Bell"},{"not_picked":["Coffee Dripper","SlaversCollar"],"picked":"Runic Dome"}],"items_purged_floors":[2,14,27],"is_endless":false,"potions_floor_spawned":[1,7,10,23,25,29,33,35,39,41,46],"ascension_level":8}}