{"host":"x4eg333i40dafwq4","time":1609124104,"event":{"mods":["AchievementEnabler","BaseMod","Bestiary","Colored Powertips","Minty Spire (QoL Compilation)","Relic Stats"],"gold_per_floor":[119,138,153,166,166,166,166,166],"floor_reached":7,"playtime":358,"items_purged":[],"score":82,"play_id":"112d2aab-d08e-4ed7-81a2-fb8cd8637976","local_time":"20201227215504","is_ascension_mode":true,"campfire_choices":[{"data":"Streamline","floor":6,"key":"SMITH"}],"circlet_count":0,"master_deck":["AscendersBane","Strike_B","Strike_B","Strike_B","Strike_B","Defend_B","Defend_B","Defend_B","Defend_B","Zap","Dualcast","Streamline+1","Self Repair","Glacier"],"relics":["Cracked Core","Torii"],"acts_visited":["Exordium"],"potions_floor_usage":[4],"damage_taken":[{"damage":7,"enemies":"2 Louse","floor":1,"turns":3},{"damage":0,"enemies":"Small Slimes","floor":2,"turns":3},{"damage":0,"enemies":"Cultist","floor":3,"turns":3},{"damage":30,"enemies":"Gremlin Gang","floor":4,"turns":4},{"damage":57,"enemies":"Gremlin Nob","floor":7,"turns":4}],"seed_played":"8505239038498237310","potions_obtained":[{"floor":3,"key":"Energy Potion"}],"is_trial":false,"path_per_floor":["M","M","M","M","?","R","E"],"character_chosen":"DEFECT","items_purchased":[],"campfire_rested":0,"item_purchase_floors":[],"current_hp_per_floor":[64,64,64,41,30,30,0,0],"gold":166,"neow_bonus":"TEN_PERCENT_HP_BONUS","is_daily":false,"chose_seed":false,"campfire_upgraded":1,"win_rate":0.0,"timestamp":1609124104,"path_taken":["M","M","M","M","?","R","E"],"items_purchased_type":[],"build_version":"2020-12-22","purchased_purges":0,"victory":false,"max_hp_per_floor":[78,78,78,78,78,78,78,78],"relic_stats":{"Torii":0,"counters":[5,17],"obtain_stats":[{"Torii":5,"Cracked Core":0},{"Torii":4,"Cracked Core":0},{"Torii":13,"Cracked Core":0}]},"card_choices":[{"not_picked":["Stack","Double Energy"],"picked":"Streamline","floor":1},{"not_picked":["Gash","Storm","Tempest"],"picked":"SKIP","floor":2},{"not_picked":["Hologram","Capacitor"],"picked":"Self Repair","floor":3},{"not_picked":["Coolheaded","Auto Shields"],"picked":"Glacier","floor":4}],"player_experience":1424886,"relics_obtained":[],"event_choices":[{"damage_healed":0,"gold_gain":0,"player_choice":"Success","damage_taken":11,"relics_obtained":["Torii"],"max_hp_gain":0,"max_hp_loss":0,"event_name":"Scrap Ooze","floor":5,"gold_loss":0}],"is_beta":false,"boss_relics":[],"items_purged_floors":[],"is_endless":false,"potions_floor_spawned":[3],"killed_by":"Gremlin Nob","ascension_level":18}}