{"host":"s1vy8rtdj748rey3","time":1609171610,"event":{"mods":["Aspiration","BaseMod","Beaked The Cultist","BetterRewards","Block Reminder","Conspire","Downfall","Friendly Minions","GifTheSpireLib","Halation","Hermit","Hubris","Infinite Spire","Jorbs\u0027s Wanderer Trilogy","Lobotomy","LobotomyExtend","Minty Spire (QoL Compilation)","Rare Cards Sparkle","Replay The Spire","Small Relic Pack","StSLib","Stuff the Spire","Transform Curses","Waifu the Spire","vexMod"],"gold_per_floor":[114,4,24,39,15,40,40,60,87,87,121,180,198,198,198,198,198],"floor_reached":16,"playtime":677,"items_purged":[],"score":176,"play_id":"9ba4a140-9b15-462e-a976-14427aa1b0fb","local_time":"20201228200650","is_ascension_mode":true,"campfire_choices":[{"floor":7,"key":"REST"},{"data":"hermit:Maintenance","floor":10,"key":"SMITH"},{"floor":15,"key":"REST"}],"circlet_count":0,"master_deck":["hermit:Strike_Hermit","hermit:Strike_Hermit","hermit:Strike_Hermit","hermit:Strike_Hermit","hermit:Defend_Hermit","hermit:Defend_Hermit","hermit:Defend_Hermit","hermit:Defend_Hermit","hermit:Snapshot","hermit:Covet","hermit:Determination","hermit:Desperado","hermit:TrackingShot","hermit:Headshot","hermit:Ricochet+1","hermit:EyeOfTheStorm","hermit:SprayPray","hermit:LowProfile","hermit:SprayPray","hermit:Magnum","hermit:Maintenance+1","hermit:Deadeye","hermit:ItchyTrigger","StuffTheSpire:BrainWave"],"relics":["hermit:Momento","halation:BlackBeret","Ginger","LetterFromLob","Bag of Preparation","hubris:CrystalStatue"],"acts_visited":["Exordium"],"potions_floor_usage":[4,11,13],"damage_taken":[{"damage":5,"enemies":"Cultist","floor":1,"turns":4},{"damage":0,"enemies":"Small Slimes","floor":3,"turns":2},{"damage":7,"enemies":"conspire:RoseBush","floor":4,"turns":2},{"damage":9,"enemies":"Replay:BlueRogue","floor":6,"turns":3},{"damage":0,"enemies":"Looter","floor":8,"turns":1},{"damage":36,"enemies":"Lagavulin","floor":11,"turns":5},{"damage":0,"enemies":"3 Louse","floor":13,"turns":1},{"damage":62,"enemies":"The Guardian","floor":16,"turns":6}],"seed_played":"-7719636368757741455","potions_obtained":[{"floor":3,"key":"Toxic Potion"},{"floor":4,"key":"hermit:Eclipse"},{"floor":6,"key":"FearPotion"},{"floor":11,"key":"AttackPotion"}],"is_trial":false,"path_per_floor":["M","$","M","M","$","E","R","M","T","R","E","?","M","?","R","B"],"character_chosen":"HERMIT","items_purchased":["hermit:Determination","hermit:Desperado","hermit:TrackingShot","hermit:Ricochet+1","hermit:EyeOfTheStorm","hermit:SprayPray"],"campfire_rested":2,"item_purchase_floors":[0,0,0,2,2,5],"current_hp_per_floor":[70,70,70,63,63,54,75,75,75,75,39,39,39,39,61,0,0],"gold":198,"neow_bonus":"","is_daily":false,"chose_seed":false,"campfire_upgraded":1,"win_rate":0.0,"timestamp":1609171610,"path_taken":["M","$","M","M","?","E","R","M","T","R","E","?","M","?","R","BOSS"],"items_purchased_type":["Card","Card","Card","Card","Card","Card"],"build_version":"2020-12-22","purchased_purges":0,"victory":false,"max_hp_per_floor":[75,75,75,75,75,75,75,75,75,75,75,75,75,75,75,75,75],"card_choices":[{"not_picked":["hermit:FlashPowder","hermit:HighCaliber"],"picked":"hermit:Headshot","floor":1},{"not_picked":["hermit:Glare","hermit:Ricochet"],"picked":"hermit:SprayPray","floor":3},{"not_picked":["hermit:SprayPray","hermit:TakeCover"],"picked":"hermit:LowProfile","floor":4},{"not_picked":["hermit:Dissolve","hermit:Feint"],"picked":"hermit:Magnum","floor":6},{"not_picked":["hermit:Cheat","hermit:Snipe"],"picked":"hermit:Maintenance","floor":8},{"not_picked":["hermit:Headshot","hermit:Vantage"],"picked":"hermit:Deadeye","floor":11},{"not_picked":["hermit:BodyArmor","hermit:SprayPray"],"picked":"hermit:ItchyTrigger","floor":13},{"not_picked":["StuffTheSpire:Brawn","StuffTheSpire:Harmony"],"picked":"StuffTheSpire:BrainWave","floor":14}],"player_experience":198692,"relics_obtained":[{"floor":1,"key":"LetterFromLob"},{"floor":6,"key":"Ancient Tea Set"},{"floor":9,"key":"Bag of Preparation"},{"floor":11,"key":"hubris:CrystalStatue"}],"event_choices":[{"damage_healed":0,"gold_gain":59,"player_choice":"Gained Gold","damage_taken":0,"max_hp_gain":0,"max_hp_loss":0,"event_name":"Golden Wing","floor":12,"gold_loss":0}],"is_beta":false,"boss_relics":[],"items_purged_floors":[],"is_endless":false,"potions_floor_spawned":[3,4,6,11],"killed_by":"The Guardian","ascension_level":2}}