{"host":"49c2zf0lajbcs427","time":1609139215,"event":{"mods":["AchievementEnabler","BaseMod","Colored Map","Colored Powertips","Highlight Path","Key Reminder","Minty Spire (QoL Compilation)","Relic Stats","StSLib"],"gold_per_floor":[162,262,280,291,306,306,333,333,333,358,358,423,473,489,489,587,587,604,604,616,616,629,629,233,260,339,371,63,63,15,32,32,133,133,146,157,157,171,183,209,262,276,300,300,311,329,364,375,375,375,375,375,15,44,44],"floor_reached":56,"playtime":3970,"items_purged":[],"score":1612,"play_id":"27cc9f72-a3db-46bd-ba36-2478113a5a34","local_time":"20201228200655","is_ascension_mode":true,"campfire_choices":[{"data":"Wild Strike","floor":6,"key":"SMITH"},{"data":"Body Slam","floor":8,"key":"SMITH"},{"data":"Bash","floor":11,"key":"SMITH"},{"data":"Offering","floor":15,"key":"SMITH"},{"data":"Reaper","floor":23,"key":"SMITH"},{"data":"Demon Form","floor":29,"key":"SMITH"},{"floor":32,"key":"DIG"},{"floor":49,"key":"RECALL"},{"floor":52,"key":"DIG"}],"circlet_count":0,"master_deck":["Defend_R","Defend_R+1","Defend_R+1","Bash+1","Wild Strike+1","Body Slam+1","Impervious","Rampage","Offering+1","Anger","Iron Wave","Headbutt","Reaper+1","Pommel Strike+1","Brutality+1","Ghostly Armor+1","Metallicize","Bite+1","Bite+1","Bite","Bite","Bite","Spot Weakness","Demon Form+1","Sword Boomerang+1","Exhume","Sword Boomerang","Warcry+1","Disarm+1","Flash of Steel","Shockwave+1"],"relics":["Tiny House","Shuriken","Shovel","FossilizedHelix","Bottled Lightning","MealTicket","Astrolabe","Meat on the Bone","Ornamental Fan","Singing Bowl","Whetstone","Akabeko","Fusion Hammer","Potion Belt","Peace Pipe","Mercury Hourglass","Blue Candle","Torii","War Paint"],"acts_visited":["Exordium","TheCity","TheBeyond","TheEnding"],"potions_floor_usage":[10,25,27,27,33,41,50,55,55,55,55,55,55,55,55,55],"damage_taken":[{"damage":8,"enemies":"Jaw Worm","floor":1,"turns":4},{"damage":6,"enemies":"Cultist","floor":3,"turns":3},{"damage":0,"enemies":"Small Slimes","floor":4,"turns":4},{"damage":0,"enemies":"Exordium Wildlife","floor":5,"turns":3},{"damage":6,"enemies":"Gremlin Nob","floor":7,"turns":3},{"damage":13,"enemies":"Lagavulin","floor":10,"turns":6},{"damage":0,"enemies":"Gremlin Nob","floor":12,"turns":3},{"damage":4,"enemies":"Lots of Slimes","floor":14,"turns":3},{"damage":0,"enemies":"Slime Boss","floor":16,"turns":6},{"damage":0,"enemies":"Chosen","floor":18,"turns":3},{"damage":0,"enemies":"Spheric Guardian","floor":20,"turns":1},{"damage":8,"enemies":"Snecko","floor":22,"turns":4},{"damage":11,"enemies":"Slavers","floor":25,"turns":5},{"damage":28,"enemies":"Book of Stabbing","floor":27,"turns":6},{"damage":12,"enemies":"Centurion and Healer","floor":31,"turns":6},{"damage":54,"enemies":"Collector","floor":33,"turns":7},{"damage":2,"enemies":"3 Darklings","floor":35,"turns":3},{"damage":7,"enemies":"Orb Walker","floor":36,"turns":2},{"damage":41,"enemies":"4 Shapes","floor":38,"turns":8},{"damage":27,"enemies":"Sphere and 2 Shapes","floor":39,"turns":4},{"damage":66,"enemies":"Giant Head","floor":40,"turns":7},{"damage":42,"enemies":"2 Orb Walkers","floor":41,"turns":4},{"damage":23,"enemies":"Spire Growth","floor":42,"turns":4},{"damage":28,"enemies":"Transient","floor":45,"turns":5},{"damage":8,"enemies":"Jaw Worm Horde","floor":46,"turns":3},{"damage":21,"enemies":"Reptomancer","floor":47,"turns":4},{"damage":4,"enemies":"4 Shapes","floor":48,"turns":3},{"damage":83,"enemies":"Time Eater","floor":50,"turns":10},{"damage":50,"enemies":"Shield and Spear","floor":54,"turns":5},{"damage":77,"enemies":"The Heart","floor":55,"turns":7}],"seed_played":"2124888660343983327","potions_obtained":[{"floor":0,"key":"ElixirPotion"},{"floor":5,"key":"AttackPotion"},{"floor":10,"key":"Explosive Potion"},{"floor":12,"key":"DistilledChaos"},{"floor":14,"key":"LiquidMemories"},{"floor":20,"key":"Strength Potion"},{"floor":35,"key":"FearPotion"},{"floor":45,"key":"Energy Potion"},{"floor":47,"key":"BloodPotion"},{"floor":48,"key":"EntropicBrew"},{"floor":54,"key":"Ancient Potion"}],"is_trial":false,"path_per_floor":["M","?","M","M","M","R","E","R","T","E","R","?","T","M","R","B",null,"M","?","M","?","M","R","$","E","T","E","$","R","$","M","R","B",null,"M","M","?","M","M","E","?","M","T","?","M","M","E","M","R","B",null,"R","$","E","B",null],"character_chosen":"IRONCLAD","items_purchased":["Demon Form","Meat on the Bone","Exhume","Strength Potion","HeartOfIron","Sword Boomerang","Torii","AttackPotion"],"campfire_rested":0,"item_purchase_floors":[24,24,28,28,28,30,53,53],"current_hp_per_floor":[69,69,63,63,63,63,57,57,57,44,44,44,44,40,40,40,74,83,59,59,59,59,59,59,58,58,46,61,61,61,63,63,42,59,65,65,59,62,59,35,54,52,52,52,51,79,78,83,83,47,76,76,85,74,43],"gold":44,"neow_bonus":"BOSS_RELIC","is_daily":false,"chose_seed":false,"campfire_upgraded":6,"win_rate":0.0,"timestamp":1609139215,"path_taken":["M","?","M","M","?","R","E","R","T","E","R","?","?","?","R","BOSS","M","?","M","?","M","R","$","E","T","E","?","R","?","M","R","BOSS","M","M","?","M","M","E","?","M","T","?","M","?","E","M","R","BOSS","R","$","E","BOSS"],"items_purchased_type":["Card","Relic","Card","Potion","Potion","Card","Relic","Potion"],"build_version":"2020-12-22","purchased_purges":0,"victory":true,"max_hp_per_floor":[85,85,85,85,85,85,85,85,85,85,85,85,85,85,85,85,85,85,59,59,59,59,59,59,59,59,61,61,61,61,63,63,65,65,65,65,69,71,73,75,75,77,77,77,79,81,83,85,85,85,85,85,85,87,87],"relic_stats":{"Singing Bowl":28,"Torii":41,"counters":[30,136],"Astrolabe":["Pommel Strike","Brutality","Ghostly Armor"],"Blue Candle":[0],"Whetstone":["Bite","Bite"],"War Paint":["Defend_R","Shockwave"],"Mercury Hourglass":[81],"Peace Pipe":0,"Shovel":2,"Shuriken":[76],"Ornamental Fan":[224],"MealTicket":24,"obtain_stats":[{"Potion Belt":40,"Tiny House":0,"Singing Bowl":26,"Torii":53,"Astrolabe":17,"Blue Candle":52,"Whetstone":27,"War Paint":54,"Burning Blood":0,"Akabeko":32,"Mercury Hourglass":47,"keyreminder:keyreminder":40,"Peace Pipe":41,"Shovel":9,"Shuriken":7,"Ornamental Fan":25,"MealTicket":13,"Fusion Hammer":34,"Bottled Lightning":12,"FossilizedHelix":10,"Meat on the Bone":24},{"Potion Belt":21,"Tiny House":0,"Singing Bowl":13,"Torii":28,"Astrolabe":9,"Blue Candle":28,"Whetstone":14,"War Paint":29,"Burning Blood":0,"Akabeko":15,"Mercury Hourglass":26,"keyreminder:keyreminder":21,"Peace Pipe":22,"Shovel":5,"Shuriken":5,"Ornamental Fan":13,"MealTicket":7,"Fusion Hammer":16,"Bottled Lightning":7,"FossilizedHelix":6,"Meat on the Bone":12},{"Potion Belt":91,"Tiny House":0,"Singing Bowl":48,"Torii":124,"Astrolabe":35,"Blue Candle":124,"Whetstone":54,"War Paint":129,"Burning Blood":0,"Akabeko":60,"Mercury Hourglass":111,"keyreminder:keyreminder":91,"Peace Pipe":95,"Shovel":17,"Shuriken":17,"Ornamental Fan":48,"MealTicket":26,"Fusion Hammer":67,"Bottled Lightning":26,"FossilizedHelix":23,"Meat on the Bone":43}],"Meat on the Bone":48},"card_choices":[{"not_picked":["Pommel Strike","Sword Boomerang"],"picked":"Wild Strike","floor":0},{"not_picked":["Metallicize","Ghostly Armor"],"picked":"Body Slam","floor":1},{"not_picked":["Body Slam","Cleave"],"picked":"Impervious","floor":3},{"not_picked":["Wild Strike","Fire Breathing"],"picked":"Rampage","floor":4},{"not_picked":["Havoc","Blood for Blood"],"picked":"Offering","floor":5},{"not_picked":["Wild Strike","Heavy Blade"],"picked":"Anger","floor":7},{"not_picked":["Thunderclap","Warcry"],"picked":"Iron Wave","floor":10},{"not_picked":["Searing Blow","Twin Strike"],"picked":"Headbutt","floor":12},{"not_picked":["Havoc","Flex","Heavy Blade"],"picked":"SKIP","floor":14},{"not_picked":["Brutality","Double Tap"],"picked":"Reaper","floor":16},{"not_picked":["Feel No Pain","Perfected Strike"],"picked":"Metallicize","floor":18},{"not_picked":["Feel No Pain","Iron Wave"],"picked":"Spot Weakness","floor":20},{"not_picked":["Clothesline","Warcry","Heavy Blade"],"picked":"SKIP","floor":22},{"not_picked":["Armaments","Pommel Strike"],"picked":"Sword Boomerang+1","floor":25},{"not_picked":["Thunderclap","Clothesline","Pommel Strike"],"picked":"Singing Bowl","floor":27},{"not_picked":["Reckless Charge","Pommel Strike","Warcry"],"picked":"Singing Bowl","floor":31},{"not_picked":["Impervious","Bludgeon","Exhume"],"picked":"Singing Bowl","floor":33},{"not_picked":["Burning Pact+1","Sever Soul"],"picked":"Warcry+1","floor":35},{"not_picked":["True Grit","Iron Wave+1"],"picked":"Disarm+1","floor":36},{"not_picked":["Discovery","Finesse","Violence"],"picked":"Singing Bowl","floor":37},{"not_picked":["Swift Strike","Madness","PanicButton"],"picked":"Singing Bowl","floor":37},{"not_picked":["Panacea","Blind"],"picked":"Flash of Steel","floor":37},{"not_picked":["Feel No Pain","Heavy Blade","Power Through+1"],"picked":"Singing Bowl","floor":38},{"not_picked":["Flex+1","Fire Breathing+1","Inflame"],"picked":"Singing Bowl","floor":39},{"not_picked":["Wild Strike","Shrug It Off","Second Wind"],"picked":"Singing Bowl","floor":40},{"not_picked":["Pommel Strike+1","Havoc"],"picked":"Shockwave","floor":41},{"not_picked":["Dropkick","Carnage","Anger+1"],"picked":"Singing Bowl","floor":42},{"not_picked":["Pommel Strike+1","Juggernaut","Anger"],"picked":"Singing Bowl","floor":45},{"not_picked":["Spot Weakness","Clothesline","Wild Strike"],"picked":"Singing Bowl","floor":46},{"not_picked":["Shockwave+1","Ghostly Armor","Fire Breathing"],"picked":"Singing Bowl","floor":47},{"not_picked":["Shockwave","Uppercut+1","Dark Embrace"],"picked":"Singing Bowl","floor":48},{"not_picked":["Intimidate+1","Fire Breathing+1","Second Wind"],"picked":"Singing Bowl","floor":54}],"player_experience":2186011,"relics_obtained":[{"floor":7,"key":"Shuriken"},{"floor":9,"key":"Shovel"},{"floor":10,"key":"FossilizedHelix"},{"floor":12,"key":"Bottled Lightning"},{"floor":13,"key":"MealTicket"},{"floor":25,"key":"Ornamental Fan"},{"floor":26,"key":"Singing Bowl"},{"floor":27,"key":"Whetstone"},{"floor":32,"key":"Akabeko"},{"floor":40,"key":"Potion Belt"},{"floor":41,"key":"Peace Pipe"},{"floor":47,"key":"Mercury Hourglass"},{"floor":52,"key":"Blue Candle"},{"floor":54,"key":"War Paint"}],"event_choices":[{"damage_healed":0,"gold_gain":100,"player_choice":"Pray","damage_taken":0,"max_hp_gain":0,"max_hp_loss":0,"event_name":"Golden Shrine","floor":2,"gold_loss":0},{"damage_healed":0,"gold_gain":30,"player_choice":"Searched \u00272\u0027 times","damage_taken":0,"max_hp_gain":0,"max_hp_loss":0,"event_name":"Dead Adventurer","floor":12,"gold_loss":0},{"damage_healed":0,"gold_gain":0,"player_choice":"Became a vampire","damage_taken":0,"max_hp_gain":0,"max_hp_loss":26,"event_name":"Vampires","floor":19,"gold_loss":0,"cards_obtained":["Bite","Bite","Bite","Bite","Bite"]},{"damage_healed":0,"gold_gain":0,"player_choice":"Ignored","damage_taken":0,"max_hp_gain":0,"max_hp_loss":0,"event_name":"Ghosts","floor":21,"gold_loss":0},{"damage_healed":0,"gold_gain":0,"player_choice":"Memory 3","damage_taken":10,"max_hp_gain":0,"max_hp_loss":0,"event_name":"SensoryStone","floor":37,"gold_loss":0},{"damage_healed":0,"gold_gain":0,"player_choice":"Fight","damage_taken":0,"max_hp_gain":0,"max_hp_loss":0,"event_name":"Mysterious Sphere","floor":41,"gold_loss":0},{"damage_healed":0,"gold_gain":0,"player_choice":"Ignored","damage_taken":0,"max_hp_gain":0,"max_hp_loss":0,"event_name":"Tomb of Lord Red Mask","floor":44,"gold_loss":0}],"is_beta":false,"boss_relics":[{"not_picked":["Mark of Pain","Velvet Choker"],"picked":"Astrolabe"},{"not_picked":["Runic Cube","Philosopher\u0027s Stone"],"picked":"Fusion Hammer"}],"items_purged_floors":[],"is_endless":false,"potions_floor_spawned":[5,10,12,14,20,35,45,47,48,54],"ascension_level":6}}