{"host":"6yklbc9za0aylqsj","time":1609161662,"event":{"mods":["AchievementEnabler","BaseMod","Bestiary","Colored Map","Colored Powertips","Minty Spire (QoL Compilation)","Rare Cards Sparkle","Relic Stats","Slay-I","StSLib"],"gold_per_floor":[115,40,40,51,70,70,102,102,102,122,138,86,118,134,134,211,211,228,262,262,82,94,94,122,122,122,122,22,22,56,66,66,145,145,165,165,184,16,16,16,16,16,16,41,61,61,78,95,95,95,95],"floor_reached":52,"playtime":2135,"items_purged":["Regret","Strike_P"],"score":1821,"play_id":"b759441e-4c3c-42f3-a0ca-41b411fdd608","local_time":"20201228142102","is_ascension_mode":true,"campfire_choices":[{"data":"Eruption","floor":6.0,"key":"SMITH"},{"data":"Omniscience","floor":8.0,"key":"SMITH"},{"floor":15.0,"key":"REST"},{"data":"Apotheosis","floor":23.0,"key":"SMITH"},{"data":"DevaForm","floor":25.0,"key":"SMITH"},{"floor":27.0,"key":"REST"},{"floor":32.0,"key":"REST"},{"data":"Panacea","floor":40.0,"key":"SMITH"},{"data":"Fasting2","floor":41.0,"key":"SMITH"},{"data":"Secret Technique","floor":49.0,"key":"SMITH"}],"circlet_count":0,"master_deck":["AscendersBane","Strike_P","Defend_P","Defend_P","Defend_P","Eruption+1","Vigilance","Omniscience+1","Tantrum","SignatureMove","SandsOfTime","Protect+1","SashWhip+1","CrushJoints","Wallop","BowlingBash+1","DeusExMachina","CarveReality","Apotheosis+1","BattleHymn","DevaForm+1","Omniscience+1","ThirdEye","Fasting2+1","DeusExMachina","Panacea+1","Dramatic Entrance","Secret Technique+1","TalkToTheHand","DeceiveReality"],"relics":["PureWater","WingedGreaves","Pear","Incense Burner","Gremlin Horn","Black Star","Red Mask","Unceasing Top","Whetstone","StrikeDummy","Eternal Feather","HornCleat","VioletLotus","DollysMirror","Orichalcum","Mango","War Paint"],"acts_visited":["Exordium","TheCity","TheBeyond"],"potions_floor_usage":[],"damage_taken":[{"damage":11.0,"enemies":"Small Slimes","floor":1.0,"turns":5.0},{"damage":0.0,"enemies":"Cultist","floor":4.0,"turns":2.0},{"damage":2.0,"enemies":"Jaw Worm","floor":5.0,"turns":3.0},{"damage":22.0,"enemies":"Gremlin Nob","floor":7.0,"turns":3.0},{"damage":0.0,"enemies":"2 Fungi Beasts","floor":10.0,"turns":2.0},{"damage":0.0,"enemies":"Looter","floor":11.0,"turns":1.0},{"damage":21.0,"enemies":"3 Sentries","floor":13.0,"turns":7.0},{"damage":1.0,"enemies":"Lots of Slimes","floor":14.0,"turns":3.0},{"damage":13.0,"enemies":"Slime Boss","floor":16.0,"turns":5.0},{"damage":1.0,"enemies":"Chosen","floor":18.0,"turns":3.0},{"damage":0.0,"enemies":"Masked Bandits","floor":19.0,"turns":2.0},{"damage":13.0,"enemies":"3 Byrds","floor":22.0,"turns":5.0},{"damage":12.0,"enemies":"Book of Stabbing","floor":24.0,"turns":4.0},{"damage":5.0,"enemies":"Gremlin Leader","floor":30.0,"turns":4.0},{"damage":18.0,"enemies":"Snake Plant","floor":31.0,"turns":4.0},{"damage":38.0,"enemies":"Collector","floor":33.0,"turns":6.0},{"damage":0.0,"enemies":"Orb Walker","floor":35.0,"turns":2.0},{"damage":0.0,"enemies":"3 Darklings","floor":37.0,"turns":3.0},{"damage":0.0,"enemies":"Mind Bloom Boss Battle","floor":44.0,"turns":3.0},{"damage":5.0,"enemies":"4 Shapes","floor":45.0,"turns":10.0},{"damage":0.0,"enemies":"Jaw Worm Horde","floor":47.0,"turns":2.0},{"damage":0.0,"enemies":"Maw","floor":48.0,"turns":5.0},{"damage":62.0,"enemies":"Awakened One","floor":50.0,"turns":8.0},{"damage":18,"enemies":"Donu and Deca","floor":51,"turns":5}],"seed_played":"284880229572188259","potions_obtained":[{"floor":7.0,"key":"Strength Potion"},{"floor":10.0,"key":"Weak Potion"},{"floor":16.0,"key":"EssenceOfSteel"},{"floor":18.0,"key":"Swift Potion"},{"floor":24.0,"key":"PowerPotion"},{"floor":30.0,"key":"StancePotion"},{"floor":33.0,"key":"DistilledChaos"},{"floor":47.0,"key":"Weak Potion"},{"floor":48.0,"key":"PowerPotion"}],"is_trial":false,"path_per_floor":["M","$","?","M","M","R","E","R","T","M","M","?","E","M","R","B",null,"M","?","?","$","M","R","E","R","T","R","$","?","E","M","R","B",null,"M","?","M","$","?","R","R","$","T","?","M","?","M","M","R","B","B",null],"character_chosen":"WATCHER","items_purchased":["Apotheosis","DollysMirror"],"campfire_rested":3,"item_purchase_floors":[21,38],"current_hp_per_floor":[50,50,55,55,53,53,31,31,41,41,41,41,20,19,43,30,70,69,69,57,57,44,44,32,32,32,56,56,56,51,33,69,31,70,70,70,70,70,60,75,83,83,83,97,92,92,92,92,97,35,17],"gold":95,"neow_bonus":"TRANSFORM_TWO_CARDS","is_daily":false,"chose_seed":false,"campfire_upgraded":7,"win_rate":0.0,"timestamp":1609161662,"path_taken":["M","$","?","M","M","R","E","R","T","M","M","?","E","M","R","BOSS","M","?","?","$","?","R","E","R","T","R","$","?","E","M","R","BOSS","M","?","M","$","?","R","R","$","T","?","M","?","?","M","R","BOSS","BOSS"],"items_purchased_type":["Card","Relic"],"build_version":"2020-12-22","purchased_purges":2,"victory":true,"max_hp_per_floor":[68,68,73,73,73,73,73,73,83,83,83,83,83,83,83,83,83,83,83,83,83,83,83,83,83,83,83,83,83,83,83,83,83,83,83,83,83,83,83,83,83,83,83,97,97,97,97,97,97,97,97],"relic_stats":{"Gremlin Horn":[29,27],"counters":[24,97],"Eternal Feather":40,"VioletLotus":[6],"Black Star":2,"Whetstone":["SashWhip","BowlingBash"],"Orichalcum":[42],"War Paint":["Omniscience","Protect"],"obtain_stats":[{"Pear":9,"Gremlin Horn":13,"Eternal Feather":30,"Mango":44,"Incense Burner":12,"Whetstone":24,"Orichalcum":43,"War Paint":46,"HornCleat":30,"DollysMirror":38,"WingedGreaves":7,"VioletLotus":34,"Black Star":17,"Red Mask":19,"PureWater":0,"StrikeDummy":26,"Unceasing Top":24},{"Pear":4,"Gremlin Horn":7,"Eternal Feather":14,"Mango":19,"Incense Burner":6,"Whetstone":13,"Orichalcum":18,"War Paint":20,"HornCleat":14,"DollysMirror":18,"WingedGreaves":4,"VioletLotus":16,"Black Star":9,"Red Mask":11,"PureWater":0,"StrikeDummy":13,"Unceasing Top":13},{"Pear":13,"Gremlin Horn":23,"Eternal Feather":49,"Mango":67,"Incense Burner":16,"Whetstone":45,"Orichalcum":64,"War Paint":77,"HornCleat":49,"DollysMirror":64,"WingedGreaves":13,"VioletLotus":59,"Black Star":31,"Red Mask":36,"PureWater":0,"StrikeDummy":45,"Unceasing Top":45}],"Unceasing Top":[3]},"card_choices":[{"not_picked":["JustLucky","Consecrate"],"picked":"SignatureMove","floor":1.0},{"not_picked":["Prostrate","EmptyFist"],"picked":"SandsOfTime","floor":4.0},{"not_picked":["Halt","MasterReality"],"picked":"Protect","floor":5.0},{"not_picked":["FlyingSleeves","FearNoEvil"],"picked":"SashWhip","floor":7.0},{"not_picked":["Halt","FlurryOfBlows"],"picked":"CrushJoints","floor":10.0},{"not_picked":["BattleHymn","Meditate"],"picked":"Wallop","floor":11.0},{"not_picked":["Crescendo","JustLucky"],"picked":"BowlingBash","floor":13.0},{"not_picked":["ClearTheMind","SashWhip","ThirdEye"],"picked":"SKIP","floor":14.0},{"not_picked":["Omniscience","Devotion"],"picked":"DeusExMachina","floor":16.0},{"not_picked":["BowlingBash","SashWhip","EmptyBody"],"picked":"SKIP","floor":18.0},{"not_picked":["WheelKick","Evaluate"],"picked":"CarveReality","floor":19.0},{"not_picked":["EmptyFist","Halt"],"picked":"BattleHymn","floor":22.0},{"not_picked":["FollowUp","Fasting2"],"picked":"DevaForm","floor":24.0},{"not_picked":["Meditate","SashWhip","Weave"],"picked":"SKIP","floor":30.0},{"not_picked":["EmptyFist","LikeWater","CutThroughFate"],"picked":"SKIP","floor":31.0},{"not_picked":["DevaForm","Judgement"],"picked":"Omniscience","floor":33.0},{"not_picked":["CrushJoints","Worship"],"picked":"ThirdEye","floor":35.0},{"not_picked":["BowlingBash","InnerPeace+1"],"picked":"Fasting2","floor":37.0},{"not_picked":["Deep Breath","Discovery"],"picked":"Panacea","floor":39.0},{"not_picked":["Blind","Flash of Steel"],"picked":"Dramatic Entrance","floor":39.0},{"not_picked":["Blind","Deep Breath"],"picked":"Secret Technique","floor":39.0},{"not_picked":["SignatureMove","WheelKick"],"picked":"TalkToTheHand","floor":44.0},{"not_picked":["Evaluate","Study"],"picked":"DeceiveReality","floor":45.0},{"not_picked":["ThirdEye","FlyingSleeves+1","PathToVictory"],"picked":"SKIP","floor":47.0},{"not_picked":["Evaluate","WaveOfTheHand","Wish"],"picked":"SKIP","floor":48.0}],"player_experience":684419,"relics_obtained":[{"floor":7.0,"key":"WingedGreaves"},{"floor":9.0,"key":"Pear"},{"floor":13.0,"key":"Gremlin Horn"},{"floor":19.0,"key":"Red Mask"},{"floor":24.0,"key":"Unceasing Top"},{"floor":24.0,"key":"Whetstone"},{"floor":26.0,"key":"StrikeDummy"},{"floor":30.0,"key":"Eternal Feather"},{"floor":30.0,"key":"HornCleat"},{"floor":43.0,"key":"Orichalcum"},{"floor":44.0,"key":"Mango"},{"floor":46.0,"key":"War Paint"}],"event_choices":[{"damage_healed":0.0,"max_hp_gain":5.0,"max_hp_loss":0.0,"gold_gain":0.0,"event_name":"Big Fish","player_choice":"Donut","floor":3.0,"gold_loss":0.0,"damage_taken":0.0},{"damage_healed":0.0,"max_hp_gain":0.0,"max_hp_loss":0.0,"gold_gain":0.0,"event_name":"WeMeetAgain","player_choice":"Paid Gold","floor":12.0,"gold_loss":52.0,"damage_taken":0.0,"relics_obtained":["Incense Burner"]},{"damage_healed":0.0,"max_hp_gain":0.0,"max_hp_loss":0.0,"gold_gain":0.0,"event_name":"Masked Bandits","player_choice":"Fought Bandits","floor":19.0,"gold_loss":0.0,"damage_taken":0.0},{"damage_healed":0.0,"max_hp_gain":0.0,"max_hp_loss":0.0,"gold_gain":0.0,"event_name":"Wheel of Change","player_choice":"Damaged","floor":20.0,"gold_loss":0.0,"damage_taken":12.0},{"damage_healed":0.0,"max_hp_gain":0.0,"max_hp_loss":0.0,"gold_gain":0.0,"event_name":"Ghosts","player_choice":"Ignored","floor":29.0,"gold_loss":0.0,"damage_taken":0.0},{"cards_removed":["Defend_P"],"damage_healed":0.0,"max_hp_gain":0.0,"max_hp_loss":0.0,"gold_gain":0.0,"event_name":"Falling","player_choice":"Removed Skill","floor":36.0,"gold_loss":0.0,"damage_taken":0.0},{"damage_healed":0.0,"max_hp_gain":0.0,"max_hp_loss":0.0,"gold_gain":0.0,"event_name":"SensoryStone","player_choice":"Memory 3","floor":39.0,"gold_loss":0.0,"damage_taken":10.0},{"damage_healed":0.0,"max_hp_gain":0.0,"max_hp_loss":0.0,"gold_gain":0.0,"event_name":"MindBloom","player_choice":"Fight","floor":44.0,"gold_loss":0.0,"damage_taken":0.0},{"damage_healed":0.0,"max_hp_gain":0.0,"max_hp_loss":0.0,"gold_gain":0.0,"event_name":"Wheel of Change","player_choice":"Relic","floor":46.0,"gold_loss":0.0,"damage_taken":0.0}],"is_beta":false,"boss_relics":[{"not_picked":["Snecko Eye","Sozu"],"picked":"Black Star"},{"not_picked":["Busted Crown","Runic Dome"],"picked":"VioletLotus"}],"items_purged_floors":[2,28],"is_endless":false,"potions_floor_spawned":[7,10,11,16,18,24,30,33,44,45,47,48],"ascension_level":20}}