{"host":"31s8hzukbhz1k6i6","time":1609198778,"event":{"mods":["BaseMod","Colored Map","Minty Spire (QoL Compilation)","Relic Stats","UnlockEverythingMod"],"gold_per_floor":[113,188,188,58,75,75,110,127,127,159,159,178,205,55,55,55,55],"floor_reached":16,"playtime":538,"items_purged":[],"score":215,"play_id":"2bb16a12-3de6-471b-9342-8ed1295772be","local_time":"20201228153938","is_ascension_mode":true,"campfire_choices":[{"data":"Poisoned Stab","floor":6,"key":"SMITH"},{"floor":15,"key":"REST"}],"circlet_count":0,"master_deck":["AscendersBane","Strike_G","Strike_G","Strike_G","Strike_G","Strike_G","Defend_G","Defend_G","Defend_G","Defend_G","Defend_G","Survivor","Neutralize","Noxious Fumes+1","Backflip","Poisoned Stab+1","After Image","Acrobatics","Noxious Fumes","Footwork","Bouncing Flask"],"relics":["Ring of the Snake","NeowsBlessing","Gremlin Horn","Letter Opener","Ancient Tea Set","Bronze Scales"],"acts_visited":["Exordium"],"potions_floor_usage":[10,13,16,16],"damage_taken":[{"damage":0,"enemies":"2 Louse","floor":1,"turns":1},{"damage":0,"enemies":"Small Slimes","floor":5,"turns":1},{"damage":0,"enemies":"Lagavulin","floor":7,"turns":1},{"damage":0,"enemies":"Cultist","floor":8,"turns":4},{"damage":27,"enemies":"Gremlin Nob","floor":10,"turns":4},{"damage":0,"enemies":"Large Slime","floor":12,"turns":6},{"damage":20,"enemies":"3 Sentries","floor":13,"turns":8},{"damage":33,"enemies":"Slime Boss","floor":16,"turns":5}],"seed_played":"6273259448400759440","potions_obtained":[{"floor":5,"key":"SneckoOil"},{"floor":8,"key":"Poison Potion"},{"floor":10,"key":"Poison Potion"}],"is_trial":false,"path_per_floor":["M","?","?","$","M","R","E","M","T","E","?","M","E","$","R","B"],"character_chosen":"THE_SILENT","items_purchased":["DuplicationPotion","Backflip","Footwork","Bouncing Flask"],"campfire_rested":1,"item_purchase_floors":[4,4,14,14],"current_hp_per_floor":[63,52,57,57,57,57,57,57,57,30,30,30,10,10,32,0,0],"gold":55,"neow_bonus":"THREE_ENEMY_KILL","is_daily":false,"chose_seed":false,"campfire_upgraded":1,"win_rate":0.0,"timestamp":1609198778,"path_taken":["M","?","?","$","M","R","E","M","T","E","?","M","E","$","R","BOSS"],"items_purchased_type":["Potion","Card","Card","Card"],"build_version":"2020-12-22","purchased_purges":0,"victory":false,"max_hp_per_floor":[70,70,75,75,75,75,75,75,75,75,75,75,75,75,75,75,75],"relic_stats":{"Gremlin Horn":[3,3],"counters":[8,30],"Bronze Scales":[3],"Letter Opener":[10],"obtain_stats":[{"NeowsBlessing":0,"Gremlin Horn":7,"Bronze Scales":13,"Letter Opener":9,"Ancient Tea Set":10,"Ring of the Snake":0},{"NeowsBlessing":0,"Gremlin Horn":3,"Bronze Scales":7,"Letter Opener":4,"Ancient Tea Set":5,"Ring of the Snake":0},{"NeowsBlessing":0,"Gremlin Horn":3,"Bronze Scales":25,"Letter Opener":7,"Ancient Tea Set":11,"Ring of the Snake":0}],"Ring of the Snake":[16]},"card_choices":[{"not_picked":["Outmaneuver","Infinite Blades"],"picked":"Noxious Fumes","floor":1},{"not_picked":["Acrobatics","Accuracy"],"picked":"Poisoned Stab","floor":5},{"not_picked":["Escape Plan","Bane"],"picked":"After Image","floor":7},{"not_picked":["Underhanded Strike","Bane","Deflect"],"picked":"SKIP","floor":8},{"not_picked":["Prepared","Slice"],"picked":"Acrobatics","floor":10},{"not_picked":["Sucker Punch","Deflect","Dodge and Roll"],"picked":"SKIP","floor":12},{"not_picked":["Deflect","Riddle With Holes"],"picked":"Noxious Fumes","floor":13}],"player_experience":62725,"relics_obtained":[{"floor":7,"key":"Gremlin Horn"},{"floor":9,"key":"Letter Opener"},{"floor":10,"key":"Ancient Tea Set"},{"floor":13,"key":"Bronze Scales"}],"event_choices":[{"damage_healed":0,"gold_gain":75,"player_choice":"Gather Gold","damage_taken":11,"max_hp_gain":0,"max_hp_loss":0,"event_name":"World of Goop","floor":2,"gold_loss":0},{"damage_healed":0,"gold_gain":0,"player_choice":"Donut","damage_taken":0,"max_hp_gain":5,"max_hp_loss":0,"event_name":"Big Fish","floor":3,"gold_loss":0},{"damage_healed":0,"gold_gain":0,"player_choice":"Grow","damage_taken":0,"max_hp_gain":0,"max_hp_loss":0,"event_name":"Living Wall","floor":11,"gold_loss":0,"cards_upgraded":["Noxious Fumes"]}],"is_beta":false,"boss_relics":[],"items_purged_floors":[],"is_endless":false,"potions_floor_spawned":[5,8,10],"killed_by":"Slime Boss","ascension_level":10}}