{"host":"dhyczjm99amxd3qx","time":1609196236,"event":{"mods":["BaseMod","Colored Map","Googly Eyes","Highlight Path","Minty Spire (QoL Compilation)","Quick Restart","StSLib"],"gold_per_floor":[119,119,119,130,150,150,150,184,184,199,231,243,277,40,40,138,138,158,158,433,445,458,458,486,486,512,547,558,578,604,604,604],"floor_reached":31,"playtime":1660,"items_purged":["Defend_G"],"score":457,"play_id":"b5e2cc30-972a-4bd6-8057-69f7396f3485","local_time":"20201228175716","is_ascension_mode":true,"campfire_choices":[{"data":"Backstab","floor":6.0,"key":"SMITH"},{"data":"Distraction","floor":15.0,"key":"SMITH"},{"data":"A Thousand Cuts","floor":23.0,"key":"SMITH"},{"data":"Cloak And Dagger","floor":25.0,"key":"SMITH"}],"circlet_count":0,"master_deck":["Strike_G","Strike_G","Strike_G","Strike_G","Strike_G","Defend_G","Defend_G","Defend_G","Defend_G","Survivor","Neutralize","PiercingWail","Backstab+1","Die Die Die","Cloak And Dagger+1","Accuracy","Phantasmal Killer","Cloak And Dagger","Accuracy","Distraction+1","A Thousand Cuts+1","Regret","Endless Agony","Infinite Blades","Blade Dance"],"relics":["Ring of the Snake","Mercury Hourglass","WarpedTongs","Tiny Chest","Blood Vial","Lantern","Thread and Needle","SlaversCollar","Eternal Feather","Dream Catcher","Toy Ornithopter","Pen Nib"],"acts_visited":["Exordium","TheCity"],"potions_floor_usage":[29,30],"damage_taken":[{"damage":0.0,"enemies":"2 Louse","floor":1.0,"turns":5.0},{"damage":4.0,"enemies":"Small Slimes","floor":4.0,"turns":3.0},{"damage":3.0,"enemies":"Cultist","floor":5.0,"turns":3.0},{"damage":0.0,"enemies":"3 Sentries","floor":8.0,"turns":6.0},{"damage":0.0,"enemies":"Looter","floor":10.0,"turns":3.0},{"damage":12.0,"enemies":"Lagavulin","floor":11.0,"turns":8.0},{"damage":0.0,"enemies":"Large Slime","floor":12.0,"turns":4.0},{"damage":13.0,"enemies":"Gremlin Nob","floor":13.0,"turns":4.0},{"damage":0.0,"enemies":"Slime Boss","floor":16.0,"turns":5.0},{"damage":0.0,"enemies":"Spheric Guardian","floor":18.0,"turns":2.0},{"damage":0.0,"enemies":"Chosen","floor":21.0,"turns":4.0},{"damage":16.0,"enemies":"Snake Plant","floor":22.0,"turns":3.0},{"damage":14.0,"enemies":"Book of Stabbing","floor":24.0,"turns":4.0},{"damage":19.0,"enemies":"Gremlin Leader","floor":27.0,"turns":5.0},{"damage":16.0,"enemies":"Shelled Parasite and Fungi","floor":28.0,"turns":4.0},{"damage":0,"enemies":"Centurion and Healer","floor":29,"turns":4},{"damage":2,"enemies":"Book of Stabbing","floor":30,"turns":3},{"damage":34,"enemies":"Snake Plant","floor":31,"turns":2}],"seed_played":"-4443229018215616753","potions_obtained":[{"floor":1.0,"key":"Weak Potion"},{"floor":5.0,"key":"DuplicationPotion"},{"floor":11.0,"key":"PowerPotion"},{"floor":12.0,"key":"Fire Potion"},{"floor":21.0,"key":"FearPotion"},{"floor":28.0,"key":"Fire Potion"},{"floor":29,"key":"Block Potion"}],"is_trial":false,"path_per_floor":["M","?","?","M","M","R","?","E","T","M","E","M","E","$","R","B",null,"M","?","?","M","M","R","E","R","T","E","M","M","E","M"],"character_chosen":"THE_SILENT","items_purchased":["Cloak And Dagger","Accuracy","Distraction"],"campfire_rested":0,"item_purchase_floors":[14,14,14],"current_hp_per_floor":[77,65,65,61,58,58,51,51,51,53,43,45,34,34,34,36,77,77,61,61,63,49,49,37,49,49,32,18,25,30,0,0],"gold":604,"neow_bonus":"TEN_PERCENT_HP_BONUS","is_daily":false,"chose_seed":false,"campfire_upgraded":4,"win_rate":0.0,"timestamp":1609196236,"path_taken":["M","?","?","?","M","R","?","E","T","M","E","M","E","$","R","BOSS","M","?","?","?","M","R","E","R","T","E","M","M","E","M"],"items_purchased_type":["Card","Card","Card"],"build_version":"2020-12-22","purchased_purges":1,"victory":false,"max_hp_per_floor":[77,77,77,77,77,77,77,77,77,77,77,77,77,77,77,77,77,77,77,77,77,77,77,77,77,77,77,77,77,77,77,77],"card_choices":[{"not_picked":["Backstab","Choke"],"picked":"PiercingWail","floor":1.0},{"not_picked":["Underhanded Strike","Concentrate","Backflip"],"picked":"SKIP","floor":4.0},{"not_picked":["Slice","Bane"],"picked":"Backstab","floor":5.0},{"not_picked":["Underhanded Strike","PiercingWail"],"picked":"Die Die Die","floor":8.0},{"not_picked":["Acrobatics","Sucker Punch","Masterful Stab"],"picked":"SKIP","floor":10.0},{"not_picked":["Slice","Masterful Stab"],"picked":"Cloak And Dagger","floor":11.0},{"not_picked":["Underhanded Strike","Reflex"],"picked":"Accuracy","floor":12.0},{"not_picked":["PiercingWail","Heel Hook"],"picked":"Phantasmal Killer","floor":13.0},{"not_picked":["Phantasmal Killer","Die Die Die"],"picked":"A Thousand Cuts","floor":16.0},{"not_picked":["Quick Slash+1","Backflip","Concentrate"],"picked":"SKIP","floor":18.0},{"not_picked":["Riddle With Holes","Deadly Poison+1"],"picked":"Endless Agony","floor":21.0},{"not_picked":["Poisoned Stab","Deflect+1","Deadly Poison"],"picked":"SKIP","floor":22.0},{"not_picked":["Backflip","Slice","Deadly Poison"],"picked":"SKIP","floor":24.0},{"not_picked":["Blade Dance","Blur"],"picked":"Infinite Blades","floor":27.0},{"not_picked":["Bane","Masterful Stab"],"picked":"Blade Dance","floor":28.0},{"not_picked":["Expertise","Deflect","Dodge and Roll"],"picked":"SKIP","floor":29},{"not_picked":["Outmaneuver+1","Finisher","Prepared+1"],"picked":"SKIP","floor":30}],"player_experience":155062,"relics_obtained":[{"floor":8.0,"key":"Tiny Chest"},{"floor":9.0,"key":"Blood Vial"},{"floor":11.0,"key":"Lantern"},{"floor":13.0,"key":"Thread and Needle"},{"floor":24.0,"key":"Eternal Feather"},{"floor":26.0,"key":"Dream Catcher"},{"floor":27.0,"key":"Toy Ornithopter"},{"floor":30,"key":"Pen Nib"}],"event_choices":[{"damage_healed":0.0,"max_hp_gain":0.0,"max_hp_loss":0.0,"gold_gain":0.0,"event_name":"Scrap Ooze","player_choice":"Success","floor":2.0,"gold_loss":0.0,"damage_taken":12.0,"relics_obtained":["Mercury Hourglass"]},{"damage_healed":0.0,"max_hp_gain":0.0,"max_hp_loss":0.0,"gold_gain":0.0,"event_name":"Accursed Blacksmith","player_choice":"Rummage","floor":3.0,"gold_loss":0.0,"damage_taken":0.0,"relics_obtained":["WarpedTongs"],"cards_obtained":["Pain"]},{"cards_removed":["Pain"],"damage_healed":0.0,"max_hp_gain":0.0,"max_hp_loss":0.0,"gold_gain":0.0,"event_name":"Golden Wing","player_choice":"Card Removal","floor":7.0,"gold_loss":0.0,"damage_taken":7.0},{"damage_healed":0.0,"max_hp_gain":0.0,"max_hp_loss":0.0,"gold_gain":0.0,"event_name":"Cursed Tome","player_choice":"Obtained Book","floor":19.0,"gold_loss":0.0,"damage_taken":16.0},{"damage_healed":0.0,"max_hp_gain":0.0,"max_hp_loss":0.0,"gold_gain":275.0,"event_name":"Golden Shrine","player_choice":"Desecrate","floor":20.0,"gold_loss":0.0,"damage_taken":0.0,"cards_obtained":["Regret"]}],"is_beta":false,"boss_relics":[{"not_picked":["Empty Cage","Calling Bell"],"picked":"SlaversCollar"}],"items_purged_floors":[14],"is_endless":false,"potions_floor_spawned":[1,5,11,12,21,28,29],"killed_by":"Snake Plant","ascension_level":2}}