{"host":"htqwg582tjjtn9p7","time":1609187678,"event":{"mods":["2.2 Compatiblity","AchievementEnabler","Act Like it!","Aspiration","BaseMod","Better Third Choice","Colored Map","Conspire","Curses Come First","Displayed Cursed Tome","Energized Spire","Force Act Four","GifTheSpireLib","Hermit","Highlight Path","JesterMod","Mad Scientist","Minty Spire (QoL Compilation)","Pale of the Ancients","Permanent Neow","Random Character Button","Relic Stats","Replay The Spire","Robot Space Explorer","Somnambulant","Spicy Shops","Spikes Relics","StSLib","Stuff the Spire","The Blue Laboratory","The Disciple","The Dragon Tamer","The Forsaken","The Gatherer","The Judge","The Jungle","The Marked","The Runesmith","The Servant 0.9.4"],"gold_per_floor":[118,13,27,39,51,51,51,51,51,63,93,116,116,132,132,204,204,217,217,217,24,41,41,69,69,119,119,129,29,29,29],"floor_reached":30,"playtime":1118,"items_purged":["Shame","Pride"],"score":434,"play_id":"bbf5ab96-02d1-4b38-b625-effd8cc98a0a","local_time":"20201228213438","is_ascension_mode":true,"campfire_choices":[{"floor":6,"key":"REST"},{"floor":13,"key":"REST"},{"floor":15,"key":"REST"},{"data":"Corruption","floor":23,"key":"SMITH"},{"floor":25,"key":"REST"},{"floor":27,"key":"REST"}],"circlet_count":0,"master_deck":["AscendersBane","Strike_R","Strike_R+1","Strike_R+1","Strike_R","Defend_R","Defend_R","Defend_R","Defend_R","Bash+1","Consecrate+1","Feel No Pain+1","ReplayTheSpireMod:Stacked","LessonLearned","Armaments+1","StuffTheSpire:Slingshot+1","Dual Wield","Corruption+1","Flame Barrier","Wallop","Shrug It Off","Armaments+1","Disarm+1"],"relics":["aspiration:WatcherSkillbook","InkBottle","ReplayFunnel","StuffTheSpire:Gunfinga","SacredBark","Akabeko","Bronze Scales"],"acts_visited":["Exordium","TheCity"],"potions_floor_usage":[11,11,22,24],"damage_taken":[{"damage":1,"enemies":"Cultist","floor":1,"turns":4},{"damage":7,"enemies":"Small Slimes","floor":3,"turns":4},{"damage":7,"enemies":"Jaw Worm","floor":4,"turns":3},{"damage":43,"enemies":"Exordium Thugs","floor":5,"turns":6},{"damage":7,"enemies":"Exordium Wildlife","floor":10,"turns":8},{"damage":7,"enemies":"Gremlin Nob","floor":11,"turns":4},{"damage":2,"enemies":"2 Fungi Beasts","floor":14,"turns":4},{"damage":14,"enemies":"Slime Boss","floor":16,"turns":19},{"damage":9,"enemies":"Chosen","floor":18,"turns":8},{"damage":7,"enemies":"3 Byrds","floor":22,"turns":5},{"damage":43,"enemies":"Slavers","floor":24,"turns":9},{"damage":47,"enemies":"3 Cultists","floor":28,"turns":6},{"damage":0,"enemies":"Snecko","floor":30,"turns":1}],"seed_played":"3243886707393187803","potions_obtained":[{"floor":4,"key":"Fire Potion"},{"floor":10,"key":"blueLaboratory:IronCompound"},{"floor":14,"key":"blueLaboratory:ExaltedPotion"},{"floor":16,"key":"Weak Potion"},{"floor":28,"key":"SkillPotion"}],"is_trial":false,"path_per_floor":["M","$","M","M","M","R","?","?","T","M","E","T","R","M","R","B",null,"M","?","?","$","M","R","E","R","T","R","M","$","M"],"character_chosen":"IRONCLAD","items_purchased":["Feel No Pain","Wallop","Shrug It Off"],"campfire_rested":5,"item_purchase_floors":[2,21,21],"current_hp_per_floor":[67,67,60,53,10,32,28,28,28,21,14,14,36,34,56,42,67,58,58,58,58,51,51,8,30,30,52,5,5,5,5],"gold":29,"neow_bonus":"BOSS_RELIC","is_daily":false,"chose_seed":false,"campfire_upgraded":1,"win_rate":0.0,"timestamp":1609187678,"path_taken":["M","?","?","M","M","R","?","?","T","?","E","?","R","M","R","BOSS","M","?","?","$","?","R","E","R","T","R","M","?","?"],"items_purchased_type":["Card","Card","Card"],"build_version":"2020-12-22","purchased_purges":2,"victory":false,"max_hp_per_floor":[75,75,75,75,75,75,75,75,75,75,75,75,75,75,75,75,75,75,75,75,75,75,75,75,75,75,75,75,75,75,75],"relic_stats":{"counters":[13,80],"Bronze Scales":[26],"obtain_stats":[{"ReplayFunnel":11,"StuffTheSpire:Gunfinga":12,"SacredBark":17,"Bronze Scales":26,"aspiration:WatcherSkillbook":0,"Burning Blood":0,"InkBottle":9,"Akabeko":24},{"ReplayFunnel":6,"StuffTheSpire:Gunfinga":6,"SacredBark":8,"Bronze Scales":11,"aspiration:WatcherSkillbook":0,"Burning Blood":0,"InkBottle":4,"Akabeko":11},{"ReplayFunnel":29,"StuffTheSpire:Gunfinga":29,"SacredBark":52,"Bronze Scales":74,"aspiration:WatcherSkillbook":0,"Burning Blood":0,"InkBottle":17,"Akabeko":74}],"InkBottle":[17]},"card_choices":[{"not_picked":["Replay:AtTheReady","Twin Strike","Headbutt"],"picked":"Consecrate","floor":1},{"not_picked":["LikeWater","Pommel Strike","ReplayTheSpireMod:Strike From Hell"],"picked":"ReplayTheSpireMod:Stacked","floor":3},{"not_picked":["ClearTheMind","Warcry","Body Slam"],"picked":"LessonLearned","floor":4},{"not_picked":["Shockwave","Wild Strike","Protect"],"picked":"Armaments","floor":5},{"not_picked":["Wireheading","Wild Strike","FlurryOfBlows","Bloodletting"],"picked":"SKIP","floor":10},{"not_picked":["Dual Wield","FlyingSleeves","StuffTheSpire:Incineration"],"picked":"StuffTheSpire:Slingshot","floor":11},{"not_picked":["Pommel Strike","WheelKick","Warcry"],"picked":"Dual Wield","floor":14},{"not_picked":["Impervious","Double Tap","LessonLearned"],"picked":"Corruption","floor":16},{"not_picked":["Meditate","Replay:Battleflow","Replay:AtTheReady"],"picked":"Flame Barrier","floor":18},{"not_picked":["SashWhip","ReplayTheSpireMod:Limb From Limb","Warcry","Armaments"],"picked":"SKIP","floor":22},{"not_picked":["Pommel Strike","Exhume","Headbutt"],"picked":"Armaments+1","floor":24},{"not_picked":["Replay:ManipulateFuture","Adaptation","Anger"],"picked":"Disarm+1","floor":28}],"player_experience":1818268,"relics_obtained":[{"floor":9,"key":"InkBottle"},{"floor":11,"key":"ReplayFunnel"},{"floor":12,"key":"StuffTheSpire:Gunfinga"},{"floor":24,"key":"Akabeko"},{"floor":26,"key":"Bronze Scales"}],"event_choices":[{"damage_healed":0,"gold_gain":0,"player_choice":"Leave","damage_taken":0,"max_hp_gain":0,"max_hp_loss":0,"event_name":"conspire:Investor","floor":7,"gold_loss":0},{"cards_removed":["Strike_R"],"damage_healed":0,"gold_gain":0,"player_choice":"Purged","damage_taken":0,"max_hp_gain":0,"max_hp_loss":0,"event_name":"Purifier","floor":8,"gold_loss":0}],"is_beta":false,"boss_relics":[{"not_picked":["energizedSpire:RedRose","StuffTheSpire:RunicConfusion"],"picked":"SacredBark"}],"items_purged_floors":[21,29],"is_endless":false,"potions_floor_spawned":[4,10,14,16,28],"killed_by":"Snecko","ascension_level":15}}