{"host":"pi8b3ffzwvxqztac","time":1609188656,"event":{"mods":["BaseMod","Colored Map","Downfall","Minty Spire (QoL Compilation)","StSLib"],"gold_per_floor":[99,117,117,117,135,135,135,165,40,56,6,6,25,25,40,142,142,92,103,103,123,123,73,73,91,41,71,21,34,34,34,49,144,144,19,36,21,36,52,83,83,93,111,61,159,159,34,84,102,102,102,137,37,37,37],"floor_reached":56,"playtime":3275,"items_purged":["Slimebound:Tackle","Slimebound:Gluttony+1"],"score":1246,"play_id":"586ae534-92b7-47c7-a958-db58e4eb799e","local_time":"20201229095056","is_ascension_mode":false,"campfire_choices":[{"floor":1,"key":"RECALL"},{"data":"Slimebound:CorrosiveSpit","floor":9,"key":"SMITH"},{"data":"Slimebound:Split","floor":12,"key":"SMITH"},{"data":"Slimebound:Equalize","floor":18,"key":"SMITH"},{"data":"Slimebound:TagTeam","floor":23,"key":"SMITH"},{"floor":26,"key":"REST"},{"data":"Slimebound:LevelUp","floor":28,"key":"SMITH"},{"data":"Slimebound:RejuvenatingLick","floor":35,"key":"SMITH"},{"data":"Slimebound:HauntingLick","floor":44,"key":"SMITH"},{"data":"Slimebound:OneTwoCombo","floor":47,"key":"SMITH"},{"data":"expansioncontent:SuperHexaguard","floor":54,"key":"SMITH"}],"circlet_count":0,"master_deck":["Slimebound:Strike_Slimebound+1","Slimebound:Strike_Slimebound+1","Slimebound:Strike_Slimebound+1","Slimebound:Defend_Slimebound+1","Slimebound:Defend_Slimebound+1","Slimebound:Defend_Slimebound+1","Slimebound:Defend_Slimebound+1","Slimebound:Split+1","Slimebound:CorrosiveSpit+1","expansioncontent:SuperHexaguard+1","Slimebound:SplitMire","Slimebound:Recycling","Slimebound:LevelUp+1","Slimebound:Equalize+1","Slimebound:TagTeam+1","Slimebound:RejuvenatingLick+1","Slimebound:OneTwoCombo+1","Slimebound:SlimeBrawl+1","Slimebound:LeadByExample+1","Slimebound:HauntingLick+1","Slimebound:GrowthPunch+1","Slimebound:LivingWall+1","Slimebound:MinionMaster+1"],"relics":["Slimebound:AbsorbEndCombat","War Paint","Slimebound:GreedOozeRelic","Matryoshka","StoneCalendar","downfall:HeartBlessingRed","SlaversCollar","Spirit Poop","White Beast Statue","downfall:RedIOU","SacredBark","downfall:HeartBlessingBlue","Frozen Egg 2","Centennial Puzzle","Pantograph","Potion Belt","downfall:HeartBlessingGreen","Calipers","Kunai"],"acts_visited":["Exordium","TheCity","TheBeyond","TheEnding"],"potions_floor_usage":[8,15,16,21,21,27,33,38,42,43,50,55,55,55],"damage_taken":[{"damage":9,"enemies":"2 Louse","floor":2,"turns":2},{"damage":6,"enemies":"Cultist","floor":5,"turns":3},{"damage":15,"enemies":"3 Sentries","floor":8,"turns":6},{"damage":11,"enemies":"Small Slimes","floor":10,"turns":2},{"damage":31,"enemies":"downfall:FleeingMerchant","floor":11,"turns":4},{"damage":22,"enemies":"Exordium Wildlife","floor":13,"turns":3},{"damage":4,"enemies":"2 Fungi Beasts","floor":15,"turns":2},{"damage":67,"enemies":"downfall:Silent","floor":16,"turns":6},{"damage":33,"enemies":"Spheric Guardian","floor":19,"turns":5},{"damage":26,"enemies":"3 Byrds","floor":21,"turns":4},{"damage":32,"enemies":"Shelled Parasite and Fungi","floor":25,"turns":4},{"damage":41,"enemies":"Slavers","floor":27,"turns":4},{"damage":24,"enemies":"3 Cultists","floor":29,"turns":4},{"damage":11,"enemies":"Cultist and Chosen","floor":32,"turns":5},{"damage":73,"enemies":"downfall:Watcher","floor":33,"turns":5},{"damage":8,"enemies":"3 Shapes","floor":36,"turns":3},{"damage":19,"enemies":"downfall:FleeingMerchant","floor":37,"turns":4},{"damage":19,"enemies":"3 Darklings","floor":38,"turns":3},{"damage":24,"enemies":"Sphere and 2 Shapes","floor":39,"turns":3},{"damage":67,"enemies":"Nemesis","floor":40,"turns":4},{"damage":38,"enemies":"Maw","floor":42,"turns":4},{"damage":12,"enemies":"Transient","floor":43,"turns":5},{"damage":0,"enemies":"downfall:FleeingMerchant","floor":45,"turns":1},{"damage":4,"enemies":"Mind Bloom Boss Battle","floor":48,"turns":3},{"damage":30,"enemies":"Spire Growth","floor":49,"turns":4},{"damage":17,"enemies":"downfall:Defect","floor":50,"turns":5},{"damage":37,"enemies":"downfall:CharBossMerchant","floor":52,"turns":6},{"damage":123,"enemies":"downfall:NeowBoss","floor":55,"turns":21}],"seed_played":"1348488483575030788","potions_obtained":[{"floor":2,"key":"Slimebound:SlimyTonguePotion"},{"floor":5,"key":"sneckomod:MuddlingPotion"},{"floor":6,"key":"downfall:CursedFountainPotion"},{"floor":13,"key":"Slimebound:ThreeZeroPotion"},{"floor":16,"key":"Slimebound:ThreeZeroPotion"},{"floor":25,"key":"Weak Potion"},{"floor":29,"key":"ColorlessPotion"},{"floor":32,"key":"Strength Potion"},{"floor":33,"key":"Strength Potion"},{"floor":36,"key":"SneckoOil"},{"floor":37,"key":"Fire Potion"},{"floor":38,"key":"sneckomod:MuddlingPotion"},{"floor":39,"key":"Energy Potion"},{"floor":40,"key":"AttackPotion"},{"floor":42,"key":"Slimebound:SpawnSlimePotion"},{"floor":43,"key":"SmokeBomb"},{"floor":45,"key":"Swift Potion"},{"floor":48,"key":"FearPotion"},{"floor":49,"key":"GamblersBrew"},{"floor":52,"key":"Fire Potion"}],"is_trial":false,"path_per_floor":["R","M","?","?","M","?","T","E","R","M","$","R","M","?","M","B",null,"R","M","?","M","?","R","T","M","R","E","R","M","?","?","M","B",null,"R","M","$","M","M","E","T","M","M","R","?","$","R","?","M","B",null,"E","$","R","B",null],"character_chosen":"SLIMEBOUND","items_purchased":["Slimebound:LevelUp","Potion Belt"],"campfire_rested":1,"item_purchase_floors":[11,45],"current_hp_per_floor":[60,57,57,57,60,60,60,60,60,60,47,47,41,41,47,20,60,60,45,45,37,37,37,37,31,49,40,40,46,46,46,51,20,60,70,70,70,70,70,37,37,39,70,70,70,70,70,70,50,70,70,59,59,59,68],"gold":37,"neow_bonus":"RANDOM_COLORLESS","is_daily":false,"chose_seed":false,"campfire_upgraded":9,"win_rate":0.0,"timestamp":1609188656,"path_taken":["R","M","?","?","M","?","T","E","R","M","$","R","?","?","M","BOSS","R","M","?","M","?","R","T","M","R","E","R","?","?","?","M","BOSS","R","M","$","M","M","E","T","M","M","R","?","$","R","?","M","BOSS","E","$","R","BOSS"],"items_purchased_type":["Card","Relic"],"build_version":"2020-12-22","purchased_purges":2,"victory":true,"max_hp_per_floor":[60,60,60,60,60,60,60,60,60,60,60,60,60,60,60,60,60,60,60,60,60,60,60,60,60,60,60,60,60,60,60,60,60,60,70,70,70,70,70,70,70,70,70,70,70,70,70,70,70,70,70,70,70,70,70],"card_choices":[{"not_picked":["expansioncontent:TimeRipple","Trip"],"picked":"expansioncontent:SuperHexaguard","floor":0},{"not_picked":["Slimebound:Schlurp","Slimebound:ForwardTackle","Slimebound:FinishingTackle"],"picked":"SKIP","floor":2},{"not_picked":["Slimebound:SplitAcid","Slimebound:WasteNot"],"picked":"Slimebound:SplitMire","floor":5},{"not_picked":["Slimebound:Nibble","Slimebound:DivideAndConquer"],"picked":"Slimebound:Recycling","floor":8},{"not_picked":["Slimebound:ComboTackle","Slimebound:RainOfGoop","Slimebound:Prepare"],"picked":"SKIP","floor":10},{"not_picked":["Slimebound:ComboTackle","Slimebound:ProtectTheBoss","Slimebound:PressTheAttack"],"picked":"SKIP","floor":11},{"not_picked":["Slimebound:ServeAndProtect","Slimebound:ProtectTheBoss"],"picked":"Slimebound:Equalize","floor":13},{"not_picked":["Slimebound:Replication","Slimebound:RollThrough"],"picked":"Slimebound:TagTeam","floor":15},{"not_picked":["Slimebound:ComboTackle","Slimebound:Dissolve","Slimebound:ViciousTackle+1"],"picked":"SKIP","floor":19},{"not_picked":["Slimebound:SplitSpecialist","Slimebound:SplitMire","Slimebound:Replication"],"picked":"SKIP","floor":21},{"not_picked":["Slimebound:ItLooksTasty","Slimebound:SplitBruiser"],"picked":"Slimebound:Gluttony+1","floor":25},{"not_picked":["Slimebound:SplitBruiser","Slimebound:Schlurp","Slimebound:SlimeBrawl"],"picked":"SKIP","floor":27},{"not_picked":["Slimebound:FinishingTackle","Slimebound:Chomp+1","Slimebound:TagTeam"],"picked":"SKIP","floor":29},{"not_picked":["Slimebound:Schlurp","Slimebound:LeechingTouch+1"],"picked":"Slimebound:RejuvenatingLick","floor":32},{"not_picked":["Slimebound:Overexert","Slimebound:CheckThePlaybook"],"picked":"Slimebound:OneTwoCombo","floor":33},{"not_picked":["Slimebound:FinishingTackle","Slimebound:Replication+1"],"picked":"Slimebound:SlimeBrawl+1","floor":36},{"not_picked":["Slimebound:SlimeBrawl+1","Slimebound:Equalize+1"],"picked":"Slimebound:LeadByExample+1","floor":37},{"not_picked":["Slimebound:PressTheAttack+1","Slimebound:SplitAcid+1","Slimebound:ComboTackle+1"],"picked":"SKIP","floor":38},{"not_picked":["Slimebound:SplitAcid+1","Slimebound:SamplingLick"],"picked":"Slimebound:HauntingLick","floor":39},{"not_picked":["Slimebound:GoopSpray","Slimebound:SplitAcid+1","Slimebound:PressTheAttack+1"],"picked":"SKIP","floor":40},{"not_picked":["Slimebound:SlimeSpikes","Slimebound:FlameTackle+1"],"picked":"Slimebound:GrowthPunch+1","floor":42},{"not_picked":["Slimebound:RollThrough+1","Slimebound:SpikyOuterGoop+1","Slimebound:GoopTackle+1"],"picked":"SKIP","floor":43},{"not_picked":["Slimebound:Grow+1","Slimebound:HungryTackle+1"],"picked":"Slimebound:LivingWall+1","floor":45},{"not_picked":["Slimebound:LeechEnergy","Slimebound:SplitLeeching"],"picked":"Slimebound:MinionMaster+1","floor":49},{"not_picked":["Slimebound:GrowthPunch+1","Slimebound:ViciousTackle","Slimebound:Gluttony+1"],"picked":"SKIP","floor":52}],"player_experience":450044,"relics_obtained":[{"floor":7,"key":"Matryoshka"},{"floor":8,"key":"StoneCalendar"},{"floor":24,"key":"Ancient Tea Set"},{"floor":27,"key":"White Beast Statue"},{"floor":40,"key":"Frozen Egg 2"},{"floor":41,"key":"Centennial Puzzle"},{"floor":41,"key":"Pantograph"},{"floor":48,"key":"Calipers"},{"floor":52,"key":"Kunai"}],"event_choices":[{"damage_healed":0,"gold_gain":0,"player_choice":"Box","damage_taken":0,"relics_obtained":["War Paint"],"max_hp_gain":0,"max_hp_loss":0,"event_name":"Big Fish","floor":3,"gold_loss":0,"cards_obtained":["Regret"]},{"cards_removed":["Regret"],"damage_healed":0,"gold_gain":0,"player_choice":"Offered Curse","damage_taken":0,"relics_obtained":["Spirit Poop"],"max_hp_gain":0,"max_hp_loss":0,"event_name":"Bonfire Elementals","floor":22,"gold_loss":0},{"damage_healed":0,"gold_gain":0,"player_choice":"Simplicity","damage_taken":0,"max_hp_gain":0,"max_hp_loss":0,"event_name":"Back to Basics","floor":31,"gold_loss":0,"cards_upgraded":["Slimebound:Strike_Slimebound","Slimebound:Strike_Slimebound","Slimebound:Strike_Slimebound","Slimebound:Defend_Slimebound","Slimebound:Defend_Slimebound"]}],"is_beta":false,"boss_relics":[{"not_picked":["Slimebound:TarBlob","Runic Dome"],"picked":"SlaversCollar"},{"not_picked":["Velvet Choker","Black Star"],"picked":"SacredBark"}],"items_purged_floors":[45,53],"is_endless":false,"potions_floor_spawned":[2,5,13,16,25,29,32,33,36,37,38,39,40,42,43,45,48,49,52],"ascension_level":0}}