{"host":"4w8ocelhatf0iefc","time":1609157886,"event":{"mods":["AchievementEnabler","Act Like it!","Aspiration","BaseMod","Colored Map","Colored Powertips","Downfall","GifTheSpireLib","Hubris","Minty Spire (QoL Compilation)","Replay The Spire","StSLib","The Mystic","vexMod"],"gold_per_floor":[99,113,130,143,158,169,169,43,43,43,43,59,44,56,71,71,71,71],"floor_reached":16,"playtime":764,"items_purged":["champ:Strike"],"score":96,"play_id":"784b71a6-1301-4601-9de6-595fd92cf85e","local_time":"20201228201806","is_ascension_mode":false,"campfire_choices":[{"floor":1,"key":"DIG"},{"data":"champ:LastStand","floor":9,"key":"SMITH"}],"circlet_count":0,"master_deck":["champ:Strike","champ:Strike","champ:Strike","champ:Defend","champ:Defend","champ:Defend","champ:Defend","champ:Execute","champ:Taunt","champ:Backstep","champ:StanceDance","champ:RecklessLeap","champ:LastStand+1","champ:EndlessRage","champ:BladeFlurry","champ:FlashCut+1","champ:AdrenalArmor","champ:BerserkersShout","champ:DefensiveStyle","champ:FanOfKnives"],"relics":["champ:ChampionCrown","vexMod:FocusSash","Gremlin Food","Garlic"],"acts_visited":["Exordium"],"potions_floor_usage":[8,8,12,16,16],"damage_taken":[{"damage":5,"enemies":"2 Louse","floor":2,"turns":2},{"damage":10,"enemies":"Small Slimes","floor":3,"turns":4},{"damage":15,"enemies":"Cultist","floor":4,"turns":4},{"damage":28,"enemies":"Red Slaver","floor":5,"turns":3},{"damage":18,"enemies":"3 Louse","floor":6,"turns":2},{"damage":38,"enemies":"downfall:FleeingMerchant","floor":8,"turns":4},{"damage":37,"enemies":"Exordium Wildlife","floor":12,"turns":6},{"damage":9,"enemies":"downfall:FleeingMerchant","floor":13,"turns":4},{"damage":24,"enemies":"2 Fungi Beasts","floor":14,"turns":4},{"damage":12,"enemies":"Exordium Thugs","floor":15,"turns":5},{"damage":68,"enemies":"downfall:Defect","floor":16,"turns":8}],"seed_played":"8207861356853240807","potions_obtained":[{"floor":2,"key":"AttackPotion"},{"floor":5,"key":"champ:TechniquePotion"},{"floor":11,"key":"Explosive Potion"},{"floor":11,"key":"Weak Potion"},{"floor":11,"key":"Regen Potion"}],"is_trial":false,"path_per_floor":["R_BF","M","M","M","M","M","T","$","R","?","?","M","$","M","M","B"],"character_chosen":"THE_CHAMP","items_purchased":["champ:FlashCut+1"],"campfire_rested":0,"item_purchase_floors":[8],"current_hp_per_floor":[90,90,90,83,75,75,75,75,75,84,84,62,62,56,51,0,0,0],"gold":71,"neow_bonus":"RANDOM_COMMON_RELIC","is_daily":false,"chose_seed":false,"campfire_upgraded":1,"win_rate":0.0,"timestamp":1609157886,"path_taken":["R_BF","M","M","M","M","M","T","$","R","?","?","?","?","M","M","BOSS"],"items_purchased_type":["Card"],"build_version":"2020-12-22","purchased_purges":1,"victory":false,"max_hp_per_floor":[90,90,90,90,90,90,90,90,90,90,90,90,90,90,90,90,90,90],"card_choices":[{"not_picked":["champ:RisingSlash","champ:PerfectedStrike"],"picked":"champ:Backstep","floor":2},{"not_picked":["champ:FightOn","champ:BerserkersShout"],"picked":"champ:StanceDance","floor":3},{"not_picked":["champ:BerserkersShout","champ:DefensiveShout"],"picked":"champ:RecklessLeap","floor":4},{"not_picked":["champ:FocusedBerserking","champ:FanOfKnives"],"picked":"champ:LastStand","floor":5},{"not_picked":["champ:FlashCut","champ:Haymaker"],"picked":"champ:EndlessRage","floor":6},{"not_picked":["champ:FightOn","champ:RecklessLeap"],"picked":"champ:BladeFlurry","floor":8},{"not_picked":["champ:FightOn","champ:FlashCut"],"picked":"champ:AdrenalArmor","floor":12},{"not_picked":["champ:StanceDance","champ:FanOfKnives"],"picked":"champ:BerserkersShout","floor":13},{"not_picked":["champ:TornadoPunch","champ:FlashCut"],"picked":"champ:DefensiveStyle","floor":14},{"not_picked":["champ:GladiatorsShout","champ:CalledShot"],"picked":"champ:FanOfKnives","floor":15}],"player_experience":454233,"relics_obtained":[{"floor":1,"key":"Gremlin Food"},{"floor":7,"key":"Garlic"}],"event_choices":[{"damage_healed":0,"gold_gain":0,"player_choice":"Got Potions","damage_taken":0,"max_hp_gain":0,"max_hp_loss":0,"event_name":"Lab","floor":11,"gold_loss":0}],"is_beta":false,"boss_relics":[],"items_purged_floors":[8],"is_endless":false,"potions_floor_spawned":[2,5],"killed_by":"downfall:Defect","ascension_level":0}}