{"host":"dhyczjm99amxd3qx","time":1609128255,"event":{"mods":["BaseMod","Colored Map","Googly Eyes","Highlight Path","Minty Spire (QoL Compilation)","Quick Restart","StSLib"],"gold_per_floor":[115,115,133,58,58,93,123,157,239,61,71,71,71,86,86,187,187,202,202,301,316,14,43,43,61,61,72,107,107,121,121,121,225,225,238,252,272,290,290,322,322,348,348,368,422,422,422,0,0,0,0],"floor_reached":50,"playtime":3613,"items_purged":["Pain","Strike_G"],"score":583,"play_id":"2dee750d-349a-4ae0-8e1f-b9e46b2efb5f","local_time":"20201227230415","is_ascension_mode":false,"campfire_choices":[{"floor":13.0,"key":"REST"},{"floor":15.0,"key":"REST"},{"data":"Bullet Time","floor":29.0,"key":"SMITH"},{"data":"Crippling Poison","floor":32.0,"key":"SMITH"},{"data":"A Thousand Cuts","floor":41,"key":"SMITH"},{"data":"Bouncing Flask","floor":47,"key":"SMITH"},{"data":"Infinite Blades","floor":49,"key":"SMITH"}],"circlet_count":0,"master_deck":["Defend_G+1","Defend_G+1","Defend_G+1","Defend_G+1","Defend_G+1","Neutralize","Poisoned Stab","Distraction","Bouncing Flask+1","Die Die Die","Crippling Poison+1","Deflect+1","Poisoned Stab","Poisoned Stab","Bullet Time+1","A Thousand Cuts+1","Infinite Blades+1","Crippling Poison+1"],"relics":["Ring of the Snake","WarpedTongs","WingedGreaves","Lantern","Juzu Bracelet","White Beast Statue","Singing Bowl","Calipers","Empty Cage","Torii","Ginger","Boot","Pantograph","Centennial Puzzle","Busted Crown","Pen Nib","Happy Flower","Mercury Hourglass","Du-Vu Doll","Red Mask"],"acts_visited":["Exordium","TheCity","TheBeyond"],"potions_floor_usage":[40,40,44,50],"damage_taken":[{"damage":0.0,"enemies":"Jaw Worm","floor":1.0,"turns":8.0},{"damage":2.0,"enemies":"Cultist","floor":3.0,"turns":3.0},{"damage":21.0,"enemies":"3 Sentries","floor":6.0,"turns":10.0},{"damage":22.0,"enemies":"Gremlin Nob","floor":7.0,"turns":5.0},{"damage":10.0,"enemies":"Lagavulin","floor":8.0,"turns":6.0},{"damage":0.0,"enemies":"2 Louse","floor":11.0,"turns":2.0},{"damage":0.0,"enemies":"Blue Slaver","floor":14.0,"turns":2.0},{"damage":12.0,"enemies":"Hexaghost","floor":16.0,"turns":9.0},{"damage":0.0,"enemies":"3 Byrds","floor":18.0,"turns":3.0},{"damage":5.0,"enemies":"Shell Parasite","floor":21.0,"turns":6.0},{"damage":2.0,"enemies":"Book of Stabbing","floor":23.0,"turns":5.0},{"damage":11.0,"enemies":"Snecko","floor":25.0,"turns":4.0},{"damage":0.0,"enemies":"3 Cultists","floor":27.0,"turns":5.0},{"damage":20.0,"enemies":"Gremlin Leader","floor":28.0,"turns":4.0},{"damage":1.0,"enemies":"Centurion and Healer","floor":30.0,"turns":4.0},{"damage":21.0,"enemies":"Collector","floor":33.0,"turns":8.0},{"damage":15.0,"enemies":"3 Shapes","floor":35.0,"turns":4.0},{"damage":1.0,"enemies":"3 Darklings","floor":36.0,"turns":3.0},{"damage":7.0,"enemies":"Writhing Mass","floor":37.0,"turns":4.0},{"damage":10.0,"enemies":"4 Shapes","floor":38.0,"turns":3.0},{"damage":1,"enemies":"Giant Head","floor":40,"turns":7},{"damage":69,"enemies":"Nemesis","floor":42,"turns":7},{"damage":1,"enemies":"Spire Growth","floor":44,"turns":4},{"damage":2,"enemies":"2 Orb Walkers","floor":45,"turns":4},{"damage":85,"enemies":"Time Eater","floor":50,"turns":8}],"seed_played":"1184804495922753196","potions_obtained":[{"floor":8.0,"key":"Energy Potion"},{"floor":11.0,"key":"EntropicBrew"},{"floor":14.0,"key":"Regen Potion"},{"floor":16.0,"key":"PowerPotion"},{"floor":18.0,"key":"GamblersBrew"},{"floor":21.0,"key":"Poison Potion"},{"floor":23.0,"key":"FearPotion"},{"floor":25.0,"key":"ColorlessPotion"},{"floor":27.0,"key":"LiquidBronze"},{"floor":28.0,"key":"EntropicBrew"},{"floor":30.0,"key":"FairyPotion"},{"floor":33.0,"key":"ColorlessPotion"},{"floor":35.0,"key":"SpeedPotion"},{"floor":36.0,"key":"Explosive Potion"},{"floor":37.0,"key":"Swift Potion"},{"floor":38.0,"key":"Swift Potion"},{"floor":40,"key":"Block Potion"},{"floor":42,"key":"PowerPotion"},{"floor":44,"key":"LiquidBronze"},{"floor":45,"key":"BlessingOfTheForge"}],"is_trial":false,"path_per_floor":["M","?","M","$","?","E","E","E","T","$","M","T","R","M","R","B",null,"M","?","?","M","$","E","?","M","T","M","E","R","M","?","R","B",null,"M","M","M","M","?","E","R","E","T","M","?","?","R","?","R","B"],"character_chosen":"THE_SILENT","items_purchased":["Die Die Die","Torii"],"campfire_rested":2,"item_purchase_floors":[10,22],"current_hp_per_floor":[70,70,68,68,56,35,13,3,3,3,3,3,24,26,47,52,74,74,74,74,71,71,69,69,60,60,62,44,44,45,45,45,64,84,71,72,67,59,59,58,58,28,28,27,27,27,27,27,27,0,0],"gold":0,"neow_bonus":"REMOVE_CARD","is_daily":false,"chose_seed":false,"campfire_upgraded":5,"win_rate":0.0,"timestamp":1609128255,"path_taken":["M","?","M","?","?","E","E","E","T","$","M","?","R","M","R","BOSS","M","?","?","M","$","E","?","M","T","M","E","R","M","?","R","BOSS","M","M","M","M","?","E","R","E","T","M","?","?","R","?","R","BOSS"],"items_purchased_type":["Card","Relic"],"build_version":"2020-12-22","purchased_purges":2,"victory":false,"max_hp_per_floor":[70,70,70,70,70,70,70,70,70,70,70,70,70,72,72,74,74,74,74,74,76,76,76,76,78,78,80,82,82,84,84,84,84,84,86,88,90,92,87,87,87,89,89,89,91,91,91,91,91,91,91],"card_choices":[{"not_picked":["Blade Dance","Calculated Gamble"],"picked":"Poisoned Stab","floor":1.0},{"not_picked":["Deflect","Well Laid Plans","Predator"],"picked":"SKIP","floor":3.0},{"not_picked":["Reflex","Unload"],"picked":"Distraction","floor":6.0},{"not_picked":["Slice","Backflip"],"picked":"Expertise","floor":7.0},{"not_picked":["Underhanded Strike","Bane"],"picked":"Bouncing Flask","floor":8.0},{"not_picked":["Masterful Stab","Flechettes"],"picked":"Crippling Poison","floor":11.0},{"not_picked":["Dash","Heel Hook","Bane"],"picked":"Singing Bowl","floor":14.0},{"not_picked":["Unload","Wraith Form v2","Phantasmal Killer"],"picked":"Singing Bowl","floor":16.0},{"not_picked":["Bane+1","PiercingWail"],"picked":"Deflect+1","floor":18.0},{"not_picked":["Sucker Punch","Prepared","Dagger Throw"],"picked":"Singing Bowl","floor":21.0},{"not_picked":["Glass Knife","Bane+1"],"picked":"Poisoned Stab","floor":23.0},{"not_picked":["Deadly Poison","Bane","Masterful Stab"],"picked":"Singing Bowl","floor":25.0},{"not_picked":["Outmaneuver","Flechettes","Slice"],"picked":"Singing Bowl","floor":27.0},{"not_picked":["Dagger Throw+1","Backstab","Flying Knee"],"picked":"Singing Bowl","floor":28.0},{"not_picked":["Bane","Slice","Heel Hook"],"picked":"Singing Bowl","floor":30.0},{"not_picked":["Burst","After Image"],"picked":"A Thousand Cuts","floor":33.0},{"not_picked":["Dagger Throw"],"picked":"Singing Bowl","floor":35.0},{"not_picked":["Sucker Punch"],"picked":"Singing Bowl","floor":36.0},{"not_picked":["Underhanded Strike"],"picked":"Singing Bowl","floor":37.0},{"not_picked":["Deadly Poison+1"],"picked":"Singing Bowl","floor":38.0},{"not_picked":[],"picked":"Infinite Blades","floor":40},{"not_picked":["Deadly Poison+1"],"picked":"Singing Bowl","floor":42},{"not_picked":[],"picked":"Crippling Poison+1","floor":44},{"not_picked":["All Out Attack"],"picked":"Singing Bowl","floor":45}],"player_experience":121184,"relics_obtained":[{"floor":6.0,"key":"Lantern"},{"floor":7.0,"key":"Juzu Bracelet"},{"floor":8.0,"key":"White Beast Statue"},{"floor":9.0,"key":"Singing Bowl"},{"floor":12.0,"key":"Calipers"},{"floor":23.0,"key":"Ginger"},{"floor":26.0,"key":"Boot"},{"floor":28.0,"key":"Pantograph"},{"floor":40,"key":"Pen Nib"},{"floor":42,"key":"Happy Flower"},{"floor":43,"key":"Mercury Hourglass"},{"floor":45,"key":"Du-Vu Doll"}],"event_choices":[{"damage_healed":0.0,"max_hp_gain":0.0,"max_hp_loss":0.0,"gold_gain":0.0,"event_name":"Accursed Blacksmith","player_choice":"Rummage","floor":2.0,"gold_loss":0.0,"damage_taken":0.0,"relics_obtained":["WarpedTongs"],"cards_obtained":["Pain"]},{"damage_healed":0.0,"max_hp_gain":0.0,"max_hp_loss":0.0,"gold_gain":0.0,"event_name":"Scrap Ooze","player_choice":"Success","floor":5.0,"gold_loss":0.0,"damage_taken":12.0,"relics_obtained":["WingedGreaves"]},{"damage_healed":0.0,"max_hp_gain":0.0,"max_hp_loss":0.0,"gold_gain":0.0,"event_name":"Back to Basics","player_choice":"Simplicity","floor":19.0,"gold_loss":0.0,"damage_taken":0.0,"cards_upgraded":["Strike_G","Defend_G","Defend_G","Defend_G","Defend_G","Defend_G"]},{"damage_healed":0.0,"max_hp_gain":0.0,"max_hp_loss":0.0,"gold_gain":99.0,"event_name":"Nest","player_choice":"Stole From Cult","floor":20.0,"gold_loss":0.0,"damage_taken":0.0},{"damage_healed":0.0,"max_hp_gain":0.0,"max_hp_loss":0.0,"gold_gain":0.0,"cards_transformed":["Survivor","Expertise"],"event_name":"Drug Dealer","player_choice":"Became Test Subject","floor":24.0,"gold_loss":0.0,"damage_taken":0.0,"cards_obtained":["Poisoned Stab","Bullet Time"]},{"damage_healed":0.0,"max_hp_gain":0.0,"max_hp_loss":0.0,"gold_gain":0.0,"event_name":"The Mausoleum","player_choice":"Opened","floor":31.0,"gold_loss":0.0,"damage_taken":0.0,"relics_obtained":["Centennial Puzzle"]},{"damage_healed":0.0,"max_hp_gain":0.0,"max_hp_loss":5.0,"gold_gain":0.0,"event_name":"Winding Halls","player_choice":"Max HP","floor":39.0,"gold_loss":0.0,"damage_taken":0.0},{"damage_healed":0,"gold_gain":0,"player_choice":"Fight","damage_taken":0,"max_hp_gain":0,"max_hp_loss":0,"event_name":"Mysterious Sphere","floor":45,"gold_loss":0},{"cards_removed":["Strike_G"],"damage_healed":0,"gold_gain":0,"player_choice":"Purged","damage_taken":0,"max_hp_gain":0,"max_hp_loss":0,"event_name":"Purifier","floor":46,"gold_loss":0},{"damage_healed":0,"gold_gain":0,"player_choice":"Paid","damage_taken":0,"relics_obtained":["Red Mask"],"max_hp_gain":0,"max_hp_loss":0,"event_name":"Tomb of Lord Red Mask","floor":48,"gold_loss":422}],"is_beta":false,"boss_relics":[{"not_picked":["Snecko Eye","Velvet Choker"],"picked":"Empty Cage"},{"not_picked":["Tiny House","Coffee Dripper"],"picked":"Busted Crown"}],"items_purged_floors":[4,10],"is_endless":false,"potions_floor_spawned":[8,11,14,16,18,21,23,25,27,28,30,33,35,36,37,38,40,42,44,45],"killed_by":"Time Eater","ascension_level":0}}