{"host":"uc9rcmnrswh1l0kc","time":1609128654,"event":{"mods":["2.2 Compatiblity","A Magickal Journey","Aspiration","BaseMod","Bestiary","Better Altar","Better Third Choice","BetterRewards","Block Reminder","Colorless Booster Pack","Conspire","Defective Defect","Defuse TimeMaze Blight","Displayed Cursed Tome","Ekko","Energized Spire","GifTheSpireLib","Infinite Spire","Ironclad Rager","Minty Spire (QoL Compilation)","Rare Cards Sparkle","Red Circlet Mod","Relic Stats","Replay The Spire","SacredBarkPlus","Shop Mod","Spicy Shops","StSLib","Stuff the Spire","The Blackbeard","The Bladedancer","The Blue Laboratory","The Cursed","The Death Knight","The Edgeheg","The Necromancer","Uncapped","Watcher Patcher","everything is the same but u backflip on backflip","vexMod"],"gold_per_floor":[117,117,136,136,146,146,178,198,198,42,80,99,132,150,150,150,150],"floor_reached":16,"playtime":853,"items_purged":[],"score":112,"play_id":"2eb49945-b5f0-44ba-bf65-851d93a4c7de","local_time":"20201227231054","is_ascension_mode":false,"campfire_choices":[{"data":"blademaster:AwakeningDefend","floor":6,"key":"SMITH"},{"floor":15,"key":"REST"}],"circlet_count":0,"master_deck":["blademaster:Strike","blademaster:Strike","blademaster:Strike","blademaster:Defend","blademaster:Defend","blademaster:Defend","blademaster:Defend","blademaster:RagingBlow","blademaster:HighVoltage","blademaster:StanceMastery","blademaster:LightningCrash","blademaster:Thrust","blademaster:Safeguard","blademaster:AwakeningDefend+1","blademaster:Blockade","blademaster:FuryOfTheElements","blademaster:Stability","blademaster:Safeguard","ReplayTheSpireMod:Splinters","blademaster:Safeguard","blademaster:AwakeningDefend","blademaster:SharpBlades","blademaster:UnrelentingWind","blademaster:Havoc"],"relics":["blademaster:DancersAmulet","vexMod:BarristanHead","Smiling Mask","Orrery","Strawberry","Pen Nib"],"acts_visited":["Exordium"],"potions_floor_usage":[7,13,16],"damage_taken":[{"damage":3,"enemies":"Cultist","floor":1,"turns":7},{"damage":3,"enemies":"conspire:RoseBush","floor":3,"turns":4},{"damage":0,"enemies":"Jaw Worm","floor":5,"turns":5},{"damage":21,"enemies":"Lagavulin","floor":7,"turns":10},{"damage":8,"enemies":"Red Slaver","floor":8,"turns":6},{"damage":1,"enemies":"3 Louse","floor":12,"turns":7},{"damage":32,"enemies":"Gremlin Nob","floor":13,"turns":7},{"damage":0,"enemies":"Blue Slaver","floor":14,"turns":4},{"damage":40,"enemies":"Slime Boss","floor":16,"turns":12}],"seed_played":"1926439562984166046","potions_obtained":[{"floor":3,"key":"blueLaboratory:HummingbirdPotion"},{"floor":4,"key":"blueLaboratory:PyrophylliteBrew"},{"floor":4,"key":"PowerPotion"},{"floor":11,"key":"Flashbang"},{"floor":13,"key":"Toxic Potion"}],"is_trial":false,"path_per_floor":["M","?","M","?","M","R","E","M","T","$","?","M","E","M","R","B"],"character_chosen":"THE_BLADEMASTER","items_purchased":["Orrery"],"campfire_rested":1,"item_purchase_floors":[10],"current_hp_per_floor":[72,72,69,69,69,69,48,40,40,40,47,46,14,14,38,0,0],"gold":150,"neow_bonus":"TRANSFORM_CARD","is_daily":false,"chose_seed":false,"campfire_upgraded":1,"win_rate":0.0,"timestamp":1609128654,"path_taken":["M","?","?","?","?","R","E","M","T","$","?","M","E","M","R","BOSS"],"items_purchased_type":["Relic"],"build_version":"2020-12-22","purchased_purges":0,"victory":false,"max_hp_per_floor":[75,75,75,75,75,75,75,75,75,75,82,82,82,82,82,82,82],"relic_stats":{"counters":[9,62],"Pen Nib":[1],"Smiling Mask":0,"obtain_stats":[{"vexMod:BarristanHead":7,"blademaster:StrongPerk":13,"Strawberry":11,"Orrery":10,"Pen Nib":13,"blademaster:DancersAmulet":0,"blademaster:ComboEveryTurnPerk":7,"Smiling Mask":9},{"vexMod:BarristanHead":4,"blademaster:StrongPerk":7,"Strawberry":5,"Orrery":5,"Pen Nib":7,"blademaster:DancersAmulet":0,"blademaster:ComboEveryTurnPerk":4,"Smiling Mask":5},{"vexMod:BarristanHead":26,"blademaster:StrongPerk":46,"Strawberry":32,"Orrery":32,"Pen Nib":46,"blademaster:DancersAmulet":0,"blademaster:ComboEveryTurnPerk":26,"Smiling Mask":32}]},"card_choices":[{"not_picked":["blademaster:ChargingUp","blademaster:Frontflip"],"picked":"blademaster:LightningCrash","floor":1},{"not_picked":["blademaster:BloodyBlow","blademaster:Stormstrike"],"picked":"blademaster:Safeguard","floor":3},{"not_picked":["blademaster:Gust","blademaster:Frontflip"],"picked":"blademaster:AwakeningDefend","floor":5},{"not_picked":["blademaster:LightningCrash","blademaster:AwakeningStrike"],"picked":"blademaster:Blockade","floor":7},{"not_picked":["blademaster:FuriousStrike","blademaster:DeadlyDance","blademaster:BladeCross"],"picked":"SKIP","floor":8},{"not_picked":["blademaster:DancingEdge","blademaster:FuriousStrike"],"picked":"blademaster:FuryOfTheElements","floor":10},{"not_picked":["blademaster:ThunderingOpener","blademaster:Quickness"],"picked":"blademaster:Stability","floor":10},{"not_picked":["blademaster:Momentum","blademaster:BladeCross"],"picked":"blademaster:Safeguard","floor":10},{"not_picked":["blademaster:TraverseCut","blademaster:Sunder"],"picked":"blademaster:Safeguard","floor":11},{"not_picked":["blademaster:AirSlash","blademaster:CombatPrep"],"picked":"blademaster:AwakeningDefend","floor":11},{"not_picked":["blademaster:BloodyBlow","blademaster:ParryingStrike"],"picked":"blademaster:SharpBlades","floor":12},{"not_picked":["blademaster:BloodyBlow","blademaster:Sunder"],"picked":"blademaster:UnrelentingWind","floor":13},{"not_picked":["blademaster:ThunderSlash","blademaster:FuriousStrike"],"picked":"blademaster:Havoc","floor":14}],"player_experience":455422,"relics_obtained":[{"floor":7,"key":"vexMod:BarristanHead"},{"floor":7,"key":"blademaster:ComboEveryTurnPerk"},{"floor":9,"key":"Smiling Mask"},{"floor":11,"key":"Strawberry"},{"floor":13,"key":"Pen Nib"},{"floor":13,"key":"blademaster:StrongPerk"}],"event_choices":[{"damage_healed":0,"gold_gain":0,"player_choice":"1 cards matched","damage_taken":0,"max_hp_gain":0,"max_hp_loss":0,"event_name":"Match and Keep!","floor":2,"gold_loss":0,"cards_obtained":["blademaster:Thrust"]},{"damage_healed":0,"gold_gain":0,"player_choice":"Got Potions","damage_taken":0,"max_hp_gain":0,"max_hp_loss":0,"event_name":"Lab","floor":4,"gold_loss":0}],"is_beta":false,"boss_relics":[],"items_purged_floors":[],"is_endless":false,"potions_floor_spawned":[3,5,13,14],"killed_by":"Slime Boss","ascension_level":0}}