{"host":"9ylwqx3xq4e4v98b","time":1609140543,"event":{"mods":["AchievementEnabler","BaseMod","Colored Map","DeckTracker","Minty Spire (QoL Compilation)","Permanent Neow","StSLib","SuperFastMode","Td1madao Mod","The Animator"],"gold_per_floor":[119,135,149,149,161,161,161,213,213,213,213,226,226,243,243,344,344,354,354,342,375,375,375],"floor_reached":22,"playtime":873,"items_purged":[],"score":176,"play_id":"c95ceec8-7b01-47f0-bef8-8d61177fd77e","local_time":"20201227232903","is_ascension_mode":false,"campfire_choices":[{"data":"Buffer","floor":7,"key":"SMITH"},{"data":"Redo","floor":10,"key":"SMITH"},{"data":"Dualcast","floor":13,"key":"SMITH"},{"data":"Seek","floor":15,"key":"SMITH"}],"circlet_count":0,"master_deck":["Strike_B","Strike_B","Strike_B","Strike_B","Defend_B","Defend_B","Defend_B","Defend_B","Zap+1","Dualcast+1","Buffer+1","Cold Snap","Hello World","Stack","Redo+1","Seek+1","Buffer","Loop","Aggregate","Redo","Beam Cell"],"relics":["Cracked Core"],"acts_visited":["Exordium","TheCity"],"potions_floor_usage":[16,21,21,22],"damage_taken":[{"damage":0,"enemies":"Cultist","floor":1,"turns":4},{"damage":5,"enemies":"2 Louse","floor":2,"turns":3},{"damage":0,"enemies":"Jaw Worm","floor":3,"turns":4},{"damage":11,"enemies":"Large Slime","floor":5,"turns":6},{"damage":9,"enemies":"Blue Slaver","floor":12,"turns":4},{"damage":2,"enemies":"3 Louse","floor":14,"turns":2},{"damage":27,"enemies":"Hexaghost","floor":16,"turns":12},{"damage":0,"enemies":"Spheric Guardian","floor":18,"turns":4},{"damage":8,"enemies":"2 Thieves","floor":20,"turns":4},{"damage":62,"enemies":"Masked Bandits","floor":21,"turns":5},{"damage":25,"enemies":"Centurion and Healer","floor":22,"turns":6}],"seed_played":"-7559588502239430224","potions_obtained":[{"floor":5,"key":"Dexterity Potion"},{"floor":12,"key":"Regen Potion"},{"floor":14,"key":"Energy Potion"},{"floor":18,"key":"Explosive Potion"},{"floor":21,"key":"Weak Potion"}],"is_trial":false,"path_per_floor":["M","M","M","?","M","?","R","T","T","R","?","M","R","M","R","B",null,"M","?","M","?","M"],"character_chosen":"DEFECT","items_purchased":[],"campfire_rested":0,"item_purchase_floors":[],"current_hp_per_floor":[75,70,70,70,59,59,59,59,59,59,59,50,50,48,48,21,75,75,75,67,5,0,0],"gold":375,"neow_bonus":"ONE_RANDOM_RARE_CARD","is_daily":false,"chose_seed":false,"campfire_upgraded":4,"win_rate":0.0,"timestamp":1609140543,"path_taken":["M","?","?","?","?","?","R","?","T","R","?","M","R","M","R","BOSS","M","?","M","?","M"],"items_purchased_type":[],"build_version":"2020-12-22","purchased_purges":0,"victory":false,"max_hp_per_floor":[75,75,75,75,75,75,75,75,75,75,75,75,75,75,75,75,75,75,75,75,75,75,75],"card_choices":[{"not_picked":["Hologram","Steam"],"picked":"Cold Snap","floor":1},{"not_picked":["Multi-Cast","FTL"],"picked":"Hello World","floor":2},{"not_picked":["Streamline","Gash"],"picked":"Stack","floor":3},{"not_picked":["Gash","Turbo"],"picked":"Redo","floor":5},{"not_picked":["Darkness","Hologram","Compile Driver"],"picked":"SKIP","floor":12},{"not_picked":["Streamline","Rebound"],"picked":"Seek","floor":14},{"not_picked":["Rainbow","Fission"],"picked":"Buffer","floor":16},{"not_picked":["Compile Driver","Beam Cell"],"picked":"Loop","floor":18},{"not_picked":["Coolheaded+1","Rebound"],"picked":"Redo","floor":20},{"not_picked":["White Noise","Steam"],"picked":"Beam Cell","floor":21}],"player_experience":179980,"relics_obtained":[],"event_choices":[{"damage_healed":0,"gold_gain":0,"player_choice":"Forge","damage_taken":0,"max_hp_gain":0,"max_hp_loss":0,"event_name":"Accursed Blacksmith","floor":4,"gold_loss":0,"cards_upgraded":["Zap"]},{"damage_healed":0,"gold_gain":0,"player_choice":"Fled","damage_taken":0,"max_hp_gain":0,"max_hp_loss":0,"event_name":"Scrap Ooze","floor":6,"gold_loss":0},{"damage_healed":0,"gold_gain":0,"player_choice":"Ignored","damage_taken":0,"max_hp_gain":0,"max_hp_loss":0,"event_name":"Golden Idol","floor":11,"gold_loss":0},{"damage_healed":0,"gold_gain":0,"player_choice":"Read","damage_taken":0,"max_hp_gain":0,"max_hp_loss":0,"event_name":"The Library","floor":19,"gold_loss":0,"cards_obtained":["Aggregate"]},{"damage_healed":0,"gold_gain":0,"player_choice":"Fought Bandits","damage_taken":0,"max_hp_gain":0,"max_hp_loss":0,"event_name":"Masked Bandits","floor":21,"gold_loss":0}],"is_beta":false,"boss_relics":[{"not_picked":["Runic Dome","Empty Cage","Pandora\u0027s Box"]}],"items_purged_floors":[],"is_endless":false,"potions_floor_spawned":[5,12,14,18,21],"killed_by":"Centurion and Healer","ascension_level":0}}