{"host":"wukdhyb91avklb3w","time":1609130306,"event":{"mods":["BaseMod","Colored Map","Colored Powertips","Highlight Path","Minty Spire (QoL Compilation)","Relic Stats"],"gold_per_floor":[116,128,139,139,139,169,169,202,202,202,220,220,252,265,265,369,369,385,385,405,432,446,480,28,54,54,82,82,92,92,104,104,200,200,211,211,211,433,450,450,475,475,522,522,876,886,903,916,916,916,916,916,5,33,33,33],"floor_reached":55,"playtime":10179,"items_purged":["Strike_B"],"score":1140,"play_id":"410aef1c-545e-4c78-806d-da1cb4ae0965","local_time":"20201227203826","is_ascension_mode":true,"campfire_choices":[{"data":"Conserve Battery","floor":7.0,"key":"SMITH"},{"floor":10.0,"key":"DIG"},{"floor":12.0,"key":"DIG"},{"floor":15.0,"key":"REST"},{"data":"1","floor":28.0,"key":"LIFT"},{"data":"2","floor":30.0,"key":"LIFT"},{"data":"3","floor":32.0,"key":"LIFT"},{"floor":40.0,"key":"DIG"},{"floor":44.0,"key":"RECALL"},{"floor":49.0,"key":"DIG"},{"floor":52,"key":"DIG"}],"circlet_count":0,"master_deck":["Strike_B","Strike_B","Strike_B","Defend_B","Defend_B+1","Defend_B","Defend_B+1","Zap","Dualcast","Ball Lightning","Rebound","Doom and Gloom+1","Conserve Battery+1","Seek+1","Seek+1","Go for the Eyes+1","Conserve Battery+1","Redo+1","Glacier+1","BootSequence+1","Conserve Battery+1","Streamline","Streamline","Seek+1","Go for the Eyes+1","Trip+1","Go for the Eyes+1","Buffer","Defragment+1","Self Repair+1","Rebound+1","Sunder","All For One","Go for the Eyes+1","Go for the Eyes+1","Core Surge","Leap+1","The Bomb+1","Chill+1"],"relics":["Nuclear Battery","Mango","Pantograph","Shovel","DataDisk","Smiling Mask","Toxic Egg 2","SacredBark","MutagenicStrength","Red Mask","Gambling Chip","Girya","Sling","Kunai","Potion Belt","Omamori","Cursed Key","Mummified Hand","Centennial Puzzle","Old Coin","War Paint","Letter Opener","Orrery","Pear","Bag of Marbles","Pocketwatch"],"acts_visited":["Exordium","TheCity","TheBeyond","TheEnding"],"potions_floor_usage":[50,55,55],"damage_taken":[{"damage":1.0,"enemies":"Cultist","floor":1.0,"turns":3.0},{"damage":2.0,"enemies":"Jaw Worm","floor":2.0,"turns":3.0},{"damage":4.0,"enemies":"Small Slimes","floor":3.0,"turns":3.0},{"damage":20.0,"enemies":"Lagavulin","floor":6.0,"turns":5.0},{"damage":10.0,"enemies":"3 Sentries","floor":8.0,"turns":6.0},{"damage":0.0,"enemies":"Exordium Wildlife","floor":11.0,"turns":3.0},{"damage":18.0,"enemies":"Lagavulin","floor":13.0,"turns":5.0},{"damage":2.0,"enemies":"2 Fungi Beasts","floor":14.0,"turns":2.0},{"damage":5.0,"enemies":"The Guardian","floor":16.0,"turns":9.0},{"damage":4.0,"enemies":"Shell Parasite","floor":18.0,"turns":5.0},{"damage":22.0,"enemies":"2 Thieves","floor":20.0,"turns":3.0},{"damage":0.0,"enemies":"Masked Bandits","floor":21.0,"turns":2.0},{"damage":6.0,"enemies":"Centurion and Healer","floor":22.0,"turns":4.0},{"damage":13.0,"enemies":"Book of Stabbing","floor":23.0,"turns":5.0},{"damage":2.0,"enemies":"Gremlin Leader","floor":25.0,"turns":6.0},{"damage":11.0,"enemies":"Slavers","floor":27.0,"turns":3.0},{"damage":0.0,"enemies":"Sentry and Sphere","floor":29.0,"turns":3.0},{"damage":6.0,"enemies":"Snecko","floor":31.0,"turns":3.0},{"damage":11.0,"enemies":"Collector","floor":33.0,"turns":11.0},{"damage":1.0,"enemies":"3 Darklings","floor":35.0,"turns":3.0},{"damage":8.0,"enemies":"3 Shapes","floor":39.0,"turns":5.0},{"damage":23.0,"enemies":"Giant Head","floor":41.0,"turns":7.0},{"damage":11.0,"enemies":"2 Orb Walkers","floor":45.0,"turns":3.0},{"damage":0.0,"enemies":"Maw","floor":46.0,"turns":7.0},{"damage":9.0,"enemies":"Jaw Worm Horde","floor":47.0,"turns":3.0},{"damage":2.0,"enemies":"4 Shapes","floor":48.0,"turns":2.0},{"damage":62,"enemies":"Awakened One","floor":50,"turns":15},{"damage":15,"enemies":"Shield and Spear","floor":54,"turns":5},{"damage":75,"enemies":"The Heart","floor":55,"turns":8}],"seed_played":"4952582044698119635","potions_obtained":[{"floor":1.0,"key":"SteroidPotion"},{"floor":8.0,"key":"PowerPotion"},{"floor":16.0,"key":"FocusPotion"},{"floor":20.0,"key":"DistilledChaos"},{"floor":21.0,"key":"LiquidBronze"},{"floor":23.0,"key":"ColorlessPotion"},{"floor":27.0,"key":"LiquidMemories"},{"floor":33.0,"key":"Explosive Potion"},{"floor":46.0,"key":"Energy Potion"},{"floor":47.0,"key":"Energy Potion"}],"is_trial":false,"path_per_floor":["M","M","M","?","?","E","R","E","T","R","M","R","E","M","R","B",null,"M","?","M","?","M","E","$","E","T","E","R","M","R","M","R","B",null,"M","?","?","?","M","R","E","?","T","R","?","M","M","M","R","B",null,"R","$","E","B"],"character_chosen":"DEFECT","items_purchased":["Girya","Sling","Orrery","Explosive Potion","Swift Potion","Pear","Bag of Marbles","Leap+1","The Bomb+1"],"campfire_rested":1,"item_purchase_floors":[24,24,53,53,53,53,53,53,53],"current_hp_per_floor":[67,65,61,61,61,55,55,45,45,45,45,45,27,25,51,71,85,81,81,59,59,53,40,40,38,38,27,27,27,27,21,21,35,76,75,75,65,65,57,57,34,78,78,78,67,67,68,66,66,26,65,65,75,70,13,13],"gold":33,"neow_bonus":"BOSS_RELIC","is_daily":false,"chose_seed":false,"campfire_upgraded":1,"win_rate":0.0,"timestamp":1609130306,"path_taken":["M","M","M","?","?","E","R","E","T","R","M","R","E","M","R","BOSS","M","?","M","?","M","E","$","E","T","E","R","M","R","M","R","BOSS","M","?","?","?","M","R","E","?","T","R","?","?","M","M","R","BOSS","R","$","E","BOSS"],"items_purchased_type":["Relic","Relic","Relic","Potion","Potion","Relic","Relic","Card","Card"],"build_version":"2020-12-22","purchased_purges":1,"victory":false,"max_hp_per_floor":[75,75,75,75,75,89,89,89,89,89,89,89,89,89,89,89,89,89,89,89,89,89,89,89,89,89,89,89,89,89,89,89,89,89,89,89,89,89,89,89,89,78,78,78,78,78,78,78,78,78,78,78,88,88,88,88],"relic_stats":{"counters":[29,142],"Letter Opener":[45],"War Paint":["Defend_B","Defend_B"],"Smiling Mask":25,"Cursed Key":1,"Centennial Puzzle":[18],"Shovel":5,"Mummified Hand":[14],"Pantograph":80,"Gambling Chip":[40],"Kunai":[36],"obtain_stats":[{"SacredBark":17,"Mango":6,"Smiling Mask":12,"Sling":24,"Cursed Key":34,"Old Coin":45,"Centennial Puzzle":41,"Shovel":9,"Mummified Hand":40,"Pantograph":8,"Gambling Chip":23,"Red Mask":21,"Kunai":25,"Toxic Egg 2":13,"Cracked Core":0,"Potion Belt":26,"Girya":24,"Pear":53,"Omamori":27,"Letter Opener":52,"War Paint":49,"Nuclear Battery":0,"DataDisk":10,"MutagenicStrength":19,"Orrery":53,"Bag of Marbles":53,"Pocketwatch":54},{"SacredBark":9,"Mango":4,"Smiling Mask":6,"Sling":14,"Cursed Key":19,"Old Coin":23,"Centennial Puzzle":22,"Shovel":5,"Mummified Hand":21,"Pantograph":5,"Gambling Chip":14,"Red Mask":12,"Kunai":15,"Toxic Egg 2":7,"Cracked Core":0,"Potion Belt":15,"Girya":14,"Pear":27,"Omamori":16,"Letter Opener":27,"War Paint":26,"Nuclear Battery":0,"DataDisk":5,"MutagenicStrength":10,"Orrery":27,"Bag of Marbles":27,"Pocketwatch":28},{"SacredBark":39,"Mango":14,"Smiling Mask":23,"Sling":58,"Cursed Key":84,"Old Coin":102,"Centennial Puzzle":99,"Shovel":20,"Mummified Hand":92,"Pantograph":20,"Gambling Chip":58,"Red Mask":49,"Kunai":64,"Toxic Egg 2":28,"Cracked Core":0,"Potion Belt":64,"Girya":58,"Pear":129,"Omamori":67,"Letter Opener":129,"War Paint":114,"Nuclear Battery":0,"DataDisk":20,"MutagenicStrength":44,"Orrery":129,"Bag of Marbles":129,"Pocketwatch":134}],"Pocketwatch":[0]},"card_choices":[{"not_picked":["Scrape","Hologram"],"picked":"Ball Lightning","floor":1.0},{"not_picked":["Turbo","Gash"],"picked":"Rebound","floor":2.0},{"not_picked":["Barrage","Beam Cell"],"picked":"Doom and Gloom","floor":3.0},{"not_picked":["Coolheaded","Stack"],"picked":"Conserve Battery","floor":6.0},{"not_picked":["Darkness","Steam","Consume"],"picked":"SKIP","floor":8.0},{"not_picked":["Consume","Barrage"],"picked":"Conserve Battery","floor":11.0},{"not_picked":["Capacitor","Rip and Tear"],"picked":"Seek+1","floor":13.0},{"not_picked":["Rebound","Force Field+1","Steam Power+1"],"picked":"SKIP","floor":14.0},{"not_picked":["Thunder Strike","Fission+1"],"picked":"Seek+1","floor":16.0},{"not_picked":["Hello World","Blizzard"],"picked":"Go for the Eyes+1","floor":18.0},{"not_picked":["BootSequence+1","Gash"],"picked":"Conserve Battery+1","floor":20.0},{"not_picked":["Beam Cell","Compile Driver"],"picked":"Redo+1","floor":21.0},{"not_picked":["Go for the Eyes+1","Defragment"],"picked":"Glacier+1","floor":22.0},{"not_picked":["Barrage","Hello World"],"picked":"BootSequence+1","floor":23.0},{"not_picked":["Hyperbeam","Recycle+1"],"picked":"Conserve Battery+1","floor":25.0},{"not_picked":["Skim+1","Steam+1","FTL"],"picked":"SKIP","floor":27.0},{"not_picked":["Hologram+1","Turbo+1"],"picked":"Streamline","floor":29.0},{"not_picked":["Beam Cell+1","BootSequence+1"],"picked":"Streamline","floor":31.0},{"not_picked":["Creative AI","Fission+1"],"picked":"Seek+1","floor":33.0},{"not_picked":["Static Discharge+1","Gash"],"picked":"Go for the Eyes+1","floor":35.0},{"not_picked":["Secret Technique+1","Jack Of All Trades+1"],"picked":"Trip+1","floor":37.0},{"not_picked":["Static Discharge+1","Gash+1"],"picked":"Go for the Eyes+1","floor":39.0},{"not_picked":["Reinforced Body+1","Leap+1"],"picked":"Buffer","floor":41.0},{"not_picked":["Turbo+1","Compile Driver"],"picked":"Defragment+1","floor":45.0},{"not_picked":["Leap+1","Sweeping Beam"],"picked":"Self Repair+1","floor":46.0},{"not_picked":["Aggregate+1","Recycle+1"],"picked":"Rebound+1","floor":47.0},{"not_picked":["Recycle+1","Auto Shields+1"],"picked":"Sunder","floor":48.0},{"not_picked":["Scrape","Steam+1"],"picked":"All For One","floor":53},{"not_picked":["Genetic Algorithm+1","Gash+1"],"picked":"Go for the Eyes+1","floor":53},{"not_picked":["Barrage","Storm+1"],"picked":"Go for the Eyes+1","floor":53},{"not_picked":["Go for the Eyes+1","Multi-Cast+1"],"picked":"Core Surge","floor":53},{"not_picked":["Reprogram+1","Force Field+1"],"picked":"Chill+1","floor":54}],"player_experience":901442,"relics_obtained":[{"floor":6.0,"key":"Mango"},{"floor":8.0,"key":"Pantograph"},{"floor":9.0,"key":"Shovel"},{"floor":10.0,"key":"DataDisk"},{"floor":12.0,"key":"Smiling Mask"},{"floor":13.0,"key":"Toxic Egg 2"},{"floor":21.0,"key":"Red Mask"},{"floor":23.0,"key":"Gambling Chip"},{"floor":25.0,"key":"Kunai"},{"floor":26.0,"key":"Potion Belt"},{"floor":27.0,"key":"Omamori"},{"floor":40.0,"key":"Mummified Hand"},{"floor":41.0,"key":"Centennial Puzzle"},{"floor":45.0,"key":"Old Coin"},{"floor":49.0,"key":"War Paint"},{"floor":52,"key":"Letter Opener"},{"floor":54,"key":"Pocketwatch"}],"event_choices":[{"damage_healed":0.0,"max_hp_gain":0.0,"max_hp_loss":0.0,"gold_gain":0.0,"event_name":"The Cleric","player_choice":"Leave","floor":4.0,"gold_loss":0.0,"damage_taken":0.0},{"damage_healed":0.0,"max_hp_gain":0.0,"max_hp_loss":0.0,"gold_gain":0.0,"event_name":"Living Wall","player_choice":"Grow","floor":5.0,"gold_loss":0.0,"damage_taken":0.0,"cards_upgraded":["Doom and Gloom"]},{"damage_healed":0.0,"max_hp_gain":0.0,"max_hp_loss":0.0,"gold_gain":0.0,"event_name":"Drug Dealer","player_choice":"Inject Mutagens","floor":19.0,"gold_loss":0.0,"damage_taken":0.0,"relics_obtained":["MutagenicStrength"]},{"damage_healed":0.0,"max_hp_gain":0.0,"max_hp_loss":0.0,"gold_gain":0.0,"event_name":"Masked Bandits","player_choice":"Fought Bandits","floor":21.0,"gold_loss":0.0,"damage_taken":0.0},{"cards_removed":["Conserve Battery"],"damage_healed":0.0,"max_hp_gain":0.0,"max_hp_loss":0.0,"gold_gain":0.0,"event_name":"Falling","player_choice":"Removed Skill","floor":36.0,"gold_loss":0.0,"damage_taken":0.0},{"damage_healed":0.0,"max_hp_gain":0.0,"max_hp_loss":0.0,"gold_gain":0.0,"event_name":"SensoryStone","player_choice":"Memory 3","floor":37.0,"gold_loss":0.0,"damage_taken":10.0},{"damage_healed":0.0,"max_hp_gain":0.0,"max_hp_loss":0.0,"gold_gain":222.0,"event_name":"Tomb of Lord Red Mask","player_choice":"Wore Mask","floor":38.0,"gold_loss":0.0,"damage_taken":0.0},{"damage_healed":78.0,"max_hp_gain":0.0,"max_hp_loss":11.0,"gold_gain":0.0,"event_name":"The Moai Head","player_choice":"Heal","floor":42.0,"gold_loss":0.0,"damage_taken":0.0},{"damage_healed":0.0,"max_hp_gain":0.0,"max_hp_loss":0.0,"gold_gain":0.0,"event_name":"Mysterious Sphere","player_choice":"Fight","floor":45.0,"gold_loss":0.0,"damage_taken":0.0}],"is_beta":false,"boss_relics":[{"not_picked":["Runic Pyramid","Runic Dome"],"picked":"SacredBark"},{"not_picked":["SlaversCollar","Empty Cage"],"picked":"Cursed Key"}],"items_purged_floors":[53],"is_endless":false,"potions_floor_spawned":[1,8,16,20,21,23,27,33,46,47],"killed_by":"The Heart","ascension_level":8}}