{"host":"ff0k6g9g9j8o52vm","time":1609126827,"event":{"mods":["AchievementEnabler","Aspiration","Astrologer","BaseMod","Beaked The Cultist","Better Altar","Better Match","Better Note","Better Sensory Stone","Better Skull","Better Third Choice","Colored Map","Colored Powertips","Curses Come First","DeckTracker","Downfall","Duelist Mod","Energized Spire","GifTheSpireLib","Gremlin Mod","Hermit","Highlight Path","Hubris","Infinite Spire","Jorbs\u0027s Wanderer Trilogy","Koishi","Marisa????????","Minty Spire (QoL Compilation)","Quick Restart","Random Character Button","Replay The Spire","Robot Space Explorer","StSLib","The Animator","The Bug Knight","The Construct","The Cursed","The Disciple","The Dragon Tamer","The Forsaken","The Hayseed","The Hierophant","The Judge","The Jungle","The Marked","The Mystic","The Necromancer","The Poker Player","The Runesmith","The Senshi","The Servant 0.9.4","TheArtist","Wandering Minibosses"],"gold_per_floor":[99,112,125,125,144,144,144,194,194,231,156,9,9,33,57,67,67,67],"floor_reached":16,"playtime":1175,"items_purged":["champ:Strike"],"score":100,"play_id":"be9fd568-b95d-4e66-8bf6-6d67fb5bf07d","local_time":"20201227194027","is_ascension_mode":false,"campfire_choices":[{"data":"champ:Taunt","floor":6,"key":"SMITH"},{"data":"champ:Devastate","floor":11,"key":"SMITH"},{"floor":13,"key":"REST"}],"circlet_count":0,"master_deck":["champ:Strike","champ:Strike","champ:Strike","champ:Defend","champ:Defend","champ:Defend","champ:Execute+1","champ:Taunt+1","champ:DefensiveShout","champ:DeathBlow","champ:GladiatorsShout","champ:IronFortress","champ:Devastate+1","champ:BerserkerStyle","champ:CalledShot","champ:FanOfKnives","champ:EndlessRage"],"relics":["champ:ChampionCrown","White Beast Statue","Ring of Greed","Replay:Bandana","Membership Card","Gremlin Horn","downfall:HeartBlessingGreen","Replay:Mystery Machine"],"acts_visited":["Exordium"],"potions_floor_usage":[10,15,16,16,16],"damage_taken":[{"damage":22,"enemies":"Cultist","floor":2,"turns":6},{"damage":10,"enemies":"2 Louse","floor":3,"turns":2},{"damage":37,"enemies":"Jaw Worm","floor":5,"turns":5},{"damage":84,"enemies":"Gremlin Nob","floor":10,"turns":6},{"damage":5,"enemies":"downfall:FleeingMerchant","floor":12,"turns":4},{"damage":23,"enemies":"Blue Slaver","floor":14,"turns":3},{"damage":15,"enemies":"Exordium Thugs","floor":15,"turns":2},{"damage":54,"enemies":"downfall:Watcher","floor":16,"turns":4}],"seed_played":"284754875116388659","potions_obtained":[{"floor":2,"key":"Regen Potion"},{"floor":10,"key":"Swift Potion"},{"floor":12,"key":"PowerPotion"},{"floor":14,"key":"Fire Potion"},{"floor":15,"key":"SneckoOil"}],"is_trial":false,"path_per_floor":["R_BF","M","M","?","M","R","T","?","?","E","R","$","R","M","M","B"],"character_chosen":"THE_CHAMP","items_purchased":["Replay:Mystery Machine","champ:CalledShot"],"campfire_rested":1,"item_purchase_floors":[12,12],"current_hp_per_floor":[99,92,92,92,76,76,76,76,76,36,36,36,65,52,42,0,0,0],"gold":67,"neow_bonus":"TEN_PERCENT_HP_BONUS","is_daily":false,"chose_seed":false,"campfire_upgraded":2,"win_rate":0.0,"timestamp":1609126827,"path_taken":["R_BF","M","M","?","M","R","T","?","?","E","R","?","R","M","M","BOSS"],"items_purchased_type":["Relic","Card"],"build_version":"2020-12-22","purchased_purges":1,"victory":false,"max_hp_per_floor":[99,99,99,99,99,99,99,99,99,99,99,99,99,99,99,99,99,99],"card_choices":[{"not_picked":["champ:ViciousMockery","champ:AdrenalArmor"],"picked":"champ:DeathBlow","floor":2},{"not_picked":["champ:FocusedBerserking","champ:Circumvent"],"picked":"champ:GladiatorsShout","floor":3},{"not_picked":["champ:PerfectedStrike","champ:GutPunch"],"picked":"champ:IronFortress","floor":5},{"not_picked":["champ:RapidStrikes","champ:GladiatorsShout"],"picked":"champ:Devastate","floor":10},{"not_picked":["champ:GladiatorsShout","champ:RecklessLeap"],"picked":"champ:BerserkerStyle","floor":12},{"not_picked":["champ:FalseCounter","champ:GutPunch"],"picked":"champ:FanOfKnives","floor":14},{"not_picked":["champ:PerfectedStrike","champ:Backstep"],"picked":"champ:EndlessRage","floor":15}],"player_experience":896766,"relics_obtained":[{"floor":7,"key":"White Beast Statue"},{"floor":8,"key":"Ring of Greed"},{"floor":8,"key":"Replay:Bandana"},{"floor":8,"key":"Membership Card"},{"floor":10,"key":"Gremlin Horn"}],"event_choices":[],"is_beta":false,"boss_relics":[],"items_purged_floors":[12],"is_endless":false,"potions_floor_spawned":[2,10,12,14,15],"killed_by":"downfall:Watcher","ascension_level":0}}