{"host":"kpyoctgc7jne3jiy","time":1609185246,"event":{"mods":["AchievementEnabler","BaseMod","Minty Spire (QoL Compilation)","Relic Stats","Slay-I"],"gold_per_floor":[114,114,114,132,132,158,158,189,189,42,42,42,56,56,56,160,160,171,171,25,42,61,61,61,61,111,123,149,186,42,42,42],"floor_reached":31,"playtime":1079,"items_purged":[],"score":336,"play_id":"e3f41a61-28bb-47a3-b2ed-3c7577f9037f","local_time":"20201228205406","is_ascension_mode":true,"campfire_choices":[{"data":"Uppercut","floor":7.0,"key":"SMITH"},{"data":"Headbutt","floor":12.0,"key":"SMITH"},{"data":"Bash","floor":15,"key":"SMITH"},{"data":"Armaments","floor":23,"key":"SMITH"},{"data":"Defend_R","floor":25,"key":"SMITH"},{"data":"Defend_R","floor":27,"key":"SMITH"}],"circlet_count":0,"master_deck":["Strike_R","Strike_R","Strike_R","Strike_R","Defend_R","Defend_R","Defend_R+1","Defend_R+1","Bash+1","Headbutt+1","Rage+1","Uppercut+1","Offering","Cleave","Armaments+1","Shrug It Off+1"],"relics":["Burning Blood","Bird Faced Urn","StrikeDummy","Potion Belt","Eternal Feather","Runic Cube","MutagenicStrength","Brimstone","MawBank","Strawberry","Sling"],"acts_visited":["Exordium","TheCity"],"potions_floor_usage":[16,22],"damage_taken":[{"damage":7.0,"enemies":"Small Slimes","floor":1.0,"turns":3.0},{"damage":2.0,"enemies":"2 Louse","floor":4.0,"turns":3.0},{"damage":29.0,"enemies":"Gremlin Nob","floor":6.0,"turns":4.0},{"damage":12.0,"enemies":"Lagavulin","floor":8.0,"turns":5.0},{"damage":10.0,"enemies":"Jaw Worm","floor":13.0,"turns":2.0},{"damage":33,"enemies":"Hexaghost","floor":16,"turns":9},{"damage":6,"enemies":"Shell Parasite","floor":18,"turns":3},{"damage":0,"enemies":"Chosen","floor":21,"turns":3},{"damage":11,"enemies":"Snecko","floor":22,"turns":4},{"damage":17,"enemies":"3 Cultists","floor":28,"turns":3},{"damage":67,"enemies":"Gremlin Leader","floor":29,"turns":6},{"damage":25,"enemies":"Centurion and Healer","floor":31,"turns":4}],"seed_played":"-568358618068381609","potions_obtained":[{"floor":4.0,"key":"SpeedPotion"},{"floor":6.0,"key":"EssenceOfSteel"},{"floor":8.0,"key":"LiquidMemories"}],"is_trial":false,"path_per_floor":["M","?","?","M","?","E","R","E","T","$","?","R","M","?","R","B",null,"M","?","$","M","M","R","?","R","T","R","M","E","$","M"],"character_chosen":"IRONCLAD","items_purchased":["Offering","Brimstone","Sling"],"campfire_rested":0,"item_purchase_floors":[10,20,30],"current_hp_per_floor":[87,84,77,81,81,58,58,52,52,52,52,58,54,54,60,33,88,88,88,88,88,83,88,88,88,88,88,77,23,23,0,0],"gold":42,"neow_bonus":"TEN_PERCENT_HP_BONUS","is_daily":false,"chose_seed":false,"campfire_upgraded":6,"win_rate":0.0,"timestamp":1609185246,"path_taken":["M","?","?","M","?","E","R","E","T","?","?","R","?","?","R","BOSS","M","?","$","M","M","R","?","R","T","R","M","E","$","M"],"items_purchased_type":["Card","Relic","Relic"],"build_version":"2020-12-22","purchased_purges":0,"victory":false,"max_hp_per_floor":[88,88,88,88,88,88,88,88,88,88,88,88,88,88,88,88,88,88,88,88,88,88,88,88,88,88,88,88,95,95,95,95],"relic_stats":{"counters":[12,49],"Bird Faced Urn":[0],"Eternal Feather":17,"MawBank":48,"obtain_stats":[{"Potion Belt":8,"Brimstone":20,"Bird Faced Urn":2,"MutagenicStrength":19,"Strawberry":29,"Eternal Feather":9,"StrikeDummy":6,"MawBank":26,"Sling":30,"Burning Blood":0,"Runic Cube":17},{"Potion Belt":4,"Brimstone":7,"Bird Faced Urn":1,"MutagenicStrength":7,"Strawberry":11,"Eternal Feather":4,"StrikeDummy":3,"MawBank":9,"Sling":11,"Burning Blood":0,"Runic Cube":6},{"Potion Belt":15,"Brimstone":29,"Bird Faced Urn":3,"MutagenicStrength":29,"Strawberry":45,"Eternal Feather":15,"StrikeDummy":10,"MawBank":36,"Sling":45,"Burning Blood":0,"Runic Cube":26}],"Burning Blood":60,"Runic Cube":[14]},"card_choices":[{"not_picked":["Warcry","Dropkick"],"picked":"Headbutt","floor":1.0},{"not_picked":["Iron Wave","Flame Barrier"],"picked":"Rage","floor":4.0},{"not_picked":["Sword Boomerang","Fire Breathing"],"picked":"Uppercut","floor":6.0},{"not_picked":["Anger","Hemokinesis","Headbutt"],"picked":"SKIP","floor":8.0},{"not_picked":["True Grit","Pommel Strike"],"picked":"Cleave","floor":13.0},{"not_picked":["Body Slam","Iron Wave"],"picked":"Armaments","floor":18},{"not_picked":["True Grit+1","Perfected Strike","Second Wind"],"picked":"SKIP","floor":21},{"not_picked":["Armaments+1","Anger"],"picked":"Shrug It Off+1","floor":22},{"not_picked":["True Grit+1","Armaments","Sword Boomerang+1"],"picked":"SKIP","floor":28},{"not_picked":["Twin Strike","Thunderclap","Armaments+1"],"picked":"SKIP","floor":29}],"player_experience":255471,"relics_obtained":[{"floor":6.0,"key":"StrikeDummy"},{"floor":8.0,"key":"Potion Belt"},{"floor":9.0,"key":"Eternal Feather"},{"floor":26,"key":"MawBank"},{"floor":29,"key":"Strawberry"}],"event_choices":[{"damage_healed":0.0,"max_hp_gain":0.0,"max_hp_loss":0.0,"gold_gain":0.0,"event_name":"Scrap Ooze","player_choice":"Success","floor":2.0,"gold_loss":0.0,"damage_taken":3.0,"relics_obtained":["Bird Faced Urn"]},{"cards_removed":["Strike_R"],"damage_healed":0.0,"max_hp_gain":0.0,"max_hp_loss":0.0,"gold_gain":0.0,"event_name":"Golden Wing","player_choice":"Card Removal","floor":3.0,"gold_loss":0.0,"damage_taken":7.0},{"damage_healed":0.0,"max_hp_gain":0.0,"max_hp_loss":0.0,"gold_gain":0.0,"event_name":"The Cleric","player_choice":"Leave","floor":5.0,"gold_loss":0.0,"damage_taken":0.0},{"damage_healed":0.0,"max_hp_gain":0.0,"max_hp_loss":0.0,"gold_gain":0.0,"event_name":"Upgrade Shrine","player_choice":"Upgraded","floor":11.0,"gold_loss":0.0,"damage_taken":0.0,"cards_upgraded":["Rage"]},{"damage_healed":0,"gold_gain":0,"player_choice":"0 cards matched","damage_taken":0,"max_hp_gain":0,"max_hp_loss":0,"event_name":"Match and Keep!","floor":14,"gold_loss":0,"cards_obtained":[]},{"damage_healed":0,"gold_gain":0,"player_choice":"Inject Mutagens","damage_taken":0,"relics_obtained":["MutagenicStrength"],"max_hp_gain":0,"max_hp_loss":0,"event_name":"Drug Dealer","floor":19,"gold_loss":0},{"damage_healed":0,"gold_gain":0,"player_choice":"Ignored","damage_taken":0,"max_hp_gain":0,"max_hp_loss":0,"event_name":"Ghosts","floor":24,"gold_loss":0}],"is_beta":false,"boss_relics":[{"not_picked":["SlaversCollar","SacredBark"],"picked":"Runic Cube"}],"items_purged_floors":[],"is_endless":false,"potions_floor_spawned":[4,6,8],"killed_by":"Centurion and Healer","ascension_level":4}}