{"host":"1637j8siz7lzgd5k","time":1609141072,"event":{"mods":["BaseMod","Colored Map","Minty Spire (QoL Compilation)","StSLib","SuperFastMode"],"gold_per_floor":[110,110,110,110,121,121,153,0,0,0,60,76,95,95,95,193,193,208,233,133,133,133,133,133,133],"floor_reached":24,"playtime":300,"items_purged":["Strike_R","Strike_R"],"score":434,"play_id":"e0f841e1-f12c-49dd-81a4-af4df4f9cc7b","local_time":"20201228163752","is_ascension_mode":true,"campfire_choices":[{"data":"Bash","floor":6.0,"key":"SMITH"},{"data":"Evolve","floor":15.0,"key":"SMITH"},{"data":"Fire Breathing","floor":23,"key":"SMITH"}],"circlet_count":0,"master_deck":["AscendersBane","Strike_R","Strike_R","Defend_R","Defend_R","Defend_R","Defend_R","Bash+1","Wild Strike","Reckless Charge","Power Through","Evolve+1","Fire Breathing+1","Injury","CurseOfTheBell","Second Wind"],"relics":["Burning Blood","NeowsBlessing","Red Skull","Matryoshka","Champion Belt","Golden Idol","Calling Bell","Akabeko","Meat on the Bone","Du-Vu Doll"],"acts_visited":["Exordium","TheCity"],"potions_floor_usage":[],"damage_taken":[{"damage":0.0,"enemies":"Small Slimes","floor":1.0,"turns":2.0},{"damage":0.0,"enemies":"2 Louse","floor":5.0,"turns":1.0},{"damage":0.0,"enemies":"Lagavulin","floor":7.0,"turns":1.0},{"damage":31.0,"enemies":"Gremlin Nob","floor":11.0,"turns":5.0},{"damage":7.0,"enemies":"Jaw Worm","floor":12.0,"turns":3.0},{"damage":20.0,"enemies":"Looter","floor":13.0,"turns":4.0},{"damage":36.0,"enemies":"The Guardian","floor":16.0,"turns":9.0},{"damage":22.0,"enemies":"3 Byrds","floor":18.0,"turns":5.0},{"damage":38,"enemies":"Shell Parasite","floor":19,"turns":6},{"damage":33,"enemies":"Book of Stabbing","floor":24,"turns":4}],"seed_played":"6352715109358318932","potions_obtained":[{"floor":5.0,"key":"ColorlessPotion"},{"floor":7.0,"key":"HeartOfIron"},{"floor":13.0,"key":"Regen Potion"}],"is_trial":false,"path_per_floor":["M","?","?","?","M","R","E","$","T","$","?","M","M","?","R","B",null,"M","M","$","?","?","R","E"],"character_chosen":"IRONCLAD","items_purchased":["Evolve"],"campfire_rested":0,"item_purchase_floors":[8],"current_hp_per_floor":[74,79,79,79,80,80,80,80,80,80,55,54,40,40,40,25,66,50,30,30,30,30,30,0,0],"gold":133,"neow_bonus":"THREE_ENEMY_KILL","is_daily":false,"chose_seed":false,"campfire_upgraded":3,"win_rate":0.0,"timestamp":1609141072,"path_taken":["M","?","?","?","M","R","E","$","T","$","?","?","M","?","R","BOSS","M","M","$","?","?","R","E"],"items_purchased_type":["Card"],"build_version":"2020-12-22","purchased_purges":2,"victory":false,"max_hp_per_floor":[75,80,80,80,80,80,80,80,80,80,80,80,80,80,80,80,80,80,80,80,80,80,80,80,80],"card_choices":[{"not_picked":["Twin Strike","Anger"],"picked":"Wild Strike","floor":1.0},{"not_picked":["Ghostly Armor","Clash","Burning Pact"],"picked":"SKIP","floor":5.0},{"not_picked":["Anger","Entrench"],"picked":"Power Through","floor":7.0},{"not_picked":["Pommel Strike","Heavy Blade"],"picked":"Fire Breathing","floor":12.0},{"not_picked":["Thunderclap","Perfected Strike","Carnage"],"picked":"SKIP","floor":13.0},{"not_picked":["Pommel Strike","Dual Wield"],"picked":"Second Wind","floor":18.0},{"not_picked":["Havoc","Wild Strike","Armaments"],"picked":"SKIP","floor":19}],"player_experience":823699,"relics_obtained":[{"floor":7.0,"key":"Red Skull"},{"floor":9.0,"key":"Matryoshka"},{"floor":11.0,"key":"Champion Belt"},{"floor":17.0,"key":"Akabeko"},{"floor":17.0,"key":"Meat on the Bone"},{"floor":17.0,"key":"Du-Vu Doll"}],"event_choices":[{"damage_healed":0.0,"max_hp_gain":5.0,"max_hp_loss":0.0,"gold_gain":0.0,"event_name":"Big Fish","player_choice":"Donut","floor":2.0,"gold_loss":0.0,"damage_taken":0.0},{"damage_healed":0.0,"max_hp_gain":0.0,"max_hp_loss":0.0,"gold_gain":0.0,"event_name":"Liars Game","player_choice":"Ignored","floor":3.0,"gold_loss":0.0,"damage_taken":0.0},{"damage_healed":0.0,"max_hp_gain":0.0,"max_hp_loss":0.0,"gold_gain":0.0,"cards_transformed":["Strike_R"],"event_name":"Living Wall","player_choice":"Change","floor":4.0,"gold_loss":0.0,"damage_taken":0.0,"cards_obtained":["Reckless Charge"]},{"damage_healed":0.0,"max_hp_gain":0.0,"max_hp_loss":0.0,"gold_gain":0.0,"event_name":"Dead Adventurer","player_choice":"Searched \u00271\u0027 times","floor":11.0,"gold_loss":0.0,"damage_taken":0.0},{"damage_healed":0.0,"max_hp_gain":0.0,"max_hp_loss":0.0,"gold_gain":0.0,"event_name":"Golden Idol","player_choice":"Take Wound","floor":14.0,"gold_loss":0.0,"damage_taken":0.0,"relics_obtained":["Golden Idol"],"cards_obtained":["Injury"]},{"damage_healed":0,"gold_gain":0,"player_choice":"Ignored","damage_taken":0,"max_hp_gain":0,"max_hp_loss":0,"event_name":"Vampires","floor":21,"gold_loss":0},{"damage_healed":0,"gold_gain":0,"player_choice":"Ignored","damage_taken":0,"max_hp_gain":0,"max_hp_loss":0,"event_name":"Ghosts","floor":22,"gold_loss":0}],"is_beta":false,"boss_relics":[{"not_picked":["SacredBark","Runic Cube"],"picked":"Calling Bell"}],"items_purged_floors":[8,20],"is_endless":false,"potions_floor_spawned":[5,7,13],"killed_by":"Book of Stabbing","ascension_level":20}}