{"host":"4lmgp360m6ghntre","time":1609126776,"event":{"mods":["Ascension Unlocker","BaseMod","Block Reminder","Colored Powertips","Colorless Booster Pack","Conspire","Dota2Spire","Downfall","GifTheSpireLib","HololiveMod","Hubris","Infinite Spire","Keyboard Shortcuts","Minty Spire (QoL Compilation)","Quarter Circle Forward PUNCH!","Quick Restart","Relic Sorter","Relic Stats","Replay The Spire","SCP261 Mod","SacredBarkPlus","Small Relic Pack","Spicy Shops","Spikes Relics","StSLib","Stuff the Spire","TheArtist","Trackpad","Uncapped","UnlockEverythingMod","thorton","vexMod"],"gold_per_floor":[111,111,15,27,39,70,70,70,116,146,146,162,162,178,178,304,304,324,347,347,360,378,403,428,451,474,485,10,24,24,42,42,161,161,182,201,215,215,231,257,257,272,295,315,315,340,340,360,360,346,346],"floor_reached":50,"playtime":7210,"items_purged":[],"score":539,"play_id":"d7c363e2-df2c-4ce6-bc6e-f0075b4c190d","local_time":"20201227223936","is_ascension_mode":false,"campfire_choices":[{"floor":8,"key":"REST"},{"floor":15,"key":"REST"},{"floor":32,"key":"REST"},{"floor":41,"key":"REST"},{"floor":47,"key":"REST"},{"floor":49,"key":"REST"}],"circlet_count":0,"master_deck":["artistmod:StrokeStrike","artistmod:StrokeStrike","artistmod:StrokeStrike","artistmod:DaringDefend","artistmod:DaringDefend+1","artistmod:DaringDefend","artistmod:DaringDefend","artistmod:BrushBash","artistmod:DarkenDrawing","artistmod:PaintBreath","artistmod:CursedClash","artistmod:BlueBurst","artistmod:PinkPurple","artistmod:GreenGreatness","artistmod:EnlightenedEpiphany","artistmod:ProfoundPurple","artistmod:IchorInk+1","artistmod:ColorCopy+1","StuffTheSpire:WarGroove","artistmod:PaintballPelt+1","hubris:InfiniteBlow+9","artistmod:ResourceRampage+1","artistmod:ShinyShiv","artistmod:SuperbSchooling","artistmod:GreenGreatness","artistmod:PaintbrushPanic","artistmod:ColorCopy","artistmod:ProfoundPurple","artistmod:CrushingCanvas","artistmod:BlueBurst","hubris:Rewind","artistmod:ReddeningRampage+1","StuffTheSpire:WarCurse"],"relics":["artistmod:BlueBrush","hubris:Icosahedron","infinitespire:Golems Mask","StuffTheSpire:HeavyRock","RollingBoulder","trackpad:AdjectivePendant","Golden Idol","CultistMask","vexMod:DeviousBotling","trackpad:BottledShadow","Pet Ghost","Tiny Chest","Strawberry","infinitespire:Beetle Shell","conspire:RunicOctahedron","infinitespire:Broken Mirror","StuffTheSpire:Experiment12","hubris:BottledRain"],"acts_visited":["Exordium","TheCity","TheBeyond"],"potions_floor_usage":[6,6,19,22,42,46],"damage_taken":[{"damage":18,"enemies":"Cultist","floor":1,"turns":6},{"damage":6,"enemies":"Jaw Worm","floor":4,"turns":5},{"damage":1,"enemies":"2 Louse","floor":5,"turns":3},{"damage":24,"enemies":"Gremlin Nob","floor":6,"turns":5},{"damage":9,"enemies":"3 Sentries","floor":10,"turns":12},{"damage":10,"enemies":"Lots of Slimes","floor":12,"turns":6},{"damage":13,"enemies":"Gremlin Gang","floor":14,"turns":6},{"damage":4,"enemies":"The Guardian","floor":16,"turns":9},{"damage":3,"enemies":"Chosen","floor":18,"turns":5},{"damage":0,"enemies":"2 Thieves","floor":19,"turns":4},{"damage":11,"enemies":"Snake Plant","floor":21,"turns":5},{"damage":1,"enemies":"Centurion and Healer","floor":22,"turns":7},{"damage":8,"enemies":"Nightmare","floor":23,"turns":6},{"damage":0,"enemies":"Snecko","floor":24,"turns":3},{"damage":0,"enemies":"Shelled Parasite and Fungi","floor":25,"turns":4},{"damage":1,"enemies":"Cultist and Chosen","floor":27,"turns":4},{"damage":0,"enemies":"Sentry and Sphere","floor":29,"turns":3},{"damage":0,"enemies":"Centurion and Healer","floor":31,"turns":4},{"damage":31,"enemies":"conspire:MysteriousRune","floor":33,"turns":5},{"damage":0,"enemies":"3 Shapes","floor":35,"turns":5},{"damage":20,"enemies":"3 Darklings","floor":36,"turns":4},{"damage":10,"enemies":"Spire Growth","floor":37,"turns":3},{"damage":8,"enemies":"Sphere and 2 Shapes","floor":39,"turns":3},{"damage":24,"enemies":"R_Hoarder","floor":40,"turns":5},{"damage":1,"enemies":"3 Darklings","floor":42,"turns":3},{"damage":0,"enemies":"Spire Growth","floor":44,"turns":3},{"damage":22,"enemies":"Jaw Worm Horde","floor":46,"turns":2},{"damage":9,"enemies":"3 Darklings","floor":48,"turns":5},{"damage":56,"enemies":"Time Eater","floor":50,"turns":4}],"seed_played":"2310673718493576568","potions_obtained":[{"floor":4,"key":"Adrenaline Potion"},{"floor":5,"key":"SkillPotion"},{"floor":10,"key":"Dexterity Potion"},{"floor":12,"key":"sneckomod:MuddlingPotion"},{"floor":16,"key":"Explosive Potion"},{"floor":18,"key":"Toxic Potion"},{"floor":21,"key":"Energy Potion"},{"floor":24,"key":"Explosive Potion"},{"floor":42,"key":"Explosive Potion"},{"floor":44,"key":"Energy Potion"},{"floor":48,"key":"Explosive Potion"}],"is_trial":false,"path_per_floor":["M","?","$","M","M","E","?","R","T","E","?","M","?","M","R","B",null,"M","M","?","M","M","NM","M","M","T","M","$","M","?","M","R","B",null,"M","M","M","?","M","E","R","M","T","M","AVR","M","R","M","R","B"],"character_chosen":"THE_ARTIST","items_purchased":["infinitespire:Golems Mask","artistmod:CursedClash","Tiny Chest","Strawberry","infinitespire:Beetle Shell","artistmod:ShinyShiv"],"campfire_rested":6,"item_purchase_floors":[3,3,28,28,28,28],"current_hp_per_floor":[60,60,60,54,53,29,29,52,52,43,43,33,33,20,41,37,72,69,69,49,38,37,29,29,29,29,28,35,35,35,35,58,27,79,79,59,49,49,41,17,40,39,39,39,39,17,40,31,54,0,0],"gold":346,"neow_bonus":"TEN_PERCENT_HP_BONUS","is_daily":false,"chose_seed":false,"campfire_upgraded":0,"win_rate":0.0,"timestamp":1609126776,"path_taken":["M","?","$","?","M","E","?","R","T","E","?","M","?","?","R","BOSS","M","?","?","M","M","NM","M","M","T","M","$","M","?","M","R","BOSS","M","?","M","?","M","E","R","M","T","M","AVR","M","R","M","R","BOSS"],"items_purchased_type":["Relic","Card","Relic","Relic","Relic","Card"],"build_version":"2020-12-22","purchased_purges":0,"victory":false,"max_hp_per_floor":[78,78,78,78,78,78,78,78,78,78,72,72,72,72,72,72,72,72,72,72,72,72,72,72,72,72,72,79,79,79,79,79,79,79,79,79,79,79,79,79,79,79,79,79,79,79,79,79,79,79,79],"relic_stats":{"counters":[29,139],"Golden Idol":138,"Tiny Chest":0,"obtain_stats":[{"Golden Idol":11,"conspire:RunicOctahedron":34,"infinitespire:Beetle Shell":28,"Pet Ghost":26,"StuffTheSpire:Experiment12":43,"hubris:Icosahedron":38,"infinitespire:Broken Mirror":40,"StuffTheSpire:HeavyRock":6,"Strawberry":28,"infinitespire:Golems Mask":3,"RollingBoulder":9,"Tiny Chest":28,"CultistMask":13,"vexMod:DeviousBotling":17,"trackpad:BottledShadow":23,"artistmod:BlueBrush":0,"trackpad:AdjectivePendant":10,"hubris:BottledRain":45},{"Golden Idol":5,"conspire:RunicOctahedron":19,"infinitespire:Beetle Shell":16,"Pet Ghost":15,"StuffTheSpire:Experiment12":25,"hubris:Icosahedron":22,"infinitespire:Broken Mirror":24,"StuffTheSpire:HeavyRock":4,"Strawberry":16,"infinitespire:Golems Mask":1,"RollingBoulder":4,"Tiny Chest":16,"CultistMask":6,"vexMod:DeviousBotling":8,"trackpad:BottledShadow":13,"artistmod:BlueBrush":0,"trackpad:AdjectivePendant":5,"hubris:BottledRain":26},{"Golden Idol":31,"conspire:RunicOctahedron":102,"infinitespire:Beetle Shell":90,"Pet Ghost":86,"StuffTheSpire:Experiment12":125,"hubris:Icosahedron":114,"infinitespire:Broken Mirror":122,"StuffTheSpire:HeavyRock":19,"Strawberry":90,"infinitespire:Golems Mask":6,"RollingBoulder":19,"Tiny Chest":90,"CultistMask":37,"vexMod:DeviousBotling":52,"trackpad:BottledShadow":79,"artistmod:BlueBrush":0,"trackpad:AdjectivePendant":31,"hubris:BottledRain":128}]},"card_choices":[{"not_picked":["artistmod:YellowYearning","artistmod:ColorCopy"],"picked":"artistmod:PaintBreath","floor":1},{"not_picked":["artistmod:IndigoIncapitation","artistmod:PrismaticPain"],"picked":"artistmod:BlueBurst","floor":4},{"not_picked":["artistmod:IndigoIncapitation","artistmod:BrownBrush","artistmod:PrismaticPain"],"picked":"SKIP","floor":5},{"not_picked":["artistmod:ClearChroma","artistmod:SimpleStudies"],"picked":"artistmod:PinkPurple","floor":6},{"not_picked":["artistmod:DualDash","artistmod:PinkPurple"],"picked":"artistmod:GreenGreatness","floor":10},{"not_picked":["artistmod:MeanMagenta","artistmod:ColorfulClobber"],"picked":"artistmod:EnlightenedEpiphany","floor":12},{"not_picked":["artistmod:SuperbSchooling","artistmod:CursedClash","artistmod:RedRage"],"picked":"SKIP","floor":14},{"not_picked":["artistmod:YellowYouth","artistmod:ArtisticAgony"],"picked":"artistmod:ProfoundPurple","floor":16},{"not_picked":["artistmod:ChromaCrash","artistmod:DoubleDraw+1"],"picked":"artistmod:IchorInk+1","floor":18},{"not_picked":["artistmod:ArdentAqua","artistmod:DoubleDraw"],"picked":"artistmod:ColorCopy+1","floor":19},{"not_picked":["artistmod:IndigoIncapitation+1","artistmod:PaintbrushPanic"],"picked":"artistmod:PaintballPelt+1","floor":21},{"not_picked":["artistmod:IndigoIncapitation","artistmod:SweepingSadness","artistmod:EnlightenedEpiphany"],"picked":"SKIP","floor":22},{"not_picked":["ReplayTheSpireMod:Chaos Vortex","infinitespire:Fortify"],"picked":"hubris:InfiniteBlow+8","floor":23},{"not_picked":["artistmod:SweepingSadness+1","artistmod:ProfoundPurple","artistmod:MagentaMadness"],"picked":"SKIP","floor":23},{"not_picked":["artistmod:DualDebuffs","artistmod:CanvasCatapult+1"],"picked":"artistmod:ResourceRampage+1","floor":24},{"not_picked":["artistmod:CursedClash+1","artistmod:MagentaMadness+1","artistmod:RedRazzing"],"picked":"SKIP","floor":25},{"not_picked":["artistmod:SweepingSadness","artistmod:SimpleStudies","artistmod:MagentaMadness+1"],"picked":"SKIP","floor":27},{"not_picked":["artistmod:CursedClash+1","artistmod:YellowYearning","artistmod:MagentaMadness"],"picked":"SKIP","floor":29},{"not_picked":["artistmod:CursedClash+1","artistmod:YellowYearning","artistmod:MagentaMadness"],"picked":"SKIP","floor":29},{"not_picked":["artistmod:GreenGreed","artistmod:AquaAnnoyance+1"],"picked":"artistmod:SuperbSchooling","floor":31},{"not_picked":["artistmod:MagentaMist","artistmod:RedReaper"],"picked":"artistmod:GreenGreatness","floor":33},{"not_picked":["artistmod:BrownBrush","artistmod:ColorCopy"],"picked":"artistmod:PaintbrushPanic","floor":35},{"not_picked":["artistmod:CursedClash","artistmod:ColorfulClobber"],"picked":"artistmod:ColorCopy","floor":36},{"not_picked":["artistmod:RainbowRazor","artistmod:PaintbrushPanic"],"picked":"artistmod:ProfoundPurple","floor":37},{"not_picked":["artistmod:BlueBurst","artistmod:ChromaCrash+1"],"picked":"artistmod:CrushingCanvas","floor":39},{"not_picked":["artistmod:ChromaCrash+1","artistmod:AquaAnnoyance+1","artistmod:DualDebuffs+1"],"picked":"SKIP","floor":40},{"not_picked":["artistmod:ChromaCrash+1","artistmod:BrownBrush","artistmod:ColorfulClobber"],"picked":"SKIP","floor":42},{"not_picked":["artistmod:PurplePain+1","artistmod:ChosenColors+1"],"picked":"artistmod:BlueBurst","floor":44},{"not_picked":["artistmod:YellowYearning","artistmod:MagentaMist"],"picked":"artistmod:ReddeningRampage+1","floor":46},{"not_picked":["artistmod:AquaAnnoyance","artistmod:ClearChroma+1","artistmod:ChromaCrash"],"picked":"SKIP","floor":48}],"player_experience":23730,"relics_obtained":[{"floor":6,"key":"StuffTheSpire:HeavyRock"},{"floor":9,"key":"RollingBoulder"},{"floor":10,"key":"trackpad:AdjectivePendant"},{"floor":23,"key":"trackpad:BottledShadow"},{"floor":26,"key":"Pet Ghost"},{"floor":40,"key":"infinitespire:Broken Mirror"},{"floor":43,"key":"StuffTheSpire:Experiment12"}],"event_choices":[{"cards_removed":["artistmod:StrokeStrike"],"damage_healed":0,"gold_gain":0,"player_choice":"Card Removal","damage_taken":0,"max_hp_gain":0,"max_hp_loss":0,"event_name":"Wheel of Change","floor":2,"gold_loss":0},{"damage_healed":0,"gold_gain":0,"player_choice":"Lose Max HP","damage_taken":0,"relics_obtained":["Golden Idol"],"max_hp_gain":0,"max_hp_loss":6,"event_name":"Golden Idol","floor":11,"gold_loss":0},{"damage_healed":0,"gold_gain":0,"player_choice":"Trade","damage_taken":0,"relics_obtained":["CultistMask"],"max_hp_gain":0,"max_hp_loss":0,"event_name":"FaceTrader","floor":13,"gold_loss":0},{"damage_healed":0,"gold_gain":0,"player_choice":"Forge","damage_taken":0,"max_hp_gain":0,"max_hp_loss":0,"event_name":"Accursed Blacksmith","floor":30,"gold_loss":0,"cards_upgraded":["hubris:InfiniteBlow"]}],"is_beta":false,"boss_relics":[{"not_picked":["artistmod:BrokenBrush","Busted Crown"],"picked":"vexMod:DeviousBotling"},{"not_picked":["Kintsugi","ReplayTheSpireMod:DimensionalGlitch"],"picked":"conspire:RunicOctahedron"}],"items_purged_floors":[],"is_endless":true,"potions_floor_spawned":[4,5,10,12,16,18,21,24,27,33,37,42,44,48],"killed_by":"Time Eater","ascension_level":0}}