{"host":"ky7z67tg8zpdk0g7","time":1609145071,"event":{"mods":["BaseMod","Better Third Choice","CapriCore","Displayed Cursed Tome","Energized Spire","Halation","Hubris","Minty Spire (QoL Compilation)","Replay The Spire","Shop Mod","StSLib"],"gold_per_floor":[116,64,64,98,173,207,207,191,191,204,73,107,126,126,126,231,231,249,37,37,37,48,77,77,91,91,69,119,119,135,135,135,232,232,248,248,248,248,263,295,295,330,330,7,21,51,64,83,83,83,83,83,33,60,60],"floor_reached":56,"playtime":1629,"items_purged":["Doubt","Looming Evil"],"score":1753,"play_id":"75c9c164-0158-40ed-88fb-22b06799369e","local_time":"20201228154431","is_ascension_mode":true,"campfire_choices":[{"data":"Fasting2","floor":15.0,"key":"SMITH"},{"data":"LessonLearned","floor":24.0,"key":"SMITH"},{"floor":41,"key":"RECALL"},{"floor":49,"key":"REST"},{"data":"Fasting2","floor":52,"key":"SMITH"}],"circlet_count":0,"master_deck":["Strike_P","Strike_P+1","Strike_P","Strike_P","Defend_P+1","Defend_P","Defend_P","Defend_P+1","Eruption+1","Vigilance","BowlingBash+1","Tantrum+1","FlurryOfBlows","SpiritShield+1","WreathOfFlame+1","Fasting2+1","Crescendo+1","Halt+1","SignatureMove","BattleHymn+1","Replay:ManipulateFuture+1","Scrawl+1","CutThroughFate+1","LessonLearned+1","Wallop","SandsOfTime+1","Omniscience+1","Tantrum+1","FlyingSleeves+1","Fasting2+1","FollowUp","hubris:Envy","Wish+1","Regret","Replay:BluntJabs+1","Blasphemy+1","Alpha+1","Evaluate+1","Replay:AtTheReady+1","DeceiveReality+1","CutThroughFate+1","Tantrum"],"relics":["PureWater","NeowsBlessing","halation:PinkSoulGem","Bag of Marbles","hubris:DeckOfHolding","hubris:Icosahedron","PreservedInsect","Toxic Egg 2","Centennial Puzzle","hubris:BlackHole","CultistMask","Nunchaku","Anchor","ReplayFunnel","Ring of Fury","Ring of Greed","Replay:Wax Seal","Membership Card","halation:EternalFortune","halation:PinkAlligatorPlush","StoneCalendar","Orichalcum","Mercury Hourglass","Bottled Flame","ReplayTheSpireMod:TigerMarble","Sundial"],"acts_visited":["Exordium","TheCity","TheBeyond","TheEnding"],"potions_floor_usage":[55],"damage_taken":[{"damage":0.0,"enemies":"Cultist","floor":1.0,"turns":1.0},{"damage":0.0,"enemies":"Replay:BlueRogue","floor":6.0,"turns":1.0},{"damage":0.0,"enemies":"Lagavulin","floor":8.0,"turns":1.0},{"damage":0.0,"enemies":"Small Slimes","floor":10.0,"turns":1.0},{"damage":0.0,"enemies":"Gremlin Nob","floor":12.0,"turns":2.0},{"damage":5.0,"enemies":"2 Louse","floor":13.0,"turns":2.0},{"damage":0.0,"enemies":"Slime Boss","floor":16.0,"turns":3.0},{"damage":6.0,"enemies":"3 Byrds","floor":18.0,"turns":2.0},{"damage":0.0,"enemies":"Spheric Guardian","floor":22.0,"turns":2.0},{"damage":0.0,"enemies":"Gremlin Leader","floor":23.0,"turns":2.0},{"damage":12.0,"enemies":"Centurion and Healer","floor":25.0,"turns":2.0},{"damage":9.0,"enemies":"Slavers","floor":27.0,"turns":2.0},{"damage":0.0,"enemies":"Snake Plant","floor":30.0,"turns":2.0},{"damage":0,"enemies":"Automaton","floor":33,"turns":2},{"damage":2,"enemies":"Orb Walker","floor":35,"turns":1},{"damage":2,"enemies":"3 Darklings","floor":39,"turns":1},{"damage":4,"enemies":"R_Hoarder","floor":40,"turns":2},{"damage":4,"enemies":"Reptomancer","floor":42,"turns":2},{"damage":18,"enemies":"Transient","floor":45,"turns":4},{"damage":17,"enemies":"R_Hoarder","floor":46,"turns":3},{"damage":2,"enemies":"Jaw Worm Horde","floor":47,"turns":1},{"damage":2,"enemies":"Maw","floor":48,"turns":1},{"damage":39,"enemies":"Awakened One","floor":50,"turns":5},{"damage":2,"enemies":"Shield and Spear","floor":54,"turns":1},{"damage":156,"enemies":"The Heart","floor":55,"turns":5}],"seed_played":"4059886713793273072","potions_obtained":[{"floor":1.0,"key":"FairyPotion"},{"floor":4.0,"key":"SpeedPotion"},{"floor":10.0,"key":"Death Potion"},{"floor":16.0,"key":"DuplicationPotion"}],"is_trial":false,"path_per_floor":["M","$","?","?","?","E","?","E","T","M","$","E","M","?","R","B",null,"M","$","?","$","M","E","R","M","T","E","?","?","M","?","R","B",null,"M","?","?","?","M","E","R","E","T","$","M","E","M","M","R","B",null,"R","$","E","B",null],"character_chosen":"WATCHER","items_purchased":["Tantrum+1","Halt+1","SignatureMove","LessonLearned","Wallop","Evaluate+1","Mercury Hourglass","Bottled Flame"],"campfire_rested":1,"item_purchase_floors":[2,11,11,19,19,44,44,44],"current_hp_per_floor":[72,72,72,72,61,61,61,61,61,61,61,61,56,42,42,42,72,66,66,66,66,66,66,66,54,54,45,45,45,45,48,70,70,75,73,73,73,71,69,65,65,61,61,61,46,29,27,28,51,12,77,77,77,75,12],"gold":60,"neow_bonus":"THREE_ENEMY_KILL","is_daily":false,"chose_seed":false,"campfire_upgraded":3,"win_rate":0.0,"timestamp":1609145071,"path_taken":["M","$","?","?","?","E","?","E","T","M","?","E","M","?","R","BOSS","M","$","?","?","M","E","R","M","T","E","?","?","M","?","R","BOSS","M","?","?","?","M","E","R","E","T","$","?","E","M","M","R","BOSS","R","$","E","BOSS"],"items_purchased_type":["Card","Card","Card","Card","Card","Card","Relic","Relic"],"build_version":"2020-12-22","purchased_purges":2,"victory":true,"max_hp_per_floor":[72,72,72,72,72,72,72,72,72,72,72,72,72,72,72,72,72,72,72,72,72,72,72,72,72,72,72,72,72,72,75,75,75,75,75,75,75,71,71,71,71,71,71,71,74,74,74,77,77,77,77,77,77,77,77],"card_choices":[{"not_picked":["DeceiveReality","Crescendo"],"picked":"BowlingBash","floor":1.0},{"not_picked":["ClearTheMind","ThirdEye"],"picked":"FlurryOfBlows","floor":4.0},{"not_picked":["Wireheading","Protect"],"picked":"SpiritShield","floor":4.0},{"not_picked":["Replay:Cycle","Replay:BluntJabs"],"picked":"WreathOfFlame","floor":6.0},{"not_picked":["ReachHeaven","Devotion"],"picked":"Fasting2","floor":8.0},{"not_picked":["ThirdEye+1","Nirvana"],"picked":"Crescendo+1","floor":10.0},{"not_picked":["EmptyFist","Worship+1"],"picked":"BattleHymn","floor":12.0},{"not_picked":["PathToVictory+1","Nirvana"],"picked":"Replay:ManipulateFuture+1","floor":13.0},{"not_picked":["Establishment","SpiritShield+1"],"picked":"Scrawl+1","floor":16.0},{"not_picked":["Replay:Battleflow+1","EmptyFist"],"picked":"CutThroughFate","floor":18.0},{"not_picked":["Halt+1","CarveReality"],"picked":"SandsOfTime+1","floor":22.0},{"not_picked":["SashWhip","Study"],"picked":"Omniscience+1","floor":23.0},{"not_picked":["FearNoEvil","Sanctity+1"],"picked":"Tantrum+1","floor":25.0},{"not_picked":["SashWhip","Consecrate"],"picked":"FlyingSleeves","floor":27.0},{"not_picked":["EmptyBody+1","EmptyFist"],"picked":"FollowUp","floor":30.0},{"not_picked":["Establishment","Ragnarok"],"picked":"Wish+1","floor":33},{"not_picked":["SignatureMove","FlurryOfBlows","EmptyFist"],"picked":"SKIP","floor":35},{"not_picked":["ClearTheMind+1","Collect+1","EmptyBody+1"],"picked":"SKIP","floor":39},{"not_picked":["Replay:Cycle+1","Halt+1"],"picked":"Blasphemy+1","floor":40},{"not_picked":["Prostrate+1","Crescendo+1"],"picked":"Alpha+1","floor":42},{"not_picked":["SignatureMove","BowlingBash"],"picked":"Replay:AtTheReady+1","floor":45},{"not_picked":["Meditate+1","Replay:AtTheReady+1"],"picked":"DeceiveReality+1","floor":46},{"not_picked":["Worship+1","ClearTheMind+1","Replay:BluntJabs"],"picked":"SKIP","floor":47},{"not_picked":["Replay:DivineShield+1","EmptyBody+1"],"picked":"CutThroughFate+1","floor":48},{"not_picked":["PathToVictory+1","Halt+1"],"picked":"Tantrum","floor":54}],"player_experience":42517,"relics_obtained":[{"floor":4.0,"key":"Bag of Marbles"},{"floor":6.0,"key":"hubris:DeckOfHolding"},{"floor":8.0,"key":"PreservedInsect"},{"floor":9.0,"key":"Toxic Egg 2"},{"floor":12.0,"key":"Centennial Puzzle"},{"floor":23.0,"key":"Nunchaku"},{"floor":26.0,"key":"Anchor"},{"floor":27.0,"key":"ReplayFunnel"},{"floor":28.0,"key":"Ring of Fury"},{"floor":28.0,"key":"Ring of Greed"},{"floor":28.0,"key":"Replay:Wax Seal"},{"floor":28.0,"key":"Membership Card"},{"floor":40,"key":"StoneCalendar"},{"floor":42,"key":"Orichalcum"},{"floor":45,"key":"halation:EternalFortune"},{"floor":46,"key":"ReplayTheSpireMod:TigerMarble"},{"floor":48,"key":"halation:EternalFortune"},{"floor":54,"key":"Sundial"}],"event_choices":[{"damage_healed":0.0,"max_hp_gain":0.0,"max_hp_loss":0.0,"gold_gain":75.0,"event_name":"betterThird:BetterGoop","player_choice":"Gold","floor":5.0,"gold_loss":0.0,"damage_taken":11.0},{"damage_healed":56.0,"max_hp_gain":0.0,"max_hp_loss":72.0,"gold_gain":0.0,"event_name":"betterThird:BetterShining","player_choice":"Upgrade","floor":14.0,"gold_loss":0.0,"damage_taken":14.0,"cards_upgraded":["Eruption","BattleHymn"]},{"damage_healed":0.0,"max_hp_gain":0.0,"max_hp_loss":0.0,"gold_gain":0.0,"event_name":"FaceTrader","player_choice":"Trade","floor":20.0,"gold_loss":0.0,"damage_taken":0.0,"relics_obtained":["CultistMask"]},{"damage_healed":0.0,"max_hp_gain":0.0,"max_hp_loss":0.0,"gold_gain":0.0,"event_name":"The Library","player_choice":"Read","floor":29.0,"gold_loss":0.0,"damage_taken":0.0,"cards_obtained":["Fasting2"]},{"damage_healed":0,"gold_gain":0,"player_choice":"Ignored","damage_taken":0,"max_hp_gain":0,"max_hp_loss":0,"event_name":"Tomb of Lord Red Mask","floor":37,"gold_loss":0},{"damage_healed":0,"gold_gain":0,"player_choice":"Max HP","damage_taken":0,"max_hp_gain":0,"max_hp_loss":4,"event_name":"Winding Halls","floor":38,"gold_loss":0}],"is_beta":false,"boss_relics":[{"not_picked":["energizedSpire:SpiderWeb","SlaversCollar"],"picked":"hubris:BlackHole"},{"not_picked":["halation:Prosthetics","energizedSpire:RedRose"],"picked":"halation:PinkAlligatorPlush"}],"items_purged_floors":[44,53],"is_endless":false,"potions_floor_spawned":[1,10,16,23,30,33,42,46,47,54],"ascension_level":1}}