{"host":"hzhtv7n0nkrnil9f","time":1609186079,"event":{"mods":["AchievementEnabler","BaseMod","Colored Map","Minty Spire (QoL Compilation)","Permanent Neow"],"gold_per_floor":[114,134,145,145,70,70,105,117,117,117,142,162,162,196,196,293,293,303,303,322,335,335,335,352,252,275,310,328,361,381,410,410,514,514,528,347,347,401,401,401,412,441,492,521,521,537,552,23,23,23,23,23,23,48,48],"floor_reached":56,"playtime":4528,"items_purged":["Strike_P","Defend_P","Defend_P"],"score":1311,"play_id":"409fefea-b0e2-4e1b-9d20-9d82b523c290","local_time":"20201228210759","is_ascension_mode":true,"campfire_choices":[{"data":"PathToVictory","floor":6,"key":"SMITH"},{"data":"WaveOfTheHand","floor":10,"key":"SMITH"},{"data":"ThirdEye","floor":13,"key":"SMITH"},{"data":"Vigilance","floor":15,"key":"SMITH"},{"data":"Eruption","floor":23,"key":"SMITH"},{"floor":32,"key":"REST"},{"data":"LikeWater","floor":40,"key":"SMITH"},{"floor":45,"key":"RECALL"},{"floor":49,"key":"REST"},{"data":"Panache","floor":52,"key":"SMITH"}],"circlet_count":0,"master_deck":["Strike_P+1","Strike_P+1","Defend_P+1","Eruption+1","Vigilance+1","PathToVictory+1","WaveOfTheHand+1","ThirdEye+1","InnerPeace+1","PathToVictory+1","LikeWater+1","Panache+1"],"relics":["Runic Pyramid","Shuriken","Pocketwatch","TeardropLocket","Torii","Incense Burner","Velvet Choker","The Courier","Bag of Preparation","War Paint","Sozu","Membership Card","Ginger","Boot","Omamori","Singing Bowl","Meat on the Bone","Whetstone","CloakClasp","Nunchaku","Bag of Marbles","Akabeko","InkBottle"],"acts_visited":["Exordium","TheCity","TheBeyond","TheEnding"],"potions_floor_usage":[16,16,29,31,55,55],"damage_taken":[{"damage":0,"enemies":"Cultist","floor":1,"turns":2},{"damage":5,"enemies":"Small Slimes","floor":2,"turns":3},{"damage":1,"enemies":"Jaw Worm","floor":3,"turns":4},{"damage":6,"enemies":"Lagavulin","floor":7,"turns":5},{"damage":3,"enemies":"Red Slaver","floor":8,"turns":3},{"damage":9,"enemies":"3 Sentries","floor":11,"turns":7},{"damage":0,"enemies":"2 Fungi Beasts","floor":12,"turns":4},{"damage":1,"enemies":"Lagavulin","floor":14,"turns":6},{"damage":10,"enemies":"Slime Boss","floor":16,"turns":6},{"damage":9,"enemies":"Spheric Guardian","floor":18,"turns":4},{"damage":2,"enemies":"Chosen","floor":20,"turns":6},{"damage":6,"enemies":"Centurion and Healer","floor":21,"turns":6},{"damage":7,"enemies":"Cultist and Chosen","floor":24,"turns":9},{"damage":9,"enemies":"Slavers","floor":27,"turns":8},{"damage":1,"enemies":"Snake Plant","floor":28,"turns":4},{"damage":1,"enemies":"Book of Stabbing","floor":29,"turns":7},{"damage":3,"enemies":"Shelled Parasite and Fungi","floor":30,"turns":4},{"damage":8,"enemies":"Gremlin Leader","floor":31,"turns":4},{"damage":17,"enemies":"Champ","floor":33,"turns":8},{"damage":0,"enemies":"3 Shapes","floor":35,"turns":3},{"damage":9,"enemies":"2 Orb Walkers","floor":38,"turns":4},{"damage":0,"enemies":"3 Darklings","floor":41,"turns":3},{"damage":11,"enemies":"Nemesis","floor":42,"turns":5},{"damage":6,"enemies":"Giant Head","floor":44,"turns":3},{"damage":0,"enemies":"Transient","floor":46,"turns":5},{"damage":0,"enemies":"Spire Growth","floor":47,"turns":3},{"damage":9,"enemies":"Awakened One","floor":50,"turns":7},{"damage":0,"enemies":"Shield and Spear","floor":54,"turns":4},{"damage":30,"enemies":"The Heart","floor":55,"turns":6}],"seed_played":"-2455186319543908019","potions_obtained":[{"floor":2,"key":"AttackPotion"},{"floor":8,"key":"GamblersBrew"},{"floor":11,"key":"ColorlessPotion"},{"floor":20,"key":"Dexterity Potion"},{"floor":21,"key":"Swift Potion"},{"floor":28,"key":"Regen Potion"},{"floor":29,"key":"Weak Potion"},{"floor":30,"key":"SpeedPotion"}],"is_trial":false,"path_per_floor":["M","M","M","T","$","R","E","M","T","R","E","M","R","E","R","B",null,"M","?","M","M","?","R","M","$","T","E","M","E","M","E","R","B",null,"M","$","?","?","?","R","M","E","T","E","R","M","M","$","R","B",null,"R","$","E","B",null],"character_chosen":"WATCHER","items_purchased":["Membership Card","Meat on the Bone","Whetstone","CloakClasp","Nunchaku","Bag of Marbles","Akabeko","Panache"],"campfire_rested":2,"item_purchase_floors":[36,48,48,48,48,48,48,48],"current_hp_per_floor":[72,67,66,66,66,66,60,57,57,57,48,48,48,47,47,37,72,63,63,61,55,55,55,48,48,48,39,38,52,49,41,62,45,72,72,72,68,59,59,59,59,48,48,44,44,46,48,48,70,61,74,74,74,76,46],"gold":48,"neow_bonus":"BOSS_RELIC","is_daily":false,"chose_seed":false,"campfire_upgraded":7,"win_rate":0.0,"timestamp":1609186079,"path_taken":["M","?","?","?","$","R","E","M","T","R","E","M","R","E","R","BOSS","M","?","?","M","?","R","M","$","T","E","?","E","M","E","R","BOSS","M","$","?","?","?","R","M","E","T","E","R","?","M","$","R","BOSS","R","$","E","BOSS"],"items_purchased_type":["Relic","Relic","Relic","Relic","Relic","Relic","Relic","Card"],"build_version":"2020-12-22","purchased_purges":3,"victory":true,"max_hp_per_floor":[72,72,72,72,72,72,72,72,72,72,72,72,72,72,72,72,72,72,72,72,72,72,72,72,72,72,72,72,72,72,72,72,72,72,72,72,68,68,68,68,68,68,68,70,70,72,74,74,74,74,74,74,74,76,76],"card_choices":[{"not_picked":["BowlingBash","FlurryOfBlows"],"picked":"PathToVictory","floor":1},{"not_picked":["FollowUp","ClearTheMind"],"picked":"WaveOfTheHand","floor":2},{"not_picked":["Evaluate","ClearTheMind","FollowUp"],"picked":"SKIP","floor":3},{"not_picked":["Omniscience","WreathOfFlame","Vengeance"],"picked":"SKIP","floor":7},{"not_picked":["JustLucky","Perseverance","Crescendo"],"picked":"SKIP","floor":8},{"not_picked":["EmptyFist","Protect","Brilliance"],"picked":"SKIP","floor":11},{"not_picked":["SashWhip","EmptyMind"],"picked":"ThirdEye","floor":12},{"not_picked":["BattleHymn","Wallop","FearNoEvil"],"picked":"SKIP","floor":14},{"not_picked":["SandsOfTime","FlurryOfBlows+1","Fasting2"],"picked":"SKIP","floor":18},{"not_picked":["ThirdEye","Collect","Indignation"],"picked":"SKIP","floor":20},{"not_picked":["FollowUp","Vengeance+1","Weave"],"picked":"SKIP","floor":21},{"not_picked":["Consecrate","Pray","CarveReality"],"picked":"SKIP","floor":24},{"not_picked":["Evaluate","Indignation+1","Conclude"],"picked":"SKIP","floor":27},{"not_picked":["BowlingBash","JustLucky+1","FlyingSleeves+1"],"picked":"SKIP","floor":28},{"not_picked":["Pray","Halt"],"picked":"InnerPeace","floor":29},{"not_picked":["Crescendo+1","EmptyFist","CrushJoints"],"picked":"SKIP","floor":30},{"not_picked":["Scrawl","MentalFortress","WindmillStrike"],"picked":"SKIP","floor":31},{"not_picked":["LikeWater","WheelKick+1"],"picked":"PathToVictory+1","floor":35},{"not_picked":["Scrawl","Halt","JustLucky"],"picked":"SKIP","floor":41},{"not_picked":["WindmillStrike+1","WheelKick","EmptyBody"],"picked":"SKIP","floor":42},{"not_picked":["WindmillStrike+1","ThirdEye+1","EmptyFist"],"picked":"Singing Bowl","floor":44},{"not_picked":["Meditate+1","WindmillStrike+1","Protect+1"],"picked":"Singing Bowl","floor":46},{"not_picked":["Protect","CarveReality","Consecrate"],"picked":"Singing Bowl","floor":47},{"not_picked":["Fasting2+1","Collect","FlyingSleeves+1"],"picked":"Singing Bowl","floor":54}],"player_experience":201290,"relics_obtained":[{"floor":4,"key":"Shuriken"},{"floor":7,"key":"Pocketwatch"},{"floor":9,"key":"TeardropLocket"},{"floor":11,"key":"Torii"},{"floor":14,"key":"Incense Burner"},{"floor":27,"key":"The Courier"},{"floor":29,"key":"Bag of Preparation"},{"floor":31,"key":"War Paint"},{"floor":38,"key":"Ginger"},{"floor":42,"key":"Boot"},{"floor":43,"key":"Omamori"},{"floor":44,"key":"Singing Bowl"},{"floor":54,"key":"InkBottle"}],"event_choices":[{"damage_healed":0,"gold_gain":0,"player_choice":"Bought 0 Potions","damage_taken":0,"max_hp_gain":0,"max_hp_loss":0,"event_name":"The Woman in Blue","floor":19,"gold_loss":0},{"cards_removed":["Strike_P"],"damage_healed":0,"gold_gain":0,"player_choice":"Offered Basic","damage_taken":0,"max_hp_gain":0,"max_hp_loss":0,"event_name":"Bonfire Elementals","floor":22,"gold_loss":0},{"damage_healed":0,"gold_gain":0,"player_choice":"Max HP","damage_taken":0,"max_hp_gain":0,"max_hp_loss":4,"event_name":"Winding Halls","floor":37,"gold_loss":0},{"damage_healed":0,"gold_gain":0,"player_choice":"Fight","damage_taken":0,"max_hp_gain":0,"max_hp_loss":0,"event_name":"Mysterious Sphere","floor":38,"gold_loss":0},{"damage_healed":0,"gold_gain":0,"cards_transformed":["Defend_P"],"player_choice":"Transformed","damage_taken":0,"max_hp_gain":0,"max_hp_loss":0,"event_name":"Transmorgrifier","floor":39,"gold_loss":0,"cards_obtained":["LikeWater"]}],"is_beta":false,"boss_relics":[{"not_picked":["Astrolabe","Fusion Hammer"],"picked":"Velvet Choker"},{"not_picked":["Calling Bell","Busted Crown"],"picked":"Sozu"}],"items_purged_floors":[5,25,36],"is_endless":false,"potions_floor_spawned":[2,8,11,20,21,28,29,30,38,46,47,54],"ascension_level":1}}