{"host":"pasuo0d4pcp4ckc0","time":1609151206,"event":{"mods":["AchievementEnabler","BaseMod","Colored Powertips","Highlight Path","Minty Spire (QoL Compilation)","Permanent Neow","Quick Restart","Relic Stats","Slay-I","StSLib"],"gold_per_floor":[114,114,132,149,169,169,198,198,251,275,275,275,291,312,312,435,435,451,471,471,489,507,507,507],"floor_reached":23,"playtime":635,"items_purged":[],"score":205,"play_id":"97490d93-3e8d-45ed-9583-f5c17e327944","local_time":"20201228022646","is_ascension_mode":true,"campfire_choices":[{"data":"Perfected Strike","floor":6,"key":"SMITH"},{"data":"Pommel Strike","floor":8,"key":"SMITH"},{"floor":15,"key":"REST"}],"circlet_count":0,"master_deck":["Strike_R","Strike_R","Strike_R","Strike_R","Strike_R","Defend_R","Defend_R","Defend_R","Defend_R","Bash+1","Twin Strike+1","Pommel Strike+1","Perfected Strike+1","Wild Strike","Double Tap","Flame Barrier","Corruption","Twin Strike","Shockwave"],"relics":["Burning Blood","Tiny Chest","InkBottle","Pen Nib","Omamori","Golden Idol","Mark of Pain","Regal Pillow"],"acts_visited":["Exordium","TheCity"],"potions_floor_usage":[18,19,23,23],"damage_taken":[{"damage":3,"enemies":"Jaw Worm","floor":1,"turns":5},{"damage":1,"enemies":"Cultist","floor":3,"turns":3},{"damage":0,"enemies":"Small Slimes","floor":4,"turns":2},{"damage":14,"enemies":"Blue Slaver","floor":5,"turns":3},{"damage":14,"enemies":"Gremlin Nob","floor":7,"turns":3},{"damage":10,"enemies":"Looter","floor":13,"turns":2},{"damage":11,"enemies":"3 Louse","floor":14,"turns":2},{"damage":43,"enemies":"Hexaghost","floor":16,"turns":7},{"damage":22,"enemies":"Shell Parasite","floor":18,"turns":4},{"damage":0,"enemies":"Chosen","floor":19,"turns":3},{"damage":36,"enemies":"Sentry and Sphere","floor":21,"turns":4},{"damage":32,"enemies":"Shelled Parasite and Fungi","floor":22,"turns":6},{"damage":14,"enemies":"Slavers","floor":23,"turns":1}],"seed_played":"4129606524527754875","potions_obtained":[{"floor":3,"key":"LiquidBronze"},{"floor":7,"key":"Swift Potion"},{"floor":13,"key":"PowerPotion"},{"floor":16,"key":"ColorlessPotion"},{"floor":22,"key":"PowerPotion"}],"is_trial":false,"path_per_floor":["M","?","M","M","M","R","E","R","T","T","?","?","M","M","R","B",null,"M","M","T","M","M","E"],"character_chosen":"IRONCLAD","items_purchased":[],"campfire_rested":1,"item_purchase_floors":[],"current_hp_per_floor":[80,80,80,80,72,72,64,64,64,64,44,44,40,35,59,22,80,64,70,70,40,14,0,0],"gold":507,"neow_bonus":"RANDOM_COMMON_RELIC","is_daily":false,"chose_seed":false,"campfire_upgraded":2,"win_rate":0.0,"timestamp":1609151206,"path_taken":["M","?","?","M","?","R","E","R","T","?","?","?","M","?","R","BOSS","M","M","?","M","?","E"],"items_purchased_type":[],"build_version":"2020-12-22","purchased_purges":0,"victory":false,"max_hp_per_floor":[80,80,80,80,80,80,80,80,80,80,80,80,80,80,80,80,80,80,80,80,80,80,80,80],"relic_stats":{"Regal Pillow":0,"counters":[13,45],"Golden Idol":47,"Tiny Chest":2,"Pen Nib":[5],"obtain_stats":[{"Regal Pillow":20,"Golden Idol":11,"Tiny Chest":0,"Pen Nib":9,"Mark of Pain":17,"Omamori":10,"Burning Blood":0,"InkBottle":7},{"Regal Pillow":10,"Golden Idol":5,"Tiny Chest":0,"Pen Nib":5,"Mark of Pain":8,"Omamori":5,"Burning Blood":0,"InkBottle":5},{"Regal Pillow":34,"Golden Idol":16,"Tiny Chest":0,"Pen Nib":16,"Mark of Pain":27,"Omamori":16,"Burning Blood":0,"InkBottle":16}],"Burning Blood":58,"InkBottle":[8]},"card_choices":[{"not_picked":["True Grit","Headbutt"],"picked":"Twin Strike","floor":1},{"not_picked":["Dual Wield","Entrench"],"picked":"Pommel Strike","floor":3},{"not_picked":["Armaments","Second Wind"],"picked":"Perfected Strike","floor":4},{"not_picked":["Havoc","Evolve"],"picked":"Wild Strike","floor":5},{"not_picked":["Rupture","Iron Wave","Cleave"],"picked":"SKIP","floor":7},{"not_picked":["Flex","Heavy Blade"],"picked":"Double Tap","floor":13},{"not_picked":["Heavy Blade","Ghostly Armor"],"picked":"Flame Barrier","floor":14},{"not_picked":["Double Tap","Berserk"],"picked":"Corruption","floor":16},{"not_picked":["Cleave","True Grit"],"picked":"Twin Strike","floor":18},{"not_picked":["Seeing Red","Sword Boomerang+1"],"picked":"Shockwave","floor":19},{"not_picked":["Flex","Flame Barrier","Thunderclap"],"picked":"SKIP","floor":21},{"not_picked":["Pommel Strike","Uppercut","Dual Wield+1"],"picked":"SKIP","floor":22}],"player_experience":323382,"relics_obtained":[{"floor":7,"key":"InkBottle"},{"floor":9,"key":"Pen Nib"},{"floor":10,"key":"Omamori"},{"floor":20,"key":"Regal Pillow"}],"event_choices":[{"damage_healed":0,"gold_gain":0,"player_choice":"Upgraded","damage_taken":0,"max_hp_gain":0,"max_hp_loss":0,"event_name":"Upgrade Shrine","floor":2,"gold_loss":0,"cards_upgraded":["Twin Strike"]},{"damage_healed":0,"gold_gain":0,"player_choice":"Take Damage","damage_taken":20,"relics_obtained":["Golden Idol"],"max_hp_gain":0,"max_hp_loss":0,"event_name":"Golden Idol","floor":11,"gold_loss":0},{"damage_healed":0,"gold_gain":0,"player_choice":"Grow","damage_taken":0,"max_hp_gain":0,"max_hp_loss":0,"event_name":"Living Wall","floor":12,"gold_loss":0,"cards_upgraded":["Bash"]}],"is_beta":false,"boss_relics":[{"not_picked":["Calling Bell","Empty Cage"],"picked":"Mark of Pain"}],"items_purged_floors":[],"is_endless":false,"potions_floor_spawned":[3,7,13,16,22],"killed_by":"Slavers","ascension_level":1}}