{"host":"Nexxot","time":1609159880,"event":{"mods":["AchievementEnabler","BaseMod","Colored Map","Downfall","Highlight Path","Jorbs\u0027s Wanderer Trilogy","Minty Spire (QoL Compilation)","Relic Stats","StSLib"],"gold_per_floor":[99,112,128,128,143,175,202,202,237,250,277,32,32,59,72,173,173,123,223,223,239,239,21,48,64,149,149,266,278,312,323,338,433,433,233,245,345,363,93,120,120,153,169,194,118,118,68,2,16,16],"floor_reached":51,"playtime":5020,"items_purged":["Pain","Slimebound:Strike_Slimebound","Pain","Slimebound:Strike_Slimebound"],"score":971,"play_id":"ee874298-05f2-466e-89eb-4564288ea9eb","local_time":"20201228135120","is_ascension_mode":true,"campfire_choices":[{"data":"Slimebound:Nibble","floor":1.0,"key":"SMITH"},{"floor":13.0,"key":"REST"},{"data":"Slimebound:SamplingLick","floor":18.0,"key":"SMITH"},{"data":"Slimebound:DuplicatedForm","floor":35,"key":"SMITH"},{"floor":47,"key":"RECALL"}],"circlet_count":0,"master_deck":["Slimebound:Strike_Slimebound","Slimebound:Defend_Slimebound","Slimebound:Defend_Slimebound","Slimebound:Defend_Slimebound","Slimebound:Defend_Slimebound","Slimebound:Split","Slimebound:CorrosiveSpit","Slimebound:Nibble+1","Slimebound:SplitBruiser","Slimebound:Schlurp","Slimebound:GoopSpray","Slimebound:Equalize","Slimebound:ItLooksTasty","Slimebound:LivingWall","Slimebound:SplitMire","Slimebound:SamplingLick+1","Slimebound:LeechLife","Slimebound:Prepare","Slimebound:MassRepurpose","Slimebound:ComboTackle","Slimebound:LivingWall","Slimebound:MassFeed","Slimebound:LeechingTouch","Slimebound:LeechEnergy","Slimebound:OozeBath","Slimebound:Dissolve+1","Slimebound:DuplicatedForm+1","Slimebound:FormOfPuddle+1","Slimebound:SplitAcid+1","Slimebound:Overexert","Slimebound:Dissolve+1","expansioncontent:ManipulateTime","Slimebound:SplitMire+1","Slimebound:SplitLeeching+1","Slimebound:LevelUp","Slimebound:SplitSpecialist","Normality","Slimebound:Repurpose","Flash of Steel"],"relics":["Slimebound:AbsorbEndCombat","Slimebound:GreedOozeRelic","Dream Catcher","Slimebound:AggressiveSlimeRelic","WarpedTongs","Regal Pillow","Pantograph","Centennial Puzzle","Singing Bowl","Cursed Key","MutagenicStrength","Membership Card","Nilry\u0027s Codex","Lee\u0027s Waffle","Turnip","Slimebound:TarBlob","downfall:HeartBlessingBlue","downfall:HeartBlessingGreen","Toy Ornithopter","Omamori","Medical Kit","Pear","Mercury Hourglass","Du-Vu Doll","Ancient Tea Set","Bottled Lightning"],"acts_visited":["Exordium","TheCity","TheBeyond"],"potions_floor_usage":[],"damage_taken":[{"damage":5.0,"enemies":"Jaw Worm","floor":2.0,"turns":2.0},{"damage":8.0,"enemies":"2 Louse","floor":3.0,"turns":3.0},{"damage":9.0,"enemies":"Cultist","floor":5.0,"turns":3.0},{"damage":19.0,"enemies":"Lagavulin","floor":6.0,"turns":6.0},{"damage":18.0,"enemies":"Gremlin Nob","floor":9.0,"turns":3.0},{"damage":17.0,"enemies":"Blue Slaver","floor":10.0,"turns":4.0},{"damage":25.0,"enemies":"Lagavulin","floor":11.0,"turns":4.0},{"damage":14.0,"enemies":"downfall:FleeingMerchant","floor":12.0,"turns":4.0},{"damage":18.0,"enemies":"3 Sentries","floor":14.0,"turns":5.0},{"damage":4.0,"enemies":"3 Louse","floor":15.0,"turns":2.0},{"damage":55.0,"enemies":"downfall:Defect","floor":16.0,"turns":6.0},{"damage":42.0,"enemies":"downfall:Augmenter","floor":19.0,"turns":4.0},{"damage":23.0,"enemies":"Shell Parasite","floor":21.0,"turns":6.0},{"damage":19.0,"enemies":"downfall:FleeingMerchant","floor":23.0,"turns":4.0},{"damage":44.0,"enemies":"3 Byrds","floor":25.0,"turns":5.0},{"damage":18.0,"enemies":"downfall:FleeingMerchant","floor":28.0,"turns":3.0},{"damage":63.0,"enemies":"Centurion and Healer","floor":29.0,"turns":6.0},{"damage":16.0,"enemies":"Book of Stabbing","floor":30.0,"turns":4.0},{"damage":38.0,"enemies":"Shelled Parasite and Fungi","floor":31.0,"turns":5.0},{"damage":12.0,"enemies":"Cultist and Chosen","floor":32.0,"turns":4.0},{"damage":76.0,"enemies":"downfall:Watcher","floor":33.0,"turns":6.0},{"damage":30,"enemies":"3 Darklings","floor":36,"turns":3},{"damage":68,"enemies":"downfall:LadyInBlue","floor":37,"turns":6},{"damage":12,"enemies":"3 Shapes","floor":38,"turns":2},{"damage":51,"enemies":"Nemesis","floor":40,"turns":5},{"damage":90,"enemies":"Giant Head","floor":42,"turns":8},{"damage":58,"enemies":"Writhing Mass","floor":43,"turns":4},{"damage":30,"enemies":"Reptomancer","floor":44,"turns":3},{"damage":21,"enemies":"4 Shapes","floor":49,"turns":2},{"damage":173,"enemies":"downfall:Silent","floor":50,"turns":9}],"seed_played":"8247163155306088946","potions_obtained":[{"floor":2.0,"key":"Block Potion"},{"floor":3.0,"key":"PowerPotion"},{"floor":5.0,"key":"hexamod:EctoCoolerPotion"},{"floor":11.0,"key":"AttackPotion"},{"floor":16.0,"key":"AttackPotion"},{"floor":25.0,"key":"Guardian:BlockOnCardUsePotion"},{"floor":30.0,"key":"SpeedPotion"},{"floor":32.0,"key":"Slimebound:ThreeZeroPotion"},{"floor":33.0,"key":"DuplicationPotion"}],"is_trial":false,"path_per_floor":["R","M","M","?","M","E","T","?","E","M","E","$","R","E","M","B",null,"R","?","?","M","T","$","T","M","?","?","$","M","E","M","M","B",null,"R","M","?","M","$","E","T","E","M","E","$","?","R","$","M","B",null],"character_chosen":"SLIMEBOUND","items_purchased":["Centennial Puzzle","Membership Card","Slimebound:DuplicatedForm","Lee\u0027s Waffle","Omamori","expansioncontent:ManipulateTime","Medical Kit","Slimebound:LevelUp","Slimebound:SplitSpecialist","Slimebound:Repurpose","Flash of Steel"],"campfire_rested":1,"item_purchase_floors":[12,23,28,28,39,39,39,45,45,48,48],"current_hp_per_floor":[60,60,60,60,59,49,49,49,41,40,31,37,60,58,60,55,60,60,40,40,44,44,64,64,53,41,25,84,60,92,98,100,75,100,110,112,105,117,117,123,123,116,127,131,131,131,131,131,136,52],"gold":16,"neow_bonus":"THREE_CARDS","is_daily":false,"chose_seed":false,"campfire_upgraded":3,"win_rate":0.0,"timestamp":1609159880,"path_taken":["R","M","M","?","M","E","T","?","E","M","E","$","R","E","M","BOSS","R","?","?","M","?","$","T","M","?","?","$","?","E","?","M","BOSS","R","M","?","?","?","E","T","E","?","E","?","?","R","$","M","BOSS"],"items_purchased_type":["Relic","Relic","Card","Relic","Relic","Card","Relic","Card","Card","Card","Card"],"build_version":"2020-12-18","purchased_purges":4,"victory":true,"max_hp_per_floor":[60,60,60,60,60,60,60,60,60,60,60,60,60,60,60,60,60,60,62,62,65,65,65,65,77,77,77,84,92,92,98,100,100,100,110,112,114,117,117,127,127,129,131,131,131,131,131,131,136,136],"relic_stats":{"Regal Pillow":5,"Lee\u0027s Waffle":44,"Singing Bowl":16,"counters":[30,126],"Cursed Key":3,"Medical Kit":[0],"WarpedTongs":[114],"Mercury Hourglass":[80],"Dream Catcher":1,"Centennial Puzzle":[66],"Pantograph":0,"Turnip":[0],"obtain_stats":[{"Regal Pillow":9,"Singing Bowl":14,"Nilry\u0027s Codex":27,"downfall:HeartBlessingGreen":35,"Cursed Key":17,"Ancient Tea Set":44,"Dream Catcher":6,"Centennial Puzzle":12,"downfall:HeartBlessingBlue":35,"Pantograph":11,"Slimebound:AggressiveSlimeRelic":7,"Lee\u0027s Waffle":28,"Pear":40,"Omamori":39,"Medical Kit":39,"WarpedTongs":8,"Slimebound:TarBlob":34,"Mercury Hourglass":41,"Slimebound:GreedOozeRelic":4,"Du-Vu Doll":42,"MutagenicStrength":19,"Turnip":30,"Slimebound:AbsorbEndCombat":0,"Membership Card":23,"Bottled Lightning":46,"Toy Ornithopter":37},{"Regal Pillow":5,"Singing Bowl":9,"Nilry\u0027s Codex":15,"downfall:HeartBlessingGreen":21,"Cursed Key":11,"Ancient Tea Set":28,"Dream Catcher":4,"Centennial Puzzle":8,"downfall:HeartBlessingBlue":21,"Pantograph":7,"Slimebound:AggressiveSlimeRelic":4,"Lee\u0027s Waffle":16,"Pear":25,"Omamori":24,"Medical Kit":24,"WarpedTongs":4,"Slimebound:TarBlob":21,"Mercury Hourglass":25,"Slimebound:GreedOozeRelic":2,"Du-Vu Doll":26,"MutagenicStrength":12,"Turnip":18,"Slimebound:AbsorbEndCombat":0,"Membership Card":14,"Bottled Lightning":28,"Toy Ornithopter":23},{"Regal Pillow":16,"Singing Bowl":31,"Nilry\u0027s Codex":57,"downfall:HeartBlessingGreen":84,"Cursed Key":39,"Ancient Tea Set":115,"Dream Catcher":13,"Centennial Puzzle":27,"downfall:HeartBlessingBlue":84,"Pantograph":23,"Slimebound:AggressiveSlimeRelic":13,"Lee\u0027s Waffle":60,"Pear":100,"Omamori":95,"Medical Kit":95,"WarpedTongs":13,"Slimebound:TarBlob":84,"Mercury Hourglass":100,"Slimebound:GreedOozeRelic":5,"Du-Vu Doll":108,"MutagenicStrength":42,"Turnip":69,"Slimebound:AbsorbEndCombat":0,"Membership Card":52,"Bottled Lightning":115,"Toy Ornithopter":93}],"Toy Ornithopter":0},"card_choices":[{"not_picked":["Slimebound:PressTheAttack","Slimebound:FinishingTackle"],"picked":"Slimebound:Nibble","floor":0.0},{"not_picked":["Slimebound:AcidTongue","Slimebound:ItLooksTasty"],"picked":"Slimebound:FirmFortitude","floor":2.0},{"not_picked":["Slimebound:FinishingTackle","Slimebound:ComboTackle"],"picked":"Slimebound:SplitBruiser","floor":3.0},{"not_picked":["Slimebound:MegaLick","Slimebound:Chomp"],"picked":"Slimebound:Schlurp","floor":5.0},{"not_picked":["Slimebound:SplitMire","Slimebound:SplitBruiser"],"picked":"Slimebound:GoopSpray","floor":6.0},{"not_picked":["Slimebound:RainOfGoop","Slimebound:AcidTongue"],"picked":"Slimebound:Equalize","floor":9.0},{"not_picked":["Slimebound:Schlurp","Slimebound:HauntingLick"],"picked":"Slimebound:ItLooksTasty","floor":10.0},{"not_picked":["Slimebound:RollThrough","Slimebound:SplitLeeching"],"picked":"Slimebound:LivingWall","floor":11.0},{"not_picked":["Slimebound:PrepareCrush","Slimebound:Replication"],"picked":"Slimebound:SplitMire","floor":12.0},{"not_picked":["Slimebound:Schlurp","Slimebound:Grow"],"picked":"Slimebound:SamplingLick","floor":13.0},{"not_picked":["Slimebound:Repurpose","Slimebound:SplitLeeching"],"picked":"Slimebound:LeechLife","floor":14.0},{"not_picked":["Slimebound:ProtectTheBoss","Slimebound:MegaLick"],"picked":"Slimebound:Prepare","floor":15.0},{"not_picked":["Slimebound:PrepareCrush","Slimebound:WasteNot"],"picked":"Slimebound:MassRepurpose","floor":16.0},{"not_picked":["Slimebound:ViciousTackle","Slimebound:SplitLeeching","Slimebound:TongueLash"],"picked":"Singing Bowl","floor":19.0},{"not_picked":["Slimebound:GrowthPunch","Slimebound:Schlurp+1"],"picked":"Slimebound:LeechingTouch","floor":21.0},{"not_picked":["Slimebound:FirmFortitude","Slimebound:Prepare"],"picked":"Slimebound:LeechEnergy","floor":23.0},{"not_picked":["Slimebound:SplitBruiser","Slimebound:TongueLash"],"picked":"Slimebound:OozeBath","floor":25.0},{"not_picked":["Slimebound:LeechEnergy","Slimebound:SplitMire"],"picked":"Slimebound:Dissolve+1","floor":28.0},{"not_picked":["Slimebound:HauntingLick","Slimebound:SplitBruiser"],"picked":"Slimebound:FormOfPuddle+1","floor":29.0},{"not_picked":["Slimebound:LevelUp","Slimebound:LeechingTouch"],"picked":"Slimebound:SplitAcid+1","floor":30.0},{"not_picked":["Slimebound:LeechingTouch+1","Slimebound:SplitLeeching","Slimebound:SlimeSpikes"],"picked":"Singing Bowl","floor":31.0},{"not_picked":["Slimebound:Chomp","Slimebound:SplitBruiser","Slimebound:Schlurp+1"],"picked":"Singing Bowl","floor":32.0},{"not_picked":["Slimebound:MinionMaster","Slimebound:SelfFormingGoo"],"picked":"Slimebound:Overexert","floor":33.0},{"not_picked":["Slimebound:Dissolve","Slimebound:SplitAcid","Slimebound:FinishingTackle+1"],"picked":"Singing Bowl","floor":36},{"not_picked":["Slimebound:SplitAcid+1","Slimebound:ComboTackle","Slimebound:ForwardTackle+1"],"picked":"Singing Bowl","floor":37},{"not_picked":["Slimebound:LeechingTouch+1","Slimebound:PressTheAttack"],"picked":"Slimebound:Dissolve+1","floor":38},{"not_picked":["Slimebound:LivingWall","Slimebound:Schlurp+1"],"picked":"Slimebound:SplitMire+1","floor":40},{"not_picked":["Slimebound:RejuvenatingLick","Slimebound:SlimeSpikes","Slimebound:DisruptingSlam+1"],"picked":"Singing Bowl","floor":42},{"not_picked":["Slimebound:SplitMire+1","Slimebound:MassRepurpose","Slimebound:Chomp"],"picked":"Singing Bowl","floor":43},{"not_picked":["Slimebound:Schlurp","Slimebound:FormOfPuddle"],"picked":"Slimebound:SplitLeeching+1","floor":44},{"not_picked":["Slimebound:Equalize+1","Slimebound:FinishingTackle+1","Slimebound:SplitAcid+1"],"picked":"Singing Bowl","floor":49}],"player_experience":340621,"relics_obtained":[{"floor":6.0,"key":"Dream Catcher"},{"floor":7.0,"key":"Slimebound:AggressiveSlimeRelic"},{"floor":9.0,"key":"Regal Pillow"},{"floor":11.0,"key":"Pantograph"},{"floor":14.0,"key":"Singing Bowl"},{"floor":19.0,"key":"MutagenicStrength"},{"floor":27.0,"key":"Nilry\u0027s Codex"},{"floor":30.0,"key":"Turnip"},{"floor":37,"key":"Toy Ornithopter"},{"floor":40,"key":"Pear"},{"floor":41,"key":"Mercury Hourglass"},{"floor":42,"key":"Du-Vu Doll"},{"floor":44,"key":"Ancient Tea Set"},{"floor":46,"key":"Bottled Lightning"}],"event_choices":[{"damage_healed":0.0,"max_hp_gain":0.0,"max_hp_loss":0.0,"gold_gain":0.0,"event_name":"Accursed Blacksmith","player_choice":"Rummage","floor":8.0,"gold_loss":0.0,"damage_taken":0.0,"relics_obtained":["WarpedTongs"],"cards_obtained":["Pain"]},{"damage_healed":0.0,"max_hp_gain":0.0,"max_hp_loss":0.0,"gold_gain":0.0,"event_name":"The Library","player_choice":"Read","floor":20.0,"gold_loss":0.0,"damage_taken":0.0,"cards_obtained":["Slimebound:MassFeed"]}],"is_beta":true,"boss_relics":[{"not_picked":["SacredBark","SlaversCollar"],"picked":"Cursed Key"},{"not_picked":["Coffee Dripper","Busted Crown"],"picked":"Slimebound:TarBlob"}],"items_purged_floors":[12,23,28,39],"is_endless":false,"potions_floor_spawned":[2,3,5,11,16,25,30,31,32,33,38,40,42,44],"ascension_level":1}}