{"host":"grli52lbdph2722t","time":1609181990,"event":{"mods":["AchievementEnabler","BaseMod","Downfall","Minty Spire (QoL Compilation)","Quick Restart","StSLib"],"gold_per_floor":[99,116,130,148,148,63,63,63,63,80,96,121,121,146,157,255,255,255,273,286,286,286,286],"floor_reached":21,"playtime":1155,"items_purged":[],"score":287,"play_id":"6305e1ee-adef-441b-b138-195b6fdb95a1","local_time":"20201228195950","is_ascension_mode":true,"campfire_choices":[{"data":"champ:Taunt","floor":1,"key":"SMITH"},{"data":"champ:DeathBlow","floor":8,"key":"SMITH"},{"floor":13,"key":"REST"},{"data":"champ:StrikeOfGenius","floor":18,"key":"SMITH"}],"circlet_count":0,"master_deck":["AscendersBane","champ:Execute","champ:Taunt+1","champ:Haymaker","champ:StanceDance","champ:SteelEdge","champ:DeathBlow+1","champ:GladiatorStyle","champ:ArenaPreparation","champ:SwordSigil","champ:Balance","champ:FanOfKnives","champ:StrikeOfGenius+1","champ:AdrenalArmor","champ:FocusedBerserking","champ:EndlessRage","champ:FightOn","champ:AdrenalArmor","champ:EnchantCrown","champ:IgnorePain","champ:Riposte","champ:EnchantSword"],"relics":["SlaversCollar","champ:LiftRelic","Shuriken","Darkstone Periapt","Anchor","Pandora\u0027s Box"],"acts_visited":["Exordium","TheCity"],"potions_floor_usage":[14,14,16,16],"damage_taken":[{"damage":18,"enemies":"Jaw Worm","floor":2,"turns":7},{"damage":5,"enemies":"2 Louse","floor":3,"turns":2},{"damage":11,"enemies":"Cultist","floor":4,"turns":4},{"damage":10,"enemies":"downfall:FleeingMerchant","floor":6,"turns":4},{"damage":7,"enemies":"2 Fungi Beasts","floor":10,"turns":4},{"damage":60,"enemies":"Gremlin Gang","floor":11,"turns":5},{"damage":41,"enemies":"Lagavulin","floor":12,"turns":6},{"damage":30,"enemies":"3 Sentries","floor":14,"turns":7},{"damage":25,"enemies":"3 Louse","floor":15,"turns":4},{"damage":54,"enemies":"downfall:Defect","floor":16,"turns":5},{"damage":43,"enemies":"3 Byrds","floor":19,"turns":6},{"damage":42,"enemies":"Snake Plant","floor":20,"turns":6},{"damage":21,"enemies":"Centurion and Healer","floor":21,"turns":5}],"seed_played":"-3573666727885933405","potions_obtained":[{"floor":2,"key":"SpeedPotion"},{"floor":10,"key":"Swift Potion"},{"floor":11,"key":"champ:TechniquePotion"},{"floor":14,"key":"sneckomod:MuddlingPotion"},{"floor":15,"key":"Guardian:BlockOnCardUsePotion"},{"floor":20,"key":"CultistPotion"}],"is_trial":false,"path_per_floor":["R","M","M","M","?","$","T","R","?","M","M","E","R","E","M","B",null,"R","M","M","M"],"character_chosen":"THE_CHAMP","items_purchased":["champ:GladiatorStyle"],"campfire_rested":1,"item_purchase_floors":[6],"current_hp_per_floor":[81,76,76,70,70,70,70,70,70,63,43,38,65,60,55,34,76,76,51,21,0,0,0],"gold":286,"neow_bonus":"BOSS_RELIC","is_daily":false,"chose_seed":false,"campfire_upgraded":3,"win_rate":0.0,"timestamp":1609181990,"path_taken":["R","M","M","M","?","$","T","R","?","M","M","E","R","E","M","BOSS","R","M","M","M"],"items_purchased_type":["Card"],"build_version":"2020-12-22","purchased_purges":0,"victory":false,"max_hp_per_floor":[90,90,90,90,90,90,90,90,90,90,90,90,90,90,90,90,90,90,90,90,90,90,90],"card_choices":[{"not_picked":["champ:DefensiveStyle","champ:Backstep"],"picked":"champ:Haymaker","floor":2},{"not_picked":["champ:RapidStrikes","champ:BerserkersShout"],"picked":"champ:StanceDance","floor":3},{"not_picked":["champ:FocusedDefense","champ:TornadoPunch"],"picked":"champ:SteelEdge","floor":4},{"not_picked":["champ:BerserkersShout","champ:EnchantCrown"],"picked":"champ:DeathBlow","floor":6},{"not_picked":["champ:RageSigil","champ:BladeFlurry"],"picked":"champ:ArenaPreparation","floor":10},{"not_picked":["champ:CrookedStrike","champ:RecklessLeap"],"picked":"champ:SwordSigil","floor":11},{"not_picked":["champ:ShieldSigil","champ:PerfectedStrike","champ:FocusedBerserking"],"picked":"SKIP","floor":12},{"not_picked":["champ:RisingSlash","champ:RageSigil"],"picked":"champ:Balance","floor":14},{"not_picked":["champ:TornadoPunch","champ:SwordSigil"],"picked":"champ:FanOfKnives","floor":15},{"not_picked":["champ:EnchantSword","champ:EnchantShield"],"picked":"champ:StrikeOfGenius","floor":16},{"not_picked":["champ:FanOfKnives","champ:PerfectedStrike"],"picked":"champ:Riposte","floor":19},{"not_picked":["champ:TornadoPunch","champ:FanOfKnives"],"picked":"champ:EnchantSword","floor":20}],"player_experience":4897303,"relics_obtained":[{"floor":7,"key":"Shuriken"},{"floor":12,"key":"Darkstone Periapt"},{"floor":14,"key":"Anchor"}],"event_choices":[{"cards_removed":["champ:Strike"],"damage_healed":0,"gold_gain":0,"player_choice":"Purged","damage_taken":0,"max_hp_gain":0,"max_hp_loss":0,"event_name":"Purifier","floor":9,"gold_loss":0}],"is_beta":false,"boss_relics":[{"not_picked":["Calling Bell","champ:PowerArmor"],"picked":"Pandora\u0027s Box"}],"items_purged_floors":[],"is_endless":false,"potions_floor_spawned":[2,10,11,14,15,20],"killed_by":"Centurion and Healer","ascension_level":10}}