{"host":"alk2ftu785mujiir","time":1609119468,"event":{"mods":["BaseMod","Colored Map","Downfall","Minty Spire (QoL Compilation)","StSLib"],"gold_per_floor":[99,111,123,123,123,123,123,123,153,153,78,97,97,107,127,229,229,229,248,262,282,282,315,315,315,342,20,39,73,73,32,59,169,169,94,112,127,152,175,175,225,262,274,199,199,199,224,247,273,273,273,316,64,64,64,64,64],"floor_reached":55,"playtime":3667,"items_purged":["Regret","hexamod:SecondSeal"],"score":816,"play_id":"43dc5564-4b13-4a87-b19d-0385d3426d08","local_time":"20201227203748","is_ascension_mode":false,"campfire_choices":[{"data":"hexamod:Float","floor":1.0,"key":"SMITH"},{"floor":6.0,"key":"RECALL"},{"floor":11.0,"key":"REST"},{"data":"hexamod:NightmareGuise","floor":18.0,"key":"SMITH"},{"floor":25.0,"key":"REST"},{"data":"hexamod:TurnItUp","floor":35.0,"key":"SMITH"},{"floor":40,"key":"REST"},{"data":"Apotheosis","floor":44,"key":"SMITH"},{"data":"hexamod:FlamesFromBeyond","floor":46,"key":"SMITH"},{"floor":54,"key":"REST"}],"circlet_count":0,"master_deck":["hexamod:Strike+1","hexamod:Strike+1","hexamod:Defend","hexamod:Defend","hexamod:Defend","hexamod:Defend","hexamod:Sear","hexamod:Float+1","hexamod:Firestarter","hexamod:Firestarter","hexamod:FirstSeal","hexamod:GhostflameBarrier+1","hexamod:NightmareGuise+1","hexamod:TimeOfNeed","hexamod:InspiringFlames+1","hexamod:WildfireWeapon","hexamod:BurningTouch+1","hexamod:FlamesFromBeyond+1","Blind","hexamod:BurningTouch+1","hexamod:FourthSeal","hexamod:ExtraCrispy","hexamod:FastForward+1","hexamod:TurnItUp+1","hexamod:RainOfEmbers+1","Apotheosis+1","hexamod:GhostLash+1","hexamod:SpectersWail+1","hexamod:Incineration+1","hexamod:FlamesFromBeyond+1","hexamod:NightmareStrike","hexamod:PhantomCloak+1"],"relics":["expansioncontent:StudyCardRelic","Mummified Hand","downfall:ShatteredFragment","hexamod:InflammatoryLetter","downfall:HeartBlessingRed","Sozu","Ornamental Fan","Du-Vu Doll","Strawberry","Guardian:PocketSentry","Philosopher\u0027s Stone","downfall:HeartBlessingGreen","Bag of Preparation","hexamod:Sixitude","downfall:HeartBlessingBlue","Oddly Smooth Stone","hexamod:RecyclingMachine"],"acts_visited":["Exordium","TheCity","TheBeyond","TheEnding"],"potions_floor_usage":[52,55],"damage_taken":[{"damage":1.0,"enemies":"Jaw Worm","floor":2.0,"turns":3.0},{"damage":8.0,"enemies":"2 Louse","floor":3.0,"turns":2.0},{"damage":6.0,"enemies":"3 Sentries","floor":9.0,"turns":4.0},{"damage":0.0,"enemies":"Small Slimes","floor":12.0,"turns":2.0},{"damage":0.0,"enemies":"3 Louse","floor":14.0,"turns":2.0},{"damage":1.0,"enemies":"Red Slaver","floor":15.0,"turns":2.0},{"damage":6.0,"enemies":"downfall:Defect","floor":16.0,"turns":5.0},{"damage":4.0,"enemies":"3 Byrds","floor":19.0,"turns":5.0},{"damage":0.0,"enemies":"Spheric Guardian","floor":20.0,"turns":2.0},{"damage":11.0,"enemies":"Snake Plant","floor":21.0,"turns":3.0},{"damage":8.0,"enemies":"Book of Stabbing","floor":23.0,"turns":5.0},{"damage":3.0,"enemies":"Chosen and Byrds","floor":26.0,"turns":6.0},{"damage":1.0,"enemies":"downfall:FleeingMerchant","floor":27.0,"turns":4.0},{"damage":2.0,"enemies":"Snecko","floor":28.0,"turns":3.0},{"damage":28.0,"enemies":"Slavers","floor":29.0,"turns":7.0},{"damage":0.0,"enemies":"downfall:FleeingMerchant","floor":31.0,"turns":4.0},{"damage":5.0,"enemies":"Centurion and Healer","floor":32.0,"turns":4.0},{"damage":27.0,"enemies":"downfall:Ironclad","floor":33.0,"turns":6.0},{"damage":0.0,"enemies":"3 Shapes","floor":36.0,"turns":3.0},{"damage":11,"enemies":"downfall:FleeingMerchant","floor":37,"turns":4},{"damage":24,"enemies":"3 Darklings","floor":38,"turns":4},{"damage":0,"enemies":"Spire Growth","floor":39,"turns":4},{"damage":9,"enemies":"Nemesis","floor":42,"turns":3},{"damage":9,"enemies":"Writhing Mass","floor":43,"turns":3},{"damage":0,"enemies":"3 Darklings","floor":47,"turns":3},{"damage":0,"enemies":"Maw","floor":48,"turns":5},{"damage":18,"enemies":"Writhing Mass","floor":49,"turns":4},{"damage":5,"enemies":"downfall:Silent","floor":50,"turns":5},{"damage":17,"enemies":"downfall:CharBossMerchant","floor":52,"turns":6},{"damage":87,"enemies":"downfall:NeowBoss","floor":55,"turns":22}],"seed_played":"3806128762948514515","potions_obtained":[{"floor":12.0,"key":"SteroidPotion"},{"floor":14.0,"key":"SkillPotion"}],"is_trial":false,"path_per_floor":["R","M","M","?","?","R","T","?","E","?","R","M","?","M","M","B",null,"R","M","M","M","?","E","T","R","M","$","M","E","?","$","M","B",null,"R","M","$","M","M","R","T","E","M","R","?","R","M","M","M","B",null,"E","$","R","B"],"character_chosen":"THE_SPIRIT","items_purchased":["Blind","Strawberry","hexamod:ExtraCrispy","Apotheosis","Bag of Preparation","hexamod:RecyclingMachine"],"campfire_rested":4,"item_purchase_floors":[27,27,31,37,37,53],"current_hp_per_floor":[70,69,61,61,54,54,54,33,34,34,55,55,55,55,54,55,70,70,70,70,59,59,51,51,70,70,77,77,56,56,63,65,45,77,77,77,66,49,49,72,72,63,54,64,64,64,64,71,60,55,87,77,77,87,0,0,0],"gold":64,"neow_bonus":"BOSS_RELIC","is_daily":false,"chose_seed":false,"campfire_upgraded":5,"win_rate":0.0,"timestamp":1609119468,"path_taken":["R","M","M","?","?","R","T","?","E","?","R","M","?","?","M","BOSS","R","M","M","M","?","E","T","R","?","?","M","E","?","$","M","BOSS","R","M","$","M","M","R","T","E","M","R","?","R","M","M","M","BOSS","E","$","R","BOSS"],"items_purchased_type":["Card","Relic","Card","Card","Relic","Relic"],"build_version":"2020-12-22","purchased_purges":2,"victory":false,"max_hp_per_floor":[70,70,70,70,70,70,70,70,70,70,70,70,70,70,70,70,70,70,70,70,70,70,70,70,70,70,77,77,77,77,77,77,77,77,77,77,77,77,77,77,77,77,77,87,87,87,87,87,87,87,87,87,87,87,87,87,87],"card_choices":[{"not_picked":["hexamod:BacktrackSmack","hexamod:RetreatToShadows"],"picked":"hexamod:Firestarter","floor":2.0},{"not_picked":["hexamod:AdvancingGuard","hexamod:InspiringFlames"],"picked":"hexamod:Firestarter","floor":3.0},{"not_picked":["hexamod:ShieldOfDarkness","hexamod:HauntingEcho","hexamod:ChargedBarrage"],"picked":"SKIP","floor":9.0},{"not_picked":["hexamod:GhostShield","hexamod:ExtraCrispy"],"picked":"hexamod:GhostflameBarrier","floor":12.0},{"not_picked":["hexamod:GhostLash","hexamod:FlamesFromBeyond"],"picked":"hexamod:NightmareGuise","floor":14.0},{"not_picked":["hexamod:ShieldOfDarkness","hexamod:RadiantFlame"],"picked":"hexamod:SecondSeal","floor":15.0},{"not_picked":["hexamod:ParanormalForm","hexamod:Toasty"],"picked":"hexamod:TimeOfNeed","floor":16.0},{"not_picked":["hexamod:AdvancingGuard+1","hexamod:BacktrackSmack","hexamod:NecessarySacrifice"],"picked":"SKIP","floor":19.0},{"not_picked":["hexamod:AdvancingGuard","hexamod:Hexaguard+1"],"picked":"hexamod:InspiringFlames+1","floor":20.0},{"not_picked":["hexamod:GhostLash","hexamod:SwordOfDarkness+1","hexamod:BacktrackSmack"],"picked":"SKIP","floor":21.0},{"not_picked":["hexamod:SwordOfDarkness+1","hexamod:HauntingEcho+1"],"picked":"hexamod:WildfireWeapon","floor":23.0},{"not_picked":["hexamod:ShieldOfDarkness","hexamod:FirstSeal"],"picked":"hexamod:BurningTouch+1","floor":26.0},{"not_picked":["hexamod:HauntingEcho","hexamod:Hexaguard"],"picked":"hexamod:FlamesFromBeyond","floor":27.0},{"not_picked":["hexamod:ChargedBarrage+1","hexamod:ShieldOfDarkness","hexamod:BacktrackSmack"],"picked":"SKIP","floor":28.0},{"not_picked":["hexamod:StepThrough","hexamod:GhostShield"],"picked":"hexamod:BurningTouch+1","floor":29.0},{"not_picked":["hexamod:ChargedBarrage","hexamod:ShieldOfDarkness+1"],"picked":"hexamod:FourthSeal","floor":31.0},{"not_picked":["hexamod:ExtraCrispy","hexamod:NightmareStrike"],"picked":"hexamod:FastForward","floor":32.0},{"not_picked":["hexamod:Toasty","hexamod:GiftsFromTheDead"],"picked":"hexamod:TurnItUp","floor":33.0},{"not_picked":["hexamod:SwordOfDarkness","hexamod:FastForward+1","hexamod:ThermalTransfer"],"picked":"SKIP","floor":36.0},{"not_picked":["hexamod:ThirdSeal","hexamod:GiftsFromTheDead"],"picked":"hexamod:RainOfEmbers+1","floor":37},{"not_picked":["hexamod:GhostShield","hexamod:RainOfEmbers"],"picked":"hexamod:GhostLash+1","floor":38},{"not_picked":["hexamod:NightmareGuise","hexamod:GhostLash+1"],"picked":"hexamod:SpectersWail+1","floor":39},{"not_picked":["hexamod:SearingWound","hexamod:TimeOfNeed"],"picked":"hexamod:Incineration+1","floor":42},{"not_picked":["hexamod:HeatMetal","hexamod:BacktrackSmack+1","hexamod:NightmareStrike"],"picked":"SKIP","floor":43},{"not_picked":["hexamod:AdvancingGuard","hexamod:SwordOfDarkness+1"],"picked":"hexamod:FlamesFromBeyond+1","floor":47},{"not_picked":["hexamod:FastForward","hexamod:SwordOfDarkness+1","hexamod:BacktrackSmack+1"],"picked":"SKIP","floor":48},{"not_picked":["hexamod:Hexaguard","hexamod:NightmareGuise+1"],"picked":"hexamod:NightmareStrike","floor":49},{"not_picked":["hexamod:GhostShield","hexamod:NightmareGuise+1"],"picked":"hexamod:PhantomCloak+1","floor":52}],"player_experience":1721939,"relics_obtained":[{"floor":7.0,"key":"Mummified Hand"},{"floor":9.0,"key":"hexamod:InflammatoryLetter"},{"floor":23.0,"key":"Ornamental Fan"},{"floor":24.0,"key":"Du-Vu Doll"},{"floor":29.0,"key":"Guardian:PocketSentry"},{"floor":42,"key":"hexamod:Sixitude"},{"floor":52,"key":"Oddly Smooth Stone"}],"event_choices":[{"damage_healed":0.0,"max_hp_gain":0.0,"max_hp_loss":0.0,"gold_gain":0.0,"event_name":"Accursed Blacksmith","player_choice":"Forge","floor":13.0,"gold_loss":0.0,"damage_taken":0.0,"cards_upgraded":["hexamod:GhostflameBarrier"]},{"damage_healed":0.0,"max_hp_gain":0.0,"max_hp_loss":0.0,"gold_gain":0.0,"event_name":"Lab","player_choice":"Got Potions","floor":22.0,"gold_loss":0.0,"damage_taken":0.0},{"damage_healed":0,"gold_gain":0,"player_choice":"Upgraded","damage_taken":0,"max_hp_gain":0,"max_hp_loss":0,"event_name":"Upgrade Shrine","floor":45,"gold_loss":0,"cards_upgraded":["hexamod:FastForward"]}],"is_beta":false,"boss_relics":[{"not_picked":["Black Star","Tiny House"],"picked":"Sozu"},{"not_picked":["Empty Cage","Busted Crown"],"picked":"Philosopher\u0027s Stone"}],"items_purged_floors":[27,53],"is_endless":false,"potions_floor_spawned":[12,14,21,26,32,33,36,38,39,47],"killed_by":"downfall:NeowBoss","ascension_level":0}}