{"host":"x1qj4d8ympd5jdqh","time":1609160028,"event":{"mods":["AchievementEnabler","AlwaysNeverKeys","BaseMod","Colored Map","Custom Start","DeckTracker","Highlight Path","Minty Spire (QoL Compilation)","StSLib","SuperFastMode"],"gold_per_floor":[109,121,101,26,41,41,74,86,134,134,152,170,70,83,83,160,160,175,118,135,135,135,135],"floor_reached":22,"playtime":593,"items_purged":["Strike_R","Strike_R"],"score":376,"play_id":"c6df165b-f8f6-441d-a4a6-9b8c8813dc94","local_time":"20201228215348","is_ascension_mode":true,"campfire_choices":[{"data":"Blood for Blood","floor":6.0,"key":"SMITH"},{"data":"Whirlwind","floor":10.0,"key":"SMITH"},{"data":"Disarm","floor":15.0,"key":"SMITH"}],"circlet_count":0,"master_deck":["AscendersBane","Defend_R","Defend_R","Defend_R","Defend_R","Bash","Whirlwind+1","Blood for Blood+1","Impervious","Headbutt","Disarm+1","Rage","Power Through","Barricade","Burning Pact+1","Warcry+1","Shrug It Off+1","Body Slam"],"relics":["Burning Blood","NeowsBlessing","White Beast Statue","Potion Belt","Astrolabe"],"acts_visited":["Exordium","TheCity"],"potions_floor_usage":[22],"damage_taken":[{"damage":0.0,"enemies":"Cultist","floor":1.0,"turns":1.0},{"damage":0.0,"enemies":"Jaw Worm","floor":2.0,"turns":1.0},{"damage":2.0,"enemies":"Small Slimes","floor":5.0,"turns":2.0},{"damage":56.0,"enemies":"Gremlin Nob","floor":7.0,"turns":5.0},{"damage":0.0,"enemies":"3 Louse","floor":8.0,"turns":2.0},{"damage":3.0,"enemies":"Lots of Slimes","floor":11.0,"turns":2.0},{"damage":0.0,"enemies":"Exordium Wildlife","floor":12.0,"turns":1.0},{"damage":0.0,"enemies":"3 Louse","floor":14.0,"turns":1.0},{"damage":18.0,"enemies":"The Guardian","floor":16.0,"turns":13.0},{"damage":38.0,"enemies":"Spheric Guardian","floor":18.0,"turns":6.0},{"damage":22.0,"enemies":"2 Thieves","floor":20.0,"turns":4.0},{"damage":10,"enemies":"Cultist and Chosen","floor":22,"turns":6}],"seed_played":"-7293214639329452543","potions_obtained":[{"floor":1.0,"key":"Energy Potion"},{"floor":3.0,"key":"DuplicationPotion"},{"floor":8.0,"key":"EssenceOfSteel"},{"floor":11.0,"key":"FearPotion"},{"floor":12.0,"key":"SpeedPotion"},{"floor":14.0,"key":"Regen Potion"},{"floor":16.0,"key":"FearPotion"},{"floor":18.0,"key":"Regen Potion"},{"floor":20.0,"key":"LiquidBronze"}],"is_trial":false,"path_per_floor":["M","M","?","$","M","R","E","M","T","R","M","M","$","M","R","B",null,"M","$","M","?","M"],"character_chosen":"IRONCLAD","items_purchased":["Energy Potion"],"campfire_rested":0,"item_purchase_floors":[19],"current_hp_per_floor":[74,75,75,75,75,75,25,31,31,31,34,40,40,46,46,34,65,45,45,41,41,31,31],"gold":135,"neow_bonus":"THREE_ENEMY_KILL","is_daily":false,"chose_seed":false,"campfire_upgraded":3,"win_rate":0.0,"timestamp":1609160028,"path_taken":["M","?","?","$","M","R","E","?","T","R","M","M","$","M","R","BOSS","M","$","M","?","M"],"items_purchased_type":["Potion"],"build_version":"2020-12-22","purchased_purges":2,"victory":false,"max_hp_per_floor":[75,75,75,75,75,75,75,75,75,75,75,75,75,75,75,75,75,75,75,75,75,75,75],"card_choices":[{"not_picked":["Sword Boomerang","Havoc"],"picked":"Whirlwind","floor":1.0},{"not_picked":["Perfected Strike","Havoc","Rampage"],"picked":"SKIP","floor":2.0},{"not_picked":["Evolve","Perfected Strike"],"picked":"Blood for Blood","floor":5.0},{"not_picked":["Iron Wave","Burning Pact"],"picked":"Impervious","floor":7.0},{"not_picked":["Feel No Pain","Cleave"],"picked":"Headbutt","floor":8.0},{"not_picked":["Headbutt","Clash"],"picked":"Disarm","floor":11.0},{"not_picked":["Iron Wave","Berserk"],"picked":"Rage","floor":12.0},{"not_picked":["Sword Boomerang","Perfected Strike"],"picked":"Power Through","floor":14.0},{"not_picked":["Double Tap","Immolate"],"picked":"Barricade","floor":16.0},{"not_picked":["Clash","Warcry","Twin Strike"],"picked":"SKIP","floor":18.0},{"not_picked":["Thunderclap","Burning Pact"],"picked":"Body Slam","floor":20.0}],"player_experience":1280676,"relics_obtained":[{"floor":7.0,"key":"White Beast Statue"},{"floor":9.0,"key":"Potion Belt"}],"event_choices":[{"damage_healed":0.0,"max_hp_gain":0.0,"max_hp_loss":0.0,"gold_gain":0.0,"event_name":"The Woman in Blue","player_choice":"Bought 1 Potion","floor":3.0,"gold_loss":0.0,"damage_taken":0.0},{"damage_healed":0.0,"max_hp_gain":0.0,"max_hp_loss":0.0,"gold_gain":0.0,"event_name":"Beggar","player_choice":"Ignored","floor":21.0,"gold_loss":0.0,"damage_taken":0.0}],"is_beta":false,"boss_relics":[{"not_picked":["Cursed Key","Calling Bell"],"picked":"Astrolabe"}],"items_purged_floors":[4,13],"is_endless":false,"potions_floor_spawned":[1,8,11,12,14,16,18,20],"killed_by":"Cultist and Chosen","ascension_level":20}}