{"host":"6dypmz777xraikqf","time":1609186489,"event":{"mods":["AchievementEnabler","BaseMod","BetterRewards","Colored Map","Colored Powertips","Downfall","Highlight Path","Hubris","Infinite Spire","Minty Spire (QoL Compilation)","Replay The Spire","StSLib"],"gold_per_floor":[110,110,110,120,45,70,70,70,96,96,111,144,159,180,180,284,284,298,298,298,298,315,315,2,13,13,13,25,25,25,38,38,141,141,157,233,233,248,265,265,294,294,294,294,294,294,344,360,360,520,520,570,570],"floor_reached":52,"playtime":3246,"items_purged":["Strike_R","Strike_R"],"score":647,"play_id":"b07f8f15-c0d6-49c2-93a8-44a98dc8d659","local_time":"20201228201449","is_ascension_mode":true,"campfire_choices":[{"data":"Wild Strike","floor":10,"key":"SMITH"},{"data":"Double Tap","floor":23,"key":"SMITH"},{"data":"Bash","floor":27,"key":"SMITH"},{"floor":49,"key":"REST"}],"circlet_count":0,"master_deck":["Strike_R","Strike_R","Strike_R","Defend_R","Defend_R","Defend_R","Defend_R","Bash+1","Wild Strike+1","Battle Trance","Burning Pact","Double Tap+1","Wild Strike","Shrug It Off","Flex","Impervious","J.A.X.","Sucker Punch","Warcry+1","expansioncontent:SuperHexaguard","Offering","Armaments","Offering","Pummel","Flex+1","Feel No Pain","Body Slam+1","Inflame","Madness","Madness","Metallicize+1","Perfected Strike+1","Rupture+1"],"relics":["Replay:Bronze Core","Ring of Peace","ReplayTheSpireMod:Ring of Addiction","Chameleon Ring","hubris:EmptyBottle","hubris:Icosahedron","Torii","ReplayTheSpireMod:Lightbulb","hubris:MobiusCoin","Odd Mushroom","hubris:CrackedHourglass","Self Forming Clay","Incense Burner","Mark of Pain","hubris:Towel","hubris:GrandSneckoEye","Oddly Smooth Stone","Blood Vial","Lizard Tail","hubris:AstralHammer"],"acts_visited":["Exordium","TheCity","TheBeyond"],"potions_floor_usage":[4,6,6,6,6,11,11,12,12,16,16,16,25,33,33,33,33,38,38,41,41,41,48,48,50,52,52,52,52,52],"damage_taken":[{"damage":0,"enemies":"Small Slimes","floor":1,"turns":3},{"damage":0,"enemies":"2 Louse","floor":4,"turns":4},{"damage":0,"enemies":"3 Sentries","floor":6,"turns":6},{"damage":0,"enemies":"Jaw Worm","floor":11,"turns":2},{"damage":0,"enemies":"Gremlin Nob","floor":12,"turns":2},{"damage":0,"enemies":"Large Slime","floor":13,"turns":5},{"damage":7,"enemies":"The Mushroom Lair","floor":14,"turns":4},{"damage":3,"enemies":"The Guardian","floor":16,"turns":10},{"damage":1,"enemies":"3 Byrds","floor":18,"turns":7},{"damage":9,"enemies":"Spheric Guardian","floor":22,"turns":4},{"damage":10,"enemies":"Shelled Parasite and Fungi","floor":25,"turns":4},{"damage":6,"enemies":"Chosen and Byrds","floor":28,"turns":6},{"damage":6,"enemies":"Centurion and Healer","floor":31,"turns":4},{"damage":4,"enemies":"Champ","floor":33,"turns":9},{"damage":3,"enemies":"Orb Walker","floor":35,"turns":3},{"damage":17,"enemies":"3 Shapes","floor":38,"turns":5},{"damage":6,"enemies":"Spire Growth","floor":39,"turns":4},{"damage":7,"enemies":"Nightmare","floor":41,"turns":4},{"damage":9,"enemies":"Mind Bloom Boss Battle","floor":47,"turns":6},{"damage":1,"enemies":"3 Darklings","floor":48,"turns":5},{"damage":1,"enemies":"Transient","floor":50,"turns":5},{"damage":54,"enemies":"infinitespire:MassOfShapes","floor":52,"turns":7}],"seed_played":"-3186102449802509451","potions_obtained":[{"floor":2,"key":"Doom Potion"},{"floor":2,"key":"SpeedPotion"},{"floor":2,"key":"DuplicationPotion"},{"floor":4,"key":"Reflective Coating"},{"floor":7,"key":"DistilledChaos"},{"floor":7,"key":"LiquidMemories"},{"floor":13,"key":"PowerPotion"},{"floor":15,"key":"GamblersBrew"},{"floor":15,"key":"Elixir"},{"floor":16,"key":"Energy Potion"},{"floor":22,"key":"champ:CounterPotion"},{"floor":25,"key":"DuplicationPotion"},{"floor":32,"key":"Reflective Coating"},{"floor":33,"key":"Swift Potion"},{"floor":38,"key":"Fruit Juice"},{"floor":40,"key":"AttackPotion"},{"floor":44,"key":"EssenceOfSteel"},{"floor":44,"key":"ColorlessPotion"},{"floor":50,"key":"infinitespire:BlackPotion"},{"floor":51,"key":"ColorlessPotion"},{"floor":51,"key":"Death Potion"}],"is_trial":false,"path_per_floor":["M","?","?","M","$","E","R","$","T","R","M","E","M","?","R","B",null,"M","?","?","?","M","R","$","M","T","R","M","AVR","?","M","R_BF","B",null,"M","?","?","M","M","R","NM","PTL","PTL","R","T","?","?","M","R","M","R","B"],"character_chosen":"IRONCLAD","items_purchased":["expansioncontent:SuperHexaguard","Offering","Adrenaline Potion"],"campfire_rested":1,"item_purchase_floors":[24,24,24],"current_hp_per_floor":[80,80,80,80,80,80,80,80,80,78,78,78,78,71,71,68,76,75,75,74,74,65,65,65,55,55,55,49,49,49,43,43,39,68,65,65,65,62,56,56,49,49,49,49,49,39,32,33,55,56,56,0,0],"gold":570,"neow_bonus":"BOSS_RELIC","is_daily":false,"chose_seed":false,"campfire_upgraded":3,"win_rate":0.0,"timestamp":1609186489,"path_taken":["M","?","?","M","?","E","R","$","T","R","M","E","M","?","R","BOSS","M","?","?","?","M","R","$","M","T","R","?","AVR","?","M","R_BF","BOSS","M","?","?","M","M","R","NM","PTL","PTL","R","T","?","?","M","R","M","R","BOSS"],"items_purchased_type":["Card","Card","Potion"],"build_version":"2020-12-22","purchased_purges":2,"victory":false,"max_hp_per_floor":[80,80,80,80,80,80,80,80,80,78,78,78,78,78,78,76,76,76,76,74,74,74,72,72,72,72,72,72,70,70,70,68,68,68,68,68,66,80,80,80,80,80,80,80,78,78,78,76,76,76,76,76,76],"card_choices":[{"not_picked":["Heavy Blade","Body Slam"],"picked":"Wild Strike","floor":1},{"not_picked":["Warcry","Sword Boomerang"],"picked":"Battle Trance","floor":4},{"not_picked":["Warcry","Headbutt"],"picked":"Burning Pact","floor":6},{"not_picked":["ReplayTheSpireMod:Strike From Hell","ReplayTheSpireMod:Corrosion Curse"],"picked":"Double Tap","floor":11},{"not_picked":["Replay:Many Hands","Eclipse"],"picked":"Wild Strike","floor":12},{"not_picked":["infinitespire:OneForAll","hubris:ReadiedAction"],"picked":"Shrug It Off","floor":13},{"not_picked":["Feel No Pain","Replay:Undeath\u0027s Touch"],"picked":"Flex","floor":14},{"not_picked":["Replay:Many Hands","Hemogenesis"],"picked":"Impervious","floor":16},{"not_picked":["Perfected Strike","Defy Death+1","Hemokinesis"],"picked":"SKIP","floor":18},{"not_picked":["Perfected Strike","Defy Death+1","Hemokinesis"],"picked":"SKIP","floor":18},{"not_picked":["Spot Weakness","Thunderclap"],"picked":"Warcry+1","floor":22},{"not_picked":["Run Through","Life Link","Perfected Strike"],"picked":"SKIP","floor":25},{"not_picked":["Clothesline","Perfected Strike"],"picked":"Armaments","floor":28},{"not_picked":["Pommel Strike","ReplayReversal","Thunderclap"],"picked":"SKIP","floor":31},{"not_picked":["Bludgeon","hubris:StunningStrike"],"picked":"Offering","floor":33},{"not_picked":["ReplayTheSpireMod:LeadingStrike","hubris:SharpeningStone+1"],"picked":"Pummel","floor":35},{"not_picked":["Heavy Blade+1","Clash+1"],"picked":"Flex+1","floor":36},{"not_picked":["hubris:ReadiedAction","Flex"],"picked":"Feel No Pain","floor":36},{"not_picked":["True Grit+1","Run Through+1"],"picked":"Body Slam+1","floor":38},{"not_picked":["Cleave+1","Perfected Strike","Life Link"],"picked":"SKIP","floor":39},{"not_picked":["Burning Pact+1","Warcry+1"],"picked":"Inflame","floor":41},{"not_picked":["Entrench+1","Replay:Undeath\u0027s Touch"],"picked":"Metallicize+1","floor":47},{"not_picked":["Clash","ReplayTheSpireMod:LeadingStrike"],"picked":"Perfected Strike+1","floor":48},{"not_picked":["Iron Wave","Clothesline"],"picked":"Rupture+1","floor":50}],"player_experience":21652,"relics_obtained":[{"floor":2,"key":"Ring of Peace"},{"floor":2,"key":"ReplayTheSpireMod:Ring of Addiction"},{"floor":2,"key":"Chameleon Ring"},{"floor":2,"key":"hubris:EmptyBottle"},{"floor":6,"key":"Torii"},{"floor":9,"key":"ReplayTheSpireMod:Lightbulb"},{"floor":12,"key":"hubris:MobiusCoin"},{"floor":14,"key":"Odd Mushroom"},{"floor":26,"key":"Self Forming Clay"},{"floor":36,"key":"Oddly Smooth Stone"},{"floor":41,"key":"Blood Vial"},{"floor":45,"key":"Lizard Tail"},{"floor":47,"key":"hubris:AstralHammer"}],"event_choices":[{"damage_healed":0,"gold_gain":0,"player_choice":"Fought Mushrooms","damage_taken":0,"max_hp_gain":0,"max_hp_loss":0,"event_name":"Mushrooms","floor":14,"gold_loss":0},{"damage_healed":0,"gold_gain":0,"player_choice":"Ignored","damage_taken":0,"max_hp_gain":0,"max_hp_loss":0,"event_name":"Ghosts","floor":19,"gold_loss":0},{"damage_healed":0,"gold_gain":0,"player_choice":"Obtain J.A.X.","damage_taken":0,"max_hp_gain":0,"max_hp_loss":0,"event_name":"Drug Dealer","floor":20,"gold_loss":0,"cards_obtained":["J.A.X."]},{"damage_healed":0,"gold_gain":0,"player_choice":"Read","damage_taken":0,"max_hp_gain":0,"max_hp_loss":0,"event_name":"The Library","floor":21,"gold_loss":0,"cards_obtained":["Sucker Punch"]},{"damage_healed":0,"gold_gain":0,"player_choice":"Ignored","damage_taken":0,"max_hp_gain":0,"max_hp_loss":0,"event_name":"Tomb of Lord Red Mask","floor":37,"gold_loss":0},{"damage_healed":0,"gold_gain":0,"player_choice":"Embrace Madness","damage_taken":10,"max_hp_gain":0,"max_hp_loss":0,"event_name":"Winding Halls","floor":46,"gold_loss":0,"cards_obtained":["Madness","Madness"]},{"damage_healed":0,"gold_gain":0,"player_choice":"Fight","damage_taken":0,"max_hp_gain":0,"max_hp_loss":0,"event_name":"MindBloom","floor":47,"gold_loss":0}],"is_beta":false,"boss_relics":[{"not_picked":["Kintsugi","Runic Pyramid"],"picked":"hubris:CrackedHourglass"},{"not_picked":["Replay:Grab Bag","hubris:Backtick"],"picked":"hubris:GrandSneckoEye"}],"items_purged_floors":[5,24],"is_endless":true,"potions_floor_spawned":[4,13,16,22,25,33,38,50],"killed_by":"infinitespire:MassOfShapes","ascension_level":2}}