{"host":"g5ctwwsvxeihc2vr","time":1609119731,"event":{"mods":["Act Like it!","BaseMod","Bestiary","Better Third Choice","Block Reminder","CapriCore","Dio Mod","Downfall","Hallownest","Hermit","JesterMod","Jorbs\u0027s Wanderer Trilogy","Koishi","Luminous","Marisa????????","Minty Spire (QoL Compilation)","Reimu??????","Remilia??????","StSLib","The Alterego","The Animator","The Bug Knight","The Cursed","The Fake Hero","The Hierophant","The Immortal","The Jungle","The Marked","The Runesmith","The Servant 0.9.4","The Wild Card","Waifu the Spire"],"gold_per_floor":[126,99,125,197,228,228,246,246,246,28,28,58,78,95,95,191,191,191,191],"floor_reached":18,"playtime":1572,"items_purged":[],"score":187,"play_id":"799a20fd-f75e-4774-aee4-f130095fb302","local_time":"20201227204211","is_ascension_mode":false,"campfire_choices":[{"data":"animator:Jibril","floor":6,"key":"SMITH"},{"data":"animator:IzunaHatsuse","floor":8,"key":"SMITH"},{"data":"animator:DolaCouronne","floor":11,"key":"SMITH"},{"floor":15,"key":"REST"}],"circlet_count":0,"master_deck":["animator:Strike_NoGameNoLife","animator:Defend_NoGameNoLife","animator:Strike","animator:Strike","animator:Strike","animator:Defend","animator:Defend","animator:Defend","animator:DolaSchwi+1","animator:DolaCouronne+1","animator:Jibril+1","animator:Vesta","animator:TukaLunaMarceau","animator:IzunaHatsuse+1","animator:DolaStephanie","animator:Kuribayashi+1","animator:Lu+1","animator:HigakiRinne"],"relics":["animator:LivingPicture","animator:TheMissingPiece","animator:Hoodie","Strawberry","Molten Egg 2","animator:CursedBlade"],"acts_visited":["Exordium","TheCity"],"potions_floor_usage":[],"damage_taken":[{"damage":0,"enemies":"2 Louse","floor":1,"turns":3},{"damage":6,"enemies":"Jaw Worm","floor":3,"turns":4},{"damage":0,"enemies":"Small Slimes","floor":5,"turns":3},{"damage":10,"enemies":"Red Slaver","floor":7,"turns":4},{"damage":12,"enemies":"3 Sentries","floor":12,"turns":7},{"damage":0,"enemies":"Blue Slaver","floor":13,"turns":4},{"damage":0,"enemies":"Large Slime","floor":14,"turns":5},{"damage":35,"enemies":"The Guardian","floor":16,"turns":9},{"damage":26,"enemies":"3 Byrds","floor":18,"turns":5}],"seed_played":"1686424998555530149","potions_obtained":[{"floor":1,"key":"hexamod:EctoCoolerPotion"},{"floor":13,"key":"LiquidBronze"},{"floor":16,"key":"DistilledChaos"}],"is_trial":false,"path_per_floor":["M","?","M","?","M","R","M","R","T","$","R","E","M","M","R","B",null,"M"],"character_chosen":"THE_ANIMATOR","items_purchased":["animator:DolaStephanie","Strawberry"],"campfire_rested":1,"item_purchase_floors":[10,10],"current_hp_per_floor":[66,66,60,60,60,60,51,51,51,58,58,46,50,53,77,42,81,55,55],"gold":191,"neow_bonus":"UPGRADE_CARD","is_daily":false,"chose_seed":false,"campfire_upgraded":3,"win_rate":0.0,"timestamp":1609119731,"path_taken":["M","?","M","?","M","R","M","R","T","$","R","E","M","M","R","BOSS","M"],"items_purchased_type":["Card","Relic"],"build_version":"2020-12-22","purchased_purges":0,"victory":false,"max_hp_per_floor":[66,66,66,66,66,66,67,67,67,74,74,74,78,81,81,81,81,81,81],"card_choices":[{"not_picked":["animator:ChlammyZell","animator:Shion"],"picked":"animator:Jibril","floor":1},{"not_picked":["animator:Ciel","animator:Rena"],"picked":"animator:Vesta","floor":3},{"not_picked":["animator:Millim","animator:Ara"],"picked":"animator:TukaLunaMarceau","floor":5},{"not_picked":["animator:DolaSchwi","animator:Jibril"],"picked":"animator:IzunaHatsuse","floor":7},{"not_picked":["animator:Ara+1","animator:Shizu+1","animator:LeleiLaLalena"],"picked":"SKIP","floor":12},{"not_picked":["animator:TsurugaMeisai","animator:Elsword+1"],"picked":"animator:Kuribayashi+1","floor":13},{"not_picked":["animator:PandorasActor","animator:Azekura"],"picked":"animator:Lu+1","floor":14},{"not_picked":["animator:Eve","animator:ItamiYouji+1"],"picked":"animator:HigakiRinne","floor":16}],"player_experience":312504,"relics_obtained":[{"floor":9,"key":"animator:Hoodie"},{"floor":12,"key":"Molten Egg 2"}],"event_choices":[{"damage_healed":0,"gold_gain":0,"player_choice":"Left","damage_taken":0,"max_hp_gain":0,"max_hp_loss":0,"event_name":"betterThird:BetterGoop","floor":2,"gold_loss":27},{"damage_healed":0,"gold_gain":72,"player_choice":"Gained Gold","damage_taken":0,"max_hp_gain":0,"max_hp_loss":0,"event_name":"Golden Wing","floor":4,"gold_loss":0}],"is_beta":false,"boss_relics":[{"not_picked":["Ectoplasm","SlaversCollar"],"picked":"animator:CursedBlade"}],"items_purged_floors":[],"is_endless":false,"potions_floor_spawned":[1,12,13,16],"killed_by":"3 Byrds","ascension_level":0}}