{"host":"k61zkrqx5zdi0yzo","time":1609161700,"event":{"mods":["AchievementEnabler","BaseMod","Colored Map","Highlight Path","Minty Spire (QoL Compilation)","Permanent Neow","Quick Restart","Rare Cards Sparkle","StSLib","SuperFastMode"],"gold_per_floor":[116,116,116,198,212,212,236,236,236,257,13,13,44,60,60,186,186,206,221,235,235,259,259,358,382,382,401,401,416,331,331,331,460,460,474,302,317,380,398,398,418,751,751,751,751,766,777,787,787,787],"floor_reached":51,"playtime":3443,"items_purged":["Reflex"],"score":655,"play_id":"104bfabf-f106-4ad9-9b07-64d0ddfc86b7","local_time":"20201228222140","is_ascension_mode":false,"campfire_choices":[{"data":"Outmaneuver","floor":6,"key":"SMITH"},{"data":"Flying Knee","floor":8,"key":"SMITH"},{"data":"Thinking Ahead","floor":15,"key":"SMITH"},{"data":"Defend_G","floor":23,"key":"PURGE"},{"data":"Defend_G","floor":28,"key":"PURGE"},{"floor":32,"key":"REST"},{"data":"Strike_G","floor":40,"key":"PURGE"},{"data":"Strike_G","floor":45,"key":"PURGE"},{"floor":49,"key":"REST"}],"circlet_count":0,"master_deck":["Defend_G","Defend_G","Defend_G","Survivor","Neutralize+1","Dagger Throw","Outmaneuver+1","Flying Knee+1","Dagger Spray","Thinking Ahead+1","Flying Knee","Die Die Die","Backflip","Glass Knife","Terror+1","Underhanded Strike","Dagger Spray+1","Bullet Time+1","Deflect+1","Quick Slash+1","Quick Slash+1","Quick Slash+1","Sucker Punch+1"],"relics":["Ring of the Snake","Shuriken","Meat on the Bone","Peace Pipe","Bottled Flame","Runic Pyramid","Toy Ornithopter","Blood Vial","SlaversCollar","Unceasing Top","Mercury Hourglass"],"acts_visited":["Exordium","TheCity","TheBeyond"],"potions_floor_usage":[13,16,31,33,33,38,46,47,50,50],"damage_taken":[{"damage":0,"enemies":"Small Slimes","floor":1,"turns":4},{"damage":0,"enemies":"2 Louse","floor":5,"turns":2},{"damage":3,"enemies":"Jaw Worm","floor":7,"turns":4},{"damage":0,"enemies":"2 Fungi Beasts","floor":10,"turns":3},{"damage":2,"enemies":"Gremlin Nob","floor":13,"turns":3},{"damage":0,"enemies":"Red Slaver","floor":14,"turns":4},{"damage":47,"enemies":"The Guardian","floor":16,"turns":15},{"damage":0,"enemies":"Shell Parasite","floor":18,"turns":4},{"damage":15,"enemies":"2 Thieves","floor":19,"turns":3},{"damage":7,"enemies":"Centurion and Healer","floor":20,"turns":5},{"damage":2,"enemies":"Chosen and Byrds","floor":22,"turns":4},{"damage":0,"enemies":"Snecko","floor":25,"turns":3},{"damage":9,"enemies":"Snake Plant","floor":27,"turns":3},{"damage":23,"enemies":"Cultist and Chosen","floor":29,"turns":5},{"damage":0,"enemies":"Chosen and Byrds","floor":31,"turns":1},{"damage":45,"enemies":"Champ","floor":33,"turns":8},{"damage":22,"enemies":"3 Shapes","floor":35,"turns":3},{"damage":19,"enemies":"3 Darklings","floor":37,"turns":6},{"damage":18,"enemies":"Mind Bloom Boss Battle","floor":38,"turns":5},{"damage":22,"enemies":"Maw","floor":39,"turns":6},{"damage":0,"enemies":"Transient","floor":41,"turns":5},{"damage":3,"enemies":"Sphere and 2 Shapes","floor":46,"turns":3},{"damage":5,"enemies":"Jaw Worm Horde","floor":47,"turns":2},{"damage":11,"enemies":"Writhing Mass","floor":48,"turns":4},{"damage":42,"enemies":"Awakened One","floor":50,"turns":8}],"seed_played":"8846611230172112910","potions_obtained":[{"floor":7,"key":"Poison Potion"},{"floor":10,"key":"EssenceOfSteel"},{"floor":13,"key":"SpeedPotion"},{"floor":22,"key":"FearPotion"},{"floor":27,"key":"SmokeBomb"},{"floor":29,"key":"DuplicationPotion"},{"floor":33,"key":"SmokeBomb"},{"floor":35,"key":"PowerPotion"},{"floor":37,"key":"DuplicationPotion"},{"floor":41,"key":"FearPotion"},{"floor":48,"key":"Explosive Potion"}],"is_trial":false,"path_per_floor":["M","?","?","T","M","R","M","R","T","M","$","?","E","M","R","B",null,"M","M","M","?","M","R","?","M","T","M","R","M","?","M","R","B",null,"M","$","M","?","M","R","M","?","T","?","R","M","M","M","R","B",null],"character_chosen":"THE_SILENT","items_purchased":["Thinking Ahead","Flying Knee","CultistPotion"],"campfire_rested":2,"item_purchase_floors":[11,11,36],"current_hp_per_floor":[70,63,63,63,63,63,60,60,60,60,60,60,58,58,58,23,65,65,50,43,43,41,41,41,41,41,44,44,33,33,40,59,36,65,43,43,38,39,31,31,33,33,33,33,33,37,39,42,61,35],"gold":787,"neow_bonus":"UPGRADE_CARD","is_daily":false,"chose_seed":false,"campfire_upgraded":3,"win_rate":0.0,"timestamp":1609161700,"path_taken":["M","?","?","?","M","R","M","R","T","M","$","?","E","?","R","BOSS","M","M","M","?","M","R","?","M","T","M","R","M","?","M","R","BOSS","M","$","M","?","M","R","M","?","T","?","R","M","?","M","R","BOSS"],"items_purchased_type":["Card","Card","Potion"],"build_version":"2020-12-22","purchased_purges":1,"victory":true,"max_hp_per_floor":[70,70,65,65,65,65,65,65,65,65,65,65,65,65,65,65,65,65,65,65,65,65,65,65,65,65,65,65,65,65,65,65,65,65,65,65,65,65,65,65,65,65,65,65,65,65,65,65,65,65],"card_choices":[{"not_picked":["All Out Attack","Acrobatics"],"picked":"Dagger Throw","floor":1},{"not_picked":["PiercingWail","Caltrops"],"picked":"Outmaneuver","floor":5},{"not_picked":["Dodge and Roll","Burst"],"picked":"Flying Knee","floor":7},{"not_picked":["PiercingWail","Acrobatics"],"picked":"Dagger Spray","floor":10},{"not_picked":["Eviscerate","Quick Slash"],"picked":"Die Die Die","floor":13},{"not_picked":["Well Laid Plans","Sucker Punch"],"picked":"Backflip","floor":14},{"not_picked":["Night Terror","Adrenaline"],"picked":"Glass Knife","floor":16},{"not_picked":["Leg Sweep+1","Slice"],"picked":"Terror+1","floor":18},{"not_picked":["Flying Knee","Blade Dance"],"picked":"Underhanded Strike","floor":19},{"not_picked":["Underhanded Strike","Dodge and Roll"],"picked":"Dagger Spray+1","floor":20},{"not_picked":["Underhanded Strike","Flying Knee"],"picked":"Deflect+1","floor":22},{"not_picked":["Distraction","Quick Slash","Dagger Spray"],"picked":"SKIP","floor":25},{"not_picked":["Sucker Punch","Acrobatics+1"],"picked":"Quick Slash+1","floor":27},{"not_picked":["Dodge and Roll","Envenom","Expertise"],"picked":"SKIP","floor":29},{"not_picked":["Backstab","Poisoned Stab","Prepared+1"],"picked":"SKIP","floor":35},{"not_picked":["Slice+1","Deflect+1","Blade Dance+1"],"picked":"SKIP","floor":37},{"not_picked":["Dagger Spray+1","Leg Sweep+1"],"picked":"Quick Slash+1","floor":38},{"not_picked":["All Out Attack","Caltrops+1"],"picked":"Quick Slash+1","floor":39},{"not_picked":["Burst","PiercingWail+1"],"picked":"Sucker Punch+1","floor":41},{"not_picked":["Sucker Punch","Prepared+1","Calculated Gamble+1"],"picked":"SKIP","floor":46},{"not_picked":["Poisoned Stab","Deadly Poison","Sucker Punch"],"picked":"SKIP","floor":47},{"not_picked":["Deflect","Burst","Finisher"],"picked":"SKIP","floor":48}],"player_experience":821,"relics_obtained":[{"floor":4,"key":"Shuriken"},{"floor":9,"key":"Meat on the Bone"},{"floor":13,"key":"Bottled Flame"},{"floor":26,"key":"Toy Ornithopter"},{"floor":38,"key":"Unceasing Top"},{"floor":43,"key":"Mercury Hourglass"}],"event_choices":[{"cards_removed":["Strike_G"],"damage_healed":0,"gold_gain":0,"player_choice":"Card Removal","damage_taken":7,"max_hp_gain":0,"max_hp_loss":0,"event_name":"Golden Wing","floor":2,"gold_loss":0},{"damage_healed":0,"gold_gain":0,"player_choice":"Lose Max HP","damage_taken":0,"relics_obtained":["Golden Idol"],"max_hp_gain":0,"max_hp_loss":5,"event_name":"Golden Idol","floor":3,"gold_loss":0},{"damage_healed":0,"gold_gain":0,"player_choice":"Gave Potion","damage_taken":0,"relics_obtained":["Peace Pipe"],"max_hp_gain":0,"max_hp_loss":0,"event_name":"WeMeetAgain","floor":12,"gold_loss":0},{"damage_healed":0,"gold_gain":0,"cards_transformed":["Strike_G","Strike_G"],"player_choice":"Became Test Subject","damage_taken":0,"max_hp_gain":0,"max_hp_loss":0,"event_name":"Drug Dealer","floor":21,"gold_loss":0,"cards_obtained":["Reflex","Bullet Time"]},{"damage_healed":0,"gold_gain":99,"player_choice":"Stole From Cult","damage_taken":0,"max_hp_gain":0,"max_hp_loss":0,"event_name":"Nest","floor":24,"gold_loss":0},{"damage_healed":0,"gold_gain":0,"player_choice":"Obtained Relic","damage_taken":0,"relics_obtained":["Blood Vial"],"max_hp_gain":0,"max_hp_loss":0,"event_name":"Addict","floor":30,"gold_loss":85},{"damage_healed":0,"gold_gain":0,"player_choice":"Fight","damage_taken":0,"max_hp_gain":0,"max_hp_loss":0,"event_name":"MindBloom","floor":38,"gold_loss":0},{"damage_healed":0,"gold_gain":333,"player_choice":"Gave Idol","damage_taken":0,"max_hp_gain":0,"max_hp_loss":0,"event_name":"The Moai Head","floor":42,"relics_lost":["Golden Idol"],"gold_loss":0},{"damage_healed":0,"gold_gain":0,"player_choice":"Forge","damage_taken":0,"max_hp_gain":0,"max_hp_loss":0,"event_name":"Accursed Blacksmith","floor":44,"gold_loss":0,"cards_upgraded":["Bullet Time"]}],"is_beta":false,"boss_relics":[{"not_picked":["Calling Bell","Runic Dome"],"picked":"Runic Pyramid"},{"not_picked":["Coffee Dripper","Sozu"],"picked":"SlaversCollar"}],"items_purged_floors":[36],"is_endless":false,"potions_floor_spawned":[7,10,13,22,27,29,31,33,35,37,41,48],"ascension_level":0}}