{"host":"a1eatafr7pisesky","time":1609169672,"event":{"mods":["BaseMod","Colored Map","DeckTracker","Highlight Path","Keyboard Shortcuts","Minty Spire (QoL Compilation)","Permanent Neow","Random Character Button","StSLib","SuperFastMode","everything is the same but u backflip on backflip"],"gold_per_floor":[117,128,128,139,61,90,90,122,122,122,197,197,222,235,235,336,336,355,355,371,388,261,261,275,275,275,275,29,63,63,83,83,185,185,196,215,233,233,246,271,271,306,329,357,232,244,294,323,323,323,323,323,42,73,73,73],"floor_reached":55,"playtime":1879,"items_purged":["Defend_P","Defend_P","FollowUp"],"score":1098,"play_id":"c3849dae-461d-457a-8cea-f35a4ff4c351","local_time":"20201229003432","is_ascension_mode":true,"campfire_choices":[{"floor":10.0,"key":"REST"},{"data":"MentalFortress","floor":12.0,"key":"SMITH"},{"floor":15.0,"key":"REST"},{"data":"Adaptation","floor":23.0,"key":"SMITH"},{"data":"Prostrate","floor":30.0,"key":"SMITH"},{"data":"WheelKick","floor":32.0,"key":"SMITH"},{"data":"Vigilance","floor":41.0,"key":"SMITH"},{"floor":49.0,"key":"RECALL"},{"data":"EmptyFist","floor":52.0,"key":"SMITH"}],"circlet_count":0,"master_deck":["Strike_P+1","Eruption+1","Vigilance+1","WheelKick+1","Adaptation+1","EmptyFist+1","MentalFortress+1","Wallop+1","Prostrate+1","Halt","Tantrum+1","FearNoEvil"],"relics":["PureWater","Juzu Bracelet","GoldenEye","HornCleat","Omamori","VioletLotus","Whetstone","TheAbacus","Red Mask","Busted Crown","Boot","Toy Ornithopter","Pear","Unceasing Top","CeramicFish","Blue Candle","Oddly Smooth Stone"],"acts_visited":["Exordium","TheCity","TheBeyond","TheEnding"],"potions_floor_usage":[55,55],"damage_taken":[{"damage":12.0,"enemies":"Cultist","floor":1.0,"turns":3.0},{"damage":6.0,"enemies":"Small Slimes","floor":2.0,"turns":2.0},{"damage":13.0,"enemies":"Jaw Worm","floor":4.0,"turns":4.0},{"damage":43.0,"enemies":"Gremlin Nob","floor":6.0,"turns":4.0},{"damage":8.0,"enemies":"Lagavulin","floor":8.0,"turns":7.0},{"damage":15.0,"enemies":"3 Sentries","floor":13.0,"turns":8.0},{"damage":9.0,"enemies":"Large Slime","floor":14.0,"turns":5.0},{"damage":24.0,"enemies":"The Guardian","floor":16.0,"turns":11.0},{"damage":18.0,"enemies":"Chosen","floor":18.0,"turns":7.0},{"damage":8.0,"enemies":"Shell Parasite","floor":20.0,"turns":4.0},{"damage":15.0,"enemies":"Snake Plant","floor":21.0,"turns":6.0},{"damage":0.0,"enemies":"Snecko","floor":24.0,"turns":4.0},{"damage":0.0,"enemies":"Masked Bandits","floor":29.0,"turns":3.0},{"damage":0.0,"enemies":"3 Cultists","floor":31.0,"turns":4.0},{"damage":0.0,"enemies":"Champ","floor":33.0,"turns":6.0},{"damage":2.0,"enemies":"3 Shapes","floor":35.0,"turns":2.0},{"damage":0.0,"enemies":"Orb Walker","floor":36.0,"turns":2.0},{"damage":0.0,"enemies":"Sphere and 2 Shapes","floor":37.0,"turns":3.0},{"damage":0.0,"enemies":"Spire Growth","floor":39.0,"turns":3.0},{"damage":0.0,"enemies":"Giant Head","floor":40.0,"turns":5.0},{"damage":0.0,"enemies":"Reptomancer","floor":42.0,"turns":4.0},{"damage":0.0,"enemies":"Giant Head","floor":44.0,"turns":6.0},{"damage":0.0,"enemies":"3 Darklings","floor":46.0,"turns":3.0},{"damage":0.0,"enemies":"Mind Bloom Boss Battle","floor":47.0,"turns":5.0},{"damage":4.0,"enemies":"Reptomancer","floor":48.0,"turns":6.0},{"damage":7.0,"enemies":"Awakened One","floor":50.0,"turns":10.0},{"damage":29.0,"enemies":"Shield and Spear","floor":54.0,"turns":4.0},{"damage":108,"enemies":"The Heart","floor":55,"turns":3}],"seed_played":"-8648208045267113388","potions_obtained":[{"floor":1.0,"key":"SneckoOil"},{"floor":2.0,"key":"FairyPotion"},{"floor":3.0,"key":"FearPotion"},{"floor":3.0,"key":"PowerPotion"},{"floor":3.0,"key":"EntropicBrew"},{"floor":8.0,"key":"Regen Potion"},{"floor":13.0,"key":"Fire Potion"},{"floor":21.0,"key":"DistilledChaos"},{"floor":24.0,"key":"LiquidMemories"},{"floor":33.0,"key":"LiquidMemories"},{"floor":35.0,"key":"Weak Potion"},{"floor":48.0,"key":"ColorlessPotion"},{"floor":54.0,"key":"SkillPotion"}],"is_trial":false,"path_per_floor":["M","M","?","M","$","E","?","E","T","R","?","R","E","M","R","B",null,"M","?","M","M","$","R","M","?","T","?","$","?","R","M","R","B",null,"M","M","M","?","M","E","R","E","T","E","$","M","?","E","R","B",null,"R","$","E","B"],"character_chosen":"WATCHER","items_purchased":["MentalFortress","Block Potion","TheAbacus","Blue Candle","FearNoEvil"],"campfire_rested":2,"item_purchase_floors":[5,22,28,53,53],"current_hp_per_floor":[60,54,54,41,41,21,14,6,6,27,16,16,16,7,28,4,55,37,37,29,14,14,14,14,14,14,14,14,14,14,14,14,14,58,56,56,56,46,46,46,46,46,46,56,56,56,56,57,57,50,74,74,74,50,24,24],"gold":73,"neow_bonus":"UPGRADE_CARD","is_daily":false,"chose_seed":false,"campfire_upgraded":6,"win_rate":0.0,"timestamp":1609169672,"path_taken":["M","M","?","M","$","E","?","E","T","R","?","R","E","M","R","BOSS","M","?","M","M","$","R","M","?","T","?","$","?","R","M","R","BOSS","M","M","M","?","M","E","R","E","T","E","$","M","?","E","R","BOSS","R","$","E","BOSS"],"items_purchased_type":["Card","Potion","Relic","Relic","Card"],"build_version":"2020-12-22","purchased_purges":3,"victory":false,"max_hp_per_floor":[72,72,72,72,72,72,72,72,72,72,72,72,72,72,72,72,72,72,72,72,72,72,72,72,72,72,72,72,72,72,72,72,72,72,72,72,72,72,72,72,72,72,72,82,82,82,82,82,82,82,82,82,82,82,82,82],"card_choices":[{"not_picked":["Crescendo","WreathOfFlame"],"picked":"WheelKick","floor":1.0},{"not_picked":["EmptyMind","Sanctity"],"picked":"Adaptation","floor":2.0},{"not_picked":["ClearTheMind","Nirvana"],"picked":"EmptyFist","floor":4.0},{"not_picked":["Swivel","ForeignInfluence","JustLucky"],"picked":"SKIP","floor":6.0},{"not_picked":["Vault","Consecrate","Evaluate"],"picked":"SKIP","floor":8.0},{"not_picked":["SashWhip","CutThroughFate","SandsOfTime"],"picked":"SKIP","floor":13.0},{"not_picked":["EmptyBody","Swivel"],"picked":"FollowUp","floor":14.0},{"not_picked":["Worship","WindmillStrike","EmptyBody"],"picked":"SKIP","floor":18.0},{"not_picked":["JustLucky","LikeWater","FlurryOfBlows"],"picked":"SKIP","floor":20.0},{"not_picked":["Prostrate","FollowUp","BowlingBash"],"picked":"SKIP","floor":21.0},{"not_picked":["EmptyBody","FlurryOfBlows"],"picked":"Halt","floor":24.0},{"not_picked":["ConjureBlade","Crescendo"],"picked":"Tantrum+1","floor":29.0},{"not_picked":["EmptyMind+1","JustLucky","Prostrate"],"picked":"SKIP","floor":31.0},{"not_picked":["Prostrate"],"picked":"SKIP","floor":35.0},{"not_picked":["BowlingBash"],"picked":"SKIP","floor":36.0},{"not_picked":["Fasting2+1"],"picked":"SKIP","floor":37.0},{"not_picked":["EmptyBody"],"picked":"SKIP","floor":39.0},{"not_picked":["PathToVictory+1"],"picked":"SKIP","floor":40.0},{"not_picked":["CutThroughFate+1"],"picked":"SKIP","floor":42.0},{"not_picked":["FlurryOfBlows"],"picked":"SKIP","floor":44.0},{"not_picked":["EmptyFist"],"picked":"SKIP","floor":46.0},{"not_picked":["WheelKick"],"picked":"SKIP","floor":48.0},{"not_picked":["PathToVictory+1"],"picked":"SKIP","floor":54.0}],"player_experience":267358,"relics_obtained":[{"floor":6.0,"key":"Juzu Bracelet"},{"floor":8.0,"key":"GoldenEye"},{"floor":9.0,"key":"HornCleat"},{"floor":13.0,"key":"Omamori"},{"floor":26.0,"key":"Whetstone"},{"floor":29.0,"key":"Red Mask"},{"floor":40.0,"key":"Boot"},{"floor":42.0,"key":"Toy Ornithopter"},{"floor":44.0,"key":"Pear"},{"floor":47.0,"key":"Unceasing Top"},{"floor":48.0,"key":"CeramicFish"},{"floor":54.0,"key":"Oddly Smooth Stone"}],"event_choices":[{"damage_healed":0.0,"max_hp_gain":0.0,"max_hp_loss":0.0,"gold_gain":0.0,"event_name":"Lab","player_choice":"Got Potions","floor":3.0,"gold_loss":0.0,"damage_taken":0.0},{"cards_removed":["Strike_P"],"damage_healed":0.0,"max_hp_gain":0.0,"max_hp_loss":0.0,"gold_gain":0.0,"event_name":"Golden Wing","player_choice":"Card Removal","floor":7.0,"gold_loss":0.0,"damage_taken":7.0},{"damage_healed":0.0,"max_hp_gain":0.0,"max_hp_loss":0.0,"gold_gain":75.0,"event_name":"World of Goop","player_choice":"Gather Gold","floor":11.0,"gold_loss":0.0,"damage_taken":11.0},{"damage_healed":0.0,"max_hp_gain":0.0,"max_hp_loss":0.0,"gold_gain":0.0,"cards_transformed":["Strike_P","Defend_P"],"event_name":"Drug Dealer","player_choice":"Became Test Subject","floor":19.0,"gold_loss":0.0,"damage_taken":0.0,"cards_obtained":["Wallop","Prostrate"]},{"cards_removed":["Defend_P"],"damage_healed":0.0,"max_hp_gain":0.0,"max_hp_loss":0.0,"gold_gain":0.0,"event_name":"Back to Basics","player_choice":"Elegance","floor":25.0,"gold_loss":0.0,"damage_taken":0.0},{"cards_removed":["Strike_P"],"damage_healed":0.0,"max_hp_gain":0.0,"max_hp_loss":0.0,"gold_gain":0.0,"event_name":"Purifier","player_choice":"Purged","floor":27.0,"gold_loss":0.0,"damage_taken":0.0},{"damage_healed":0.0,"max_hp_gain":0.0,"max_hp_loss":0.0,"gold_gain":0.0,"event_name":"Masked Bandits","player_choice":"Fought Bandits","floor":29.0,"gold_loss":0.0,"damage_taken":0.0},{"damage_healed":0.0,"max_hp_gain":0.0,"max_hp_loss":0.0,"gold_gain":0.0,"event_name":"SensoryStone","player_choice":"Memory 3","floor":38.0,"gold_loss":0.0,"damage_taken":10.0},{"damage_healed":0.0,"max_hp_gain":0.0,"max_hp_loss":0.0,"gold_gain":0.0,"event_name":"MindBloom","player_choice":"Fight","floor":47.0,"gold_loss":0.0,"damage_taken":0.0}],"is_beta":false,"boss_relics":[{"not_picked":["Cursed Key","Ectoplasm"],"picked":"VioletLotus"},{"not_picked":["Astrolabe","SacredBark"],"picked":"Busted Crown"}],"items_purged_floors":[22,28,45],"is_endless":false,"potions_floor_spawned":[1,2,4,8,13,21,24,33,35,42,44,46,48,54],"killed_by":"The Heart","ascension_level":5}}