{"host":"j3h0p3l2xgzxhnx7","time":1609162984,"event":{"mods":["BaseMod","Luminous","Marisa????????","Minty Spire (QoL Compilation)","StSLib","The Bug Knight","The Cursed","The Servant 0.9.4"],"gold_per_floor":[115,115,115,133,208,208,223,223,223,247,266,280,52,69,69,69,69],"floor_reached":16,"playtime":584,"items_purged":[],"score":92,"play_id":"7e9c2427-8e3a-44c6-8aea-f36e252cfcec","local_time":"20201228214304","is_ascension_mode":false,"campfire_choices":[{"data":"Sabotage","floor":6,"key":"SMITH"},{"data":"KidneyShot","floor":8,"key":"SMITH"},{"floor":15,"key":"REST"}],"circlet_count":0,"master_deck":["Strike_S","Strike_S","Strike_S","Strike_S","Defend_S+1","Defend_S","Defend_S","Defend_S+1","KidneyShot+1","Exchange","Writhe","Sabotage+1","Regret","FastForward","Unruled","Spin","BottledTime","SurpressingFire","Sabotage"],"relics":["Uniform","TungstenRod","War Paint","CaptainsWheel","Broom","MealTicket"],"acts_visited":["Exordium"],"potions_floor_usage":[11,16],"damage_taken":[{"damage":0,"enemies":"2 Louse","floor":1,"turns":2},{"damage":3,"enemies":"Jaw Worm","floor":4,"turns":5},{"damage":6,"enemies":"Cultist","floor":7,"turns":4},{"damage":9,"enemies":"Exordium Thugs","floor":11,"turns":5},{"damage":0,"enemies":"Looter","floor":12,"turns":3},{"damage":1,"enemies":"Large Slime","floor":14,"turns":5},{"damage":69,"enemies":"The Guardian","floor":16,"turns":12}],"seed_played":"4596642348862678492","potions_obtained":[{"floor":4,"key":"Fire Potion"},{"floor":14,"key":"ColorlessPotion"}],"is_trial":false,"path_per_floor":["M","$","?","M","?","R","M","R","T","T","M","M","$","M","R","B"],"character_chosen":"THE_SERVANT","items_purchased":["MealTicket","SurpressingFire"],"campfire_rested":1,"item_purchase_floors":[13,13],"current_hp_per_floor":[65,65,65,62,52,52,46,46,46,46,37,37,37,36,55,0,0],"gold":69,"neow_bonus":"ONE_RARE_RELIC","is_daily":false,"chose_seed":false,"campfire_upgraded":2,"win_rate":0.0,"timestamp":1609162984,"path_taken":["M","$","?","M","?","R","M","R","T","?","?","M","$","M","R","BOSS"],"items_purchased_type":["Relic","Card"],"build_version":"2020-12-22","purchased_purges":0,"victory":false,"max_hp_per_floor":[65,65,65,65,65,65,65,65,65,65,65,65,65,65,65,65,65],"card_choices":[{"not_picked":["Potential","Barrier"],"picked":"Sabotage","floor":1},{"not_picked":["Hightail","Replace"],"picked":"FastForward","floor":4},{"not_picked":["Defy","Replace"],"picked":"Unruled","floor":7},{"not_picked":["DualDimension","ShatteredReality"],"picked":"Spin","floor":11},{"not_picked":["Replace","Revamp"],"picked":"BottledTime","floor":12},{"not_picked":["Unruled","Reset"],"picked":"Sabotage","floor":14}],"player_experience":26055,"relics_obtained":[{"floor":9,"key":"CaptainsWheel"},{"floor":10,"key":"Broom"}],"event_choices":[{"damage_healed":0,"gold_gain":0,"player_choice":"Box","damage_taken":0,"relics_obtained":["War Paint"],"max_hp_gain":0,"max_hp_loss":0,"event_name":"Big Fish","floor":3,"gold_loss":0,"cards_obtained":["Regret"]},{"damage_healed":0,"gold_gain":75,"player_choice":"Gather Gold","damage_taken":11,"max_hp_gain":0,"max_hp_loss":0,"event_name":"World of Goop","floor":5,"gold_loss":0}],"is_beta":false,"boss_relics":[],"items_purged_floors":[],"is_endless":false,"potions_floor_spawned":[4,14],"killed_by":"The Guardian","ascension_level":0}}