{"host":"dhyczjm99amxd3qx","time":1609193174,"event":{"mods":["BaseMod","Colored Map","Googly Eyes","Highlight Path","Minty Spire (QoL Compilation)","Quick Restart","StSLib"],"gold_per_floor":[112,112,112,287,287,287,308,352,433,468,491,522,597,617,617,617,617],"floor_reached":16,"playtime":651,"items_purged":[],"score":157,"play_id":"c57d651b-13df-4cdb-8fe8-26c7b07cdf59","local_time":"20201228170614","is_ascension_mode":true,"campfire_choices":[{"data":"Cloak And Dagger","floor":6,"key":"SMITH"},{"floor":15,"key":"REST"}],"circlet_count":0,"master_deck":["Strike_G","Strike_G","Strike_G","Strike_G","Strike_G","Defend_G","Defend_G","Defend_G","Defend_G","Defend_G","Survivor","Neutralize","Cloak And Dagger+1","Regret","Doubt","Crippling Poison","Crippling Poison","Distraction","Burst","PiercingWail"],"relics":["Ring of the Snake","NeowsBlessing","Golden Idol","Torii","The Courier","Potion Belt","Blue Candle","Anchor","Bag of Preparation"],"acts_visited":["Exordium"],"potions_floor_usage":[12,12],"damage_taken":[{"damage":0,"enemies":"Jaw Worm","floor":1,"turns":1},{"damage":0,"enemies":"2 Louse","floor":7,"turns":1},{"damage":0,"enemies":"Lagavulin","floor":8,"turns":1},{"damage":17,"enemies":"3 Sentries","floor":10,"turns":13},{"damage":2,"enemies":"Small Slimes","floor":11,"turns":3},{"damage":18,"enemies":"Gremlin Nob","floor":12,"turns":4},{"damage":3,"enemies":"Looter","floor":14,"turns":4},{"damage":29,"enemies":"Slime Boss","floor":16,"turns":3}],"seed_played":"-2212890965063870110","potions_obtained":[{"floor":7,"key":"LiquidBronze"},{"floor":10,"key":"PowerPotion"},{"floor":11,"key":"SkillPotion"},{"floor":14,"key":"DuplicationPotion"}],"is_trial":false,"path_per_floor":["M","?","?","?","T","R","M","E","T","E","M","E","?","M","R","B"],"character_chosen":"THE_SILENT","items_purchased":[],"campfire_rested":1,"item_purchase_floors":[],"current_hp_per_floor":[70,53,53,53,53,53,53,53,53,36,34,16,5,2,23,0,0],"gold":617,"neow_bonus":"THREE_ENEMY_KILL","is_daily":false,"chose_seed":false,"campfire_upgraded":1,"win_rate":0.0,"timestamp":1609193174,"path_taken":["M","?","?","?","?","R","M","E","T","E","M","E","?","M","R","BOSS"],"items_purchased_type":[],"build_version":"2020-12-22","purchased_purges":0,"victory":false,"max_hp_per_floor":[70,70,70,70,70,70,70,70,70,70,70,70,70,70,70,70,70],"card_choices":[{"not_picked":["Deadly Poison","Eviscerate"],"picked":"Cloak And Dagger","floor":1},{"not_picked":["Bane","Acrobatics"],"picked":"Crippling Poison","floor":7},{"not_picked":["Tactician","Bouncing Flask","Deflect"],"picked":"SKIP","floor":8},{"not_picked":["Prepared","Dagger Throw"],"picked":"Crippling Poison","floor":10},{"not_picked":["Flying Knee","Underhanded Strike"],"picked":"Distraction","floor":11},{"not_picked":["Slice","Quick Slash"],"picked":"Burst","floor":12},{"not_picked":["Reflex","Dagger Throw"],"picked":"PiercingWail","floor":14}],"player_experience":153327,"relics_obtained":[{"floor":5,"key":"The Courier"},{"floor":8,"key":"Potion Belt"},{"floor":9,"key":"Blue Candle"},{"floor":10,"key":"Anchor"},{"floor":12,"key":"Bag of Preparation"}],"event_choices":[{"damage_healed":0,"gold_gain":0,"player_choice":"Take Damage","damage_taken":17,"relics_obtained":["Golden Idol"],"max_hp_gain":0,"max_hp_loss":0,"event_name":"Golden Idol","floor":2,"gold_loss":0},{"damage_healed":0,"gold_gain":0,"player_choice":"Box","damage_taken":0,"relics_obtained":["Torii"],"max_hp_gain":0,"max_hp_loss":0,"event_name":"Big Fish","floor":3,"gold_loss":0,"cards_obtained":["Regret"]},{"damage_healed":0,"gold_gain":175,"player_choice":"AGREE","damage_taken":0,"max_hp_gain":0,"max_hp_loss":0,"event_name":"Liars Game","floor":4,"gold_loss":0,"cards_obtained":["Doubt"]},{"damage_healed":0,"gold_gain":75,"player_choice":"Gather Gold","damage_taken":11,"max_hp_gain":0,"max_hp_loss":0,"event_name":"World of Goop","floor":13,"gold_loss":0}],"is_beta":false,"boss_relics":[],"items_purged_floors":[],"is_endless":false,"potions_floor_spawned":[7,10,11,14],"killed_by":"Slime Boss","ascension_level":2}}