{"host":"hfxp6ue4pvwo3fit","time":1609146217,"event":{"mods":["AchievementEnabler","BaseMod","Colored Map","Colored Powertips","Highlight Path","Minty Spire (QoL Compilation)","StSLib","SuperFastMode"],"gold_per_floor":[119,130,55,14,14,49,49,76,76,76,95,124,147,161,161,235,235,252,252,56,72,89,35,65,65,65,85,85,105,120,148,148,227,227,245,290,0,17,17,52,52,82,82,99,113,124,163,183,183,183,183],"floor_reached":52,"playtime":2832,"items_purged":["Strike_R"],"score":2379,"play_id":"6b467b98-c030-4ff6-8add-6ada1821c513","local_time":"20201228030337","is_ascension_mode":true,"campfire_choices":[{"data":"Clothesline","floor":7,"key":"SMITH"},{"data":"Corruption","floor":10,"key":"SMITH"},{"floor":15,"key":"REST"},{"data":"True Grit","floor":25,"key":"SMITH"},{"data":"Dark Embrace","floor":28,"key":"SMITH"},{"floor":32,"key":"REST"},{"data":"Dark Embrace","floor":41,"key":"SMITH"},{"floor":49,"key":"RECALL"}],"circlet_count":0,"master_deck":["AscendersBane","Strike_R","Strike_R","Strike_R","Defend_R","Defend_R","Defend_R","Defend_R","Bash+1","Headbutt","Clothesline+1","Dark Embrace+1","Impervious","Corruption+1","True Grit+1","Spot Weakness","Sentinel","Pommel Strike","Impervious","Cleave+1","Battle Trance","Inflame","Metallicize","Dark Embrace+1","Burning Pact","Shrug It Off","Flame Barrier","Reaper+1","Body Slam","Inflame","Dropkick","Sentinel"],"relics":["Burning Blood","NeowsBlessing","FossilizedHelix","Red Skull","Mummified Hand","Omamori","Odd Mushroom","SacredBark","Ginger","Dead Branch","Gremlin Horn","PreservedInsect","Busted Crown","Calipers","Red Mask","StrikeDummy","CeramicFish","The Courier","Whetstone"],"acts_visited":["Exordium","TheCity","TheBeyond"],"potions_floor_usage":[16,23,31,33,51],"damage_taken":[{"damage":0,"enemies":"Jaw Worm","floor":1,"turns":1},{"damage":0,"enemies":"Small Slimes","floor":2,"turns":1},{"damage":0,"enemies":"Gremlin Nob","floor":6,"turns":1},{"damage":40,"enemies":"3 Sentries","floor":8,"turns":15},{"damage":7,"enemies":"2 Louse","floor":11,"turns":3},{"damage":18,"enemies":"Gremlin Nob","floor":12,"turns":5},{"damage":7,"enemies":"The Mushroom Lair","floor":13,"turns":4},{"damage":6,"enemies":"Exordium Wildlife","floor":14,"turns":3},{"damage":14,"enemies":"Slime Boss","floor":16,"turns":9},{"damage":2,"enemies":"Chosen","floor":18,"turns":5},{"damage":2,"enemies":"Shell Parasite","floor":21,"turns":6},{"damage":21,"enemies":"Sentry and Sphere","floor":22,"turns":7},{"damage":33,"enemies":"Gremlin Leader","floor":24,"turns":8},{"damage":0,"enemies":"Snecko","floor":27,"turns":4},{"damage":0,"enemies":"Centurion and Healer","floor":29,"turns":3},{"damage":10,"enemies":"Shelled Parasite and Fungi","floor":30,"turns":5},{"damage":21,"enemies":"Book of Stabbing","floor":31,"turns":4},{"damage":35,"enemies":"Collector","floor":33,"turns":7},{"damage":9,"enemies":"3 Shapes","floor":35,"turns":6},{"damage":126,"enemies":"2 Orb Walkers","floor":36,"turns":6},{"damage":0,"enemies":"Orb Walker","floor":38,"turns":4},{"damage":0,"enemies":"Giant Head","floor":40,"turns":3},{"damage":0,"enemies":"Nemesis","floor":42,"turns":5},{"damage":22,"enemies":"Sphere and 2 Shapes","floor":44,"turns":5},{"damage":0,"enemies":"4 Shapes","floor":45,"turns":2},{"damage":29,"enemies":"Jaw Worm Horde","floor":46,"turns":3},{"damage":27,"enemies":"Reptomancer","floor":47,"turns":5},{"damage":24,"enemies":"Transient","floor":48,"turns":6},{"damage":3,"enemies":"Donu and Deca","floor":50,"turns":4},{"damage":3,"enemies":"Awakened One","floor":51,"turns":2}],"seed_played":"1458249542121194443","potions_obtained":[{"floor":6,"key":"FairyPotion"},{"floor":11,"key":"Energy Potion"},{"floor":21,"key":"BloodPotion"},{"floor":31,"key":"LiquidBronze"},{"floor":36,"key":"DistilledChaos"},{"floor":38,"key":"Fire Potion"}],"is_trial":false,"path_per_floor":["M","M","?","$","?","E","R","E","T","R","M","E","?","M","R","B",null,"M","?","$","M","M","$","E","R","T","M","R","M","M","E","R","B",null,"M","?","?","M","?","E","R","E","T","M","M","M","E","M","R","B","B",null],"character_chosen":"IRONCLAD","items_purchased":["Dark Embrace","Battle Trance","Inflame","PowerPotion"],"campfire_rested":2,"item_purchase_floors":[4,20,20,23],"current_hp_per_floor":[74,75,75,75,75,75,75,41,41,41,40,28,27,27,49,41,67,71,71,71,75,60,75,48,48,48,54,54,60,56,41,63,34,65,74,50,50,67,67,75,75,75,75,75,75,75,75,75,75,75,75],"gold":183,"neow_bonus":"THREE_ENEMY_KILL","is_daily":false,"chose_seed":false,"campfire_upgraded":5,"win_rate":0.0,"timestamp":1609146217,"path_taken":["M","M","?","$","?","E","R","E","T","R","M","E","?","?","R","BOSS","M","?","$","M","M","?","E","R","T","M","R","M","M","E","R","BOSS","M","?","?","M","?","E","R","E","T","M","M","M","E","?","R","BOSS","BOSS"],"items_purchased_type":["Card","Card","Card","Potion"],"build_version":"2020-12-22","purchased_purges":1,"victory":true,"max_hp_per_floor":[75,75,75,75,75,75,75,75,75,75,75,75,75,75,75,75,75,75,75,75,75,75,75,75,75,75,75,75,75,75,75,75,75,75,75,75,75,75,75,75,75,75,75,75,75,75,75,75,75,75,75],"card_choices":[{"not_picked":["Heavy Blade","Clash"],"picked":"Headbutt","floor":1},{"not_picked":["Havoc","Ghostly Armor"],"picked":"Clothesline","floor":2},{"not_picked":["Infernal Blade","Anger"],"picked":"Impervious","floor":6},{"not_picked":["Sword Boomerang","Shockwave"],"picked":"Corruption","floor":8},{"not_picked":["Headbutt","Clothesline"],"picked":"True Grit","floor":11},{"not_picked":["Iron Wave","Dark Embrace"],"picked":"Spot Weakness","floor":12},{"not_picked":["Exhume","Battle Trance"],"picked":"Sentinel","floor":13},{"not_picked":["Clash","Perfected Strike"],"picked":"Pommel Strike","floor":14},{"not_picked":["Juggernaut","Bludgeon"],"picked":"Impervious","floor":16},{"not_picked":["Metallicize","Wild Strike"],"picked":"Cleave","floor":18},{"not_picked":["Cleave","Pommel Strike"],"picked":"Metallicize","floor":21},{"not_picked":["Uppercut","Spot Weakness"],"picked":"Dark Embrace","floor":22},{"not_picked":["Thunderclap","Power Through"],"picked":"Burning Pact","floor":24},{"not_picked":["Heavy Blade+1","Whirlwind"],"picked":"Shrug It Off","floor":27},{"not_picked":["Corruption","Thunderclap","Wild Strike"],"picked":"SKIP","floor":29},{"not_picked":["Second Wind","Pommel Strike","Armaments"],"picked":"SKIP","floor":30},{"not_picked":["True Grit","Ghostly Armor"],"picked":"Flame Barrier","floor":31},{"not_picked":["Impervious","Double Tap"],"picked":"Reaper","floor":33},{"not_picked":[],"picked":"Body Slam","floor":35},{"not_picked":[],"picked":"Inflame","floor":38},{"not_picked":["Rampage"],"picked":"SKIP","floor":40},{"not_picked":["Shrug It Off"],"picked":"SKIP","floor":42},{"not_picked":["Whirlwind"],"picked":"SKIP","floor":44},{"not_picked":["Dark Embrace"],"picked":"SKIP","floor":45},{"not_picked":["Twin Strike"],"picked":"SKIP","floor":46},{"not_picked":[],"picked":"Dropkick","floor":47},{"not_picked":[],"picked":"Sentinel","floor":48}],"player_experience":444074,"relics_obtained":[{"floor":6,"key":"FossilizedHelix"},{"floor":8,"key":"Red Skull"},{"floor":9,"key":"Mummified Hand"},{"floor":12,"key":"Omamori"},{"floor":13,"key":"Odd Mushroom"},{"floor":24,"key":"Dead Branch"},{"floor":26,"key":"Gremlin Horn"},{"floor":31,"key":"PreservedInsect"},{"floor":36,"key":"Calipers"},{"floor":40,"key":"StrikeDummy"},{"floor":42,"key":"CeramicFish"},{"floor":43,"key":"The Courier"},{"floor":47,"key":"Whetstone"}],"event_choices":[{"cards_removed":["Strike_R"],"damage_healed":0,"gold_gain":0,"player_choice":"Card Removal","damage_taken":0,"max_hp_gain":0,"max_hp_loss":0,"event_name":"The Cleric","floor":3,"gold_loss":75},{"damage_healed":0,"gold_gain":0,"player_choice":"Grow","damage_taken":0,"max_hp_gain":0,"max_hp_loss":0,"event_name":"Living Wall","floor":5,"gold_loss":0,"cards_upgraded":["Bash"]},{"damage_healed":0,"gold_gain":0,"player_choice":"Fought Mushrooms","damage_taken":0,"max_hp_gain":0,"max_hp_loss":0,"event_name":"Mushrooms","floor":13,"gold_loss":0},{"damage_healed":0,"gold_gain":0,"player_choice":"Opened","damage_taken":0,"relics_obtained":["Ginger"],"max_hp_gain":0,"max_hp_loss":0,"event_name":"The Mausoleum","floor":19,"gold_loss":0,"cards_obtained":["Writhe"]},{"damage_healed":0,"gold_gain":0,"player_choice":"Fight","damage_taken":0,"max_hp_gain":0,"max_hp_loss":0,"event_name":"Mysterious Sphere","floor":36,"gold_loss":0},{"damage_healed":0,"gold_gain":0,"player_choice":"Paid","damage_taken":0,"relics_obtained":["Red Mask"],"max_hp_gain":0,"max_hp_loss":0,"event_name":"Tomb of Lord Red Mask","floor":37,"gold_loss":290},{"damage_healed":0,"gold_gain":0,"player_choice":"Memory 1","damage_taken":0,"max_hp_gain":0,"max_hp_loss":0,"event_name":"SensoryStone","floor":39,"gold_loss":0}],"is_beta":false,"boss_relics":[{"not_picked":["Fusion Hammer","SlaversCollar"],"picked":"SacredBark"},{"not_picked":["Black Blood","Pandora\u0027s Box"],"picked":"Busted Crown"}],"items_purged_floors":[20],"is_endless":false,"potions_floor_spawned":[6,11,13,14,21,27,29,31,36,38,40,46],"ascension_level":20}}