{"host":"khm4we1ijduz33xh","time":1609194788,"event":{"mods":["AchievementEnabler","BaseMod","Colored Map","Minty Spire (QoL Compilation)","Rare Cards Sparkle","StSLib","SuperFastMode"],"gold_per_floor":[115,130,55,65,80,110,110,135,158,158,177,177,202,202,202,305,305,323,248,248,268,24,53,70,82,154,164,164,191,16,16,16,118,118,135,135,135,135,146,173,173,183,206,206,233,8,37,48,48,48],"floor_reached":51,"playtime":2867,"items_purged":["Defend_P","Defend_P","ClearTheMind+1","Strike_P"],"score":805,"play_id":"7bd01e90-fdf9-4d1a-b93f-1a33c27d2a4a","local_time":"20201229073308","is_ascension_mode":true,"campfire_choices":[{"data":"Eruption","floor":7,"key":"SMITH"},{"data":"MentalFortress","floor":10,"key":"SMITH"},{"floor":15,"key":"REST"},{"data":"Adaptation","floor":28,"key":"SMITH"},{"floor":32,"key":"REST"},{"data":"Adaptation","floor":41,"key":"SMITH"},{"floor":44,"key":"REST"},{"floor":49,"key":"REST"}],"circlet_count":0,"master_deck":["Strike_P","Strike_P","Strike_P+1","Defend_P","Eruption+1","Vigilance+1","InnerPeace+1","ClearTheMind+1","MentalFortress+1","FlurryOfBlows","FollowUp","WheelKick+1","Ragnarok","Adaptation+1","Adaptation+1","Crescendo","DeusExMachina","Vault","FearNoEvil","Halt+1","DeceiveReality+1","Halt+1","TalkToTheHand","EmptyBody+1","Perseverance"],"relics":["PureWater","NeowsBlessing","Juzu Bracelet","Art of War","Bag of Marbles","Bag of Preparation","Cursed Key","Whetstone","Omamori","Blue Candle","War Paint","Black Star","Dream Catcher","MealTicket","Pen Nib","FossilizedHelix","Oddly Smooth Stone","Darkstone Periapt","Blood Vial"],"acts_visited":["Exordium","TheCity","TheBeyond"],"potions_floor_usage":[6,16,16,16,25,29,29,40,50,50],"damage_taken":[{"damage":0,"enemies":"Cultist","floor":1,"turns":1},{"damage":0,"enemies":"Small Slimes","floor":2,"turns":1},{"damage":0,"enemies":"Jaw Worm","floor":4,"turns":1},{"damage":1,"enemies":"Exordium Thugs","floor":5,"turns":4},{"damage":36,"enemies":"Lagavulin","floor":6,"turns":8},{"damage":6,"enemies":"3 Sentries","floor":8,"turns":9},{"damage":9,"enemies":"Gremlin Gang","floor":11,"turns":4},{"damage":32,"enemies":"Gremlin Nob","floor":13,"turns":4},{"damage":30,"enemies":"The Guardian","floor":16,"turns":8},{"damage":0,"enemies":"Spheric Guardian","floor":18,"turns":2},{"damage":4,"enemies":"Chosen","floor":21,"turns":2},{"damage":10,"enemies":"Gremlin Leader","floor":23,"turns":4},{"damage":31,"enemies":"Centurion and Healer","floor":24,"turns":4},{"damage":7,"enemies":"3 Cultists","floor":25,"turns":3},{"damage":0,"enemies":"Sentry and Sphere","floor":27,"turns":2},{"damage":10,"enemies":"Book of Stabbing","floor":29,"turns":4},{"damage":27,"enemies":"Collector","floor":33,"turns":3},{"damage":0,"enemies":"Orb Walker","floor":35,"turns":2},{"damage":4,"enemies":"3 Darklings","floor":39,"turns":3},{"damage":15,"enemies":"Nemesis","floor":40,"turns":4},{"damage":27,"enemies":"4 Shapes","floor":42,"turns":4},{"damage":3,"enemies":"Reptomancer","floor":45,"turns":3},{"damage":28,"enemies":"Nemesis","floor":47,"turns":3},{"damage":0,"enemies":"Jaw Worm Horde","floor":48,"turns":2},{"damage":46,"enemies":"Time Eater","floor":50,"turns":11}],"seed_played":"-2644134206184214875","potions_obtained":[{"floor":1,"key":"GamblersBrew"},{"floor":5,"key":"SkillPotion"},{"floor":6,"key":"FearPotion"},{"floor":8,"key":"Fire Potion"},{"floor":18,"key":"AttackPotion"},{"floor":25,"key":"LiquidMemories"},{"floor":27,"key":"Block Potion"},{"floor":35,"key":"Weak Potion"},{"floor":39,"key":"SteroidPotion"},{"floor":45,"key":"FearPotion"}],"is_trial":false,"path_per_floor":["M","M","$","M","M","E","R","E","T","R","M","?","E","?","R","B",null,"M","?","?","M","$","E","M","M","T","M","R","E","$","$","R","B",null,"M","?","$","?","M","E","R","M","T","R","E","$","E","M","R","B",null],"character_chosen":"WATCHER","items_purchased":["Whetstone","Energy Potion","TalkToTheHand"],"campfire_rested":4,"item_purchase_floors":[22,30,46],"current_hp_per_floor":[72,72,72,72,71,35,35,29,29,29,20,44,12,12,33,3,72,72,72,72,68,68,58,27,20,20,20,20,10,10,10,31,4,72,72,72,72,72,68,53,53,26,26,47,44,59,31,33,54,10],"gold":48,"neow_bonus":"THREE_ENEMY_KILL","is_daily":false,"chose_seed":false,"campfire_upgraded":4,"win_rate":0.0,"timestamp":1609194788,"path_taken":["M","M","$","M","M","E","R","E","T","R","M","?","E","?","R","BOSS","M","?","?","M","$","E","M","M","T","M","R","E","?","$","R","BOSS","M","?","$","?","M","E","R","M","T","R","E","$","E","M","R","BOSS"],"items_purchased_type":["Relic","Potion","Card"],"build_version":"2020-12-22","purchased_purges":4,"victory":true,"max_hp_per_floor":[72,72,72,72,72,72,72,72,72,72,72,72,72,72,72,72,72,72,72,72,72,72,72,72,72,72,72,72,72,72,72,72,72,72,72,72,72,72,72,72,72,72,72,72,72,72,72,72,72,72],"card_choices":[{"not_picked":["DeceiveReality","WreathOfFlame"],"picked":"InnerPeace","floor":1},{"not_picked":["CarveReality","Pray"],"picked":"ClearTheMind","floor":2},{"not_picked":["JustLucky","FlurryOfBlows"],"picked":"MentalFortress","floor":4},{"not_picked":["SashWhip","ForeignInfluence","Meditate"],"picked":"SKIP","floor":5},{"not_picked":["FlyingSleeves","PathToVictory","Collect"],"picked":"SKIP","floor":6},{"not_picked":["ConjureBlade","Protect"],"picked":"FlurryOfBlows","floor":8},{"not_picked":["ClearTheMind","Crescendo"],"picked":"FollowUp","floor":11},{"not_picked":["Collect","JustLucky"],"picked":"WheelKick","floor":13},{"not_picked":["Omniscience","MasterReality"],"picked":"Ragnarok","floor":16},{"not_picked":["JustLucky","Consecrate"],"picked":"ClearTheMind+1","floor":18},{"not_picked":["BowlingBash","DeceiveReality"],"picked":"Adaptation","floor":21},{"not_picked":["Consecrate","Evaluate+1"],"picked":"Adaptation","floor":23},{"not_picked":["FlyingSleeves","ThirdEye+1","Meditate+1"],"picked":"SKIP","floor":24},{"not_picked":["CrushJoints","ForeignInfluence+1"],"picked":"Crescendo","floor":25},{"not_picked":["Study","DeceiveReality"],"picked":"DeusExMachina","floor":27},{"not_picked":["BowlingBash+1","PathToVictory","Worship"],"picked":"SKIP","floor":29},{"not_picked":["Brilliance","Establishment"],"picked":"Vault","floor":33},{"not_picked":["Swivel+1","FlyingSleeves+1"],"picked":"FearNoEvil","floor":35},{"not_picked":["Protect","Pray+1"],"picked":"Halt+1","floor":39},{"not_picked":["FollowUp","Indignation+1","Sanctity"],"picked":"SKIP","floor":40},{"not_picked":["SandsOfTime","Prostrate+1"],"picked":"DeceiveReality+1","floor":42},{"not_picked":["BowlingBash","Sanctity+1"],"picked":"Halt+1","floor":45},{"not_picked":["Meditate","Worship","Alpha"],"picked":"SKIP","floor":47},{"not_picked":["Fasting2","Meditate+1"],"picked":"EmptyBody+1","floor":48},{"not_picked":["BowlingBash","WheelKick"],"picked":"Perseverance","floor":49}],"player_experience":150294,"relics_obtained":[{"floor":6,"key":"Juzu Bracelet"},{"floor":8,"key":"Art of War"},{"floor":9,"key":"Bag of Marbles"},{"floor":13,"key":"Bag of Preparation"},{"floor":23,"key":"Omamori"},{"floor":26,"key":"Blue Candle"},{"floor":29,"key":"War Paint"},{"floor":40,"key":"Dream Catcher"},{"floor":40,"key":"MealTicket"},{"floor":43,"key":"Pen Nib"},{"floor":45,"key":"FossilizedHelix"},{"floor":45,"key":"Oddly Smooth Stone"},{"floor":47,"key":"Darkstone Periapt"},{"floor":47,"key":"Blood Vial"}],"event_choices":[{"damage_healed":24,"gold_gain":0,"player_choice":"Banana","damage_taken":0,"max_hp_gain":0,"max_hp_loss":0,"event_name":"Big Fish","floor":12,"gold_loss":0},{"damage_healed":0,"gold_gain":0,"player_choice":"0 cards matched","damage_taken":0,"max_hp_gain":0,"max_hp_loss":0,"event_name":"Match and Keep!","floor":14,"gold_loss":0,"cards_obtained":[]},{"cards_removed":["Defend_P"],"damage_healed":0,"gold_gain":0,"player_choice":"Gave Gold","damage_taken":0,"max_hp_gain":0,"max_hp_loss":0,"event_name":"Beggar","floor":19,"gold_loss":75},{"damage_healed":0,"gold_gain":0,"player_choice":"Forge","damage_taken":0,"max_hp_gain":0,"max_hp_loss":0,"event_name":"Accursed Blacksmith","floor":20,"gold_loss":0,"cards_upgraded":["ClearTheMind"]},{"damage_healed":0,"gold_gain":0,"player_choice":"0 cards matched","damage_taken":0,"max_hp_gain":0,"max_hp_loss":0,"event_name":"Match and Keep!","floor":36,"gold_loss":0,"cards_obtained":[]},{"damage_healed":0,"gold_gain":0,"player_choice":"Ignored","damage_taken":0,"max_hp_gain":0,"max_hp_loss":0,"event_name":"Tomb of Lord Red Mask","floor":38,"gold_loss":0}],"is_beta":false,"boss_relics":[{"not_picked":["Fusion Hammer","Snecko Eye"],"picked":"Cursed Key"},{"not_picked":["Coffee Dripper","Astrolabe"],"picked":"Black Star"}],"items_purged_floors":[3,22,30,46],"is_endless":false,"potions_floor_spawned":[1,5,6,8,18,25,27,35,39,45],"ascension_level":1}}