{"host":"8jwif9mna8ud19ho","time":1609131144,"event":{"mods":["BaseMod","Better Vampires","Lobotomy","Marisa£¨ìFÓê¡¡Ä§ÀíÉ³£©","Minty Spire (QoL Compilation)","Reimu£¨²©ÀöÁéÃÎ£©","RumiaBox-Â¶Ã×æ«µÄÉñÃØºÐ×Ó","StSLib","¡¾ÒÅÎï¿¨ÅÆ¡¿REMEMod"],"gold_per_floor":[113,128,128,144,144,170,180,180,230,250,250,250,250,267,267,267,267],"floor_reached":16,"playtime":642,"items_purged":[],"score":204,"play_id":"562cfbe0-e61b-4a41-abd8-8d98b335e6d7","local_time":"20201228125224","is_ascension_mode":true,"campfire_choices":[{"data":"Corpse Explosion","floor":8,"key":"SMITH"},{"data":"Intuition:ReiMu","floor":11,"key":"SMITH"},{"data":"PayForSelf:ReiMu","floor":13,"key":"SMITH"},{"data":"SafetyPray:ReiMu","floor":15,"key":"SMITH"}],"circlet_count":0,"master_deck":["AscendersBane","Strike_Lin:ReiMu","Strike_Lin:ReiMu","Defend_Lin:ReiMu","Defend_Lin:ReiMu","Defend_Lin:ReiMu","Defend_Lin:ReiMu","NB:ReiMu","Stagnation:ReiMu","Corpse Explosion+1","Bloodbath","MHz","PayForSelf:ReiMu+1","MeatLantern","Intuition:ReiMu+1","FantasyBorder:ReiMu","SubAcupoint:ReiMu","Funeral","SubAcupoint:ReiMu","Yin","SafetyPray:ReiMu+1"],"relics":["FlyPower:ReiMu","REME_ComplimentaryCards","CogitoBucket","Letter Opener","Bronze Scales","BehaviorAdjustment","Omamori"],"acts_visited":["Exordium"],"potions_floor_usage":[],"damage_taken":[{"damage":0,"enemies":"Cultist","floor":1,"turns":4},{"damage":0,"enemies":"2 Louse","floor":2,"turns":2},{"damage":15,"enemies":"Small Slimes","floor":4,"turns":5},{"damage":14,"enemies":"Lagavulin","floor":6,"turns":9},{"damage":0,"enemies":"Blue Slaver","floor":7,"turns":5},{"damage":0,"enemies":"3 Louse","floor":10,"turns":3},{"damage":1,"enemies":"Exordium Thugs","floor":14,"turns":4},{"damage":40,"enemies":"Slime Boss","floor":16,"turns":8}],"seed_played":"-143558404559461449","potions_obtained":[{"floor":2,"key":"DuplicationPotion"},{"floor":6,"key":"GamblersBrew"}],"is_trial":false,"path_per_floor":["M","M","?","M","?","E","M","R","T","M","R","T","R","M","R","B"],"character_chosen":"REIMU","items_purchased":[],"campfire_rested":0,"item_purchase_floors":[],"current_hp_per_floor":[54,55,48,35,35,25,25,25,25,25,25,25,25,25,25,0,0],"gold":267,"neow_bonus":"","is_daily":false,"chose_seed":false,"campfire_upgraded":4,"win_rate":0.0,"timestamp":1609131144,"path_taken":["M","M","?","M","?","E","M","R","T","M","R","?","R","M","R","BOSS"],"items_purchased_type":[],"build_version":"2020-12-22","purchased_purges":0,"victory":false,"max_hp_per_floor":[60,60,60,60,60,60,60,60,60,60,60,60,60,60,60,60,60],"card_choices":[{"not_picked":["SnowQueen","VoidDream"],"picked":"Bloodbath","floor":1},{"not_picked":["SpringWay:ReiMu","UniversalSpiritual:ReiMu","PassingAway:ReiMu"],"picked":"SKIP","floor":1},{"not_picked":["Freischutz","VoidDream"],"picked":"MHz","floor":2},{"not_picked":["OctopathBindingBorder2:ReiMu","BarrageOfMoneybags:ReiMu"],"picked":"PayForSelf:ReiMu","floor":2},{"not_picked":["WallGazer","BeautyBeast"],"picked":"MeatLantern","floor":4},{"not_picked":["FantasyMoon:ReiMu","SubcavityInstant:ReiMu"],"picked":"Intuition:ReiMu","floor":4},{"not_picked":["EmergencyTakeOff:ReiMu","FineLineFantasy:ReiMu"],"picked":"SubAcupoint:ReiMu","floor":6},{"not_picked":["EmergencyTakeOff:ReiMu","SubcavityInstant:ReiMu","AlertArray:ReiMu"],"picked":"SKIP","floor":7},{"not_picked":["Laetitia","PunishingBird"],"picked":"Funeral","floor":10},{"not_picked":["WonderfulDomain:ReiMu","EmergencyTakeOff:ReiMu"],"picked":"SubAcupoint:ReiMu","floor":10},{"not_picked":["HeroicMonk","QueenBee"],"picked":"Yin","floor":14},{"not_picked":["SubcavityInstant:ReiMu","PassingAway:ReiMu"],"picked":"SafetyPray:ReiMu","floor":14}],"player_experience":1097963,"relics_obtained":[{"floor":6,"key":"Letter Opener"},{"floor":9,"key":"Bronze Scales"},{"floor":12,"key":"Omamori"}],"event_choices":[{"cards_removed":["Strike_Lin:ReiMu"],"damage_healed":0,"gold_gain":0,"player_choice":"Card Removal","damage_taken":7,"max_hp_gain":0,"max_hp_loss":0,"event_name":"Golden Wing","floor":3,"gold_loss":0},{"damage_healed":0,"gold_gain":0,"cards_transformed":["Strike_Lin:ReiMu"],"player_choice":"Change","damage_taken":0,"max_hp_gain":0,"max_hp_loss":0,"event_name":"Living Wall","floor":5,"gold_loss":0,"cards_obtained":["FantasyBorder:ReiMu"]}],"is_beta":false,"boss_relics":[],"items_purged_floors":[],"is_endless":false,"potions_floor_spawned":[2,6,7,10],"killed_by":"Slime Boss","ascension_level":20}}