{"host":"i58uscbei3sy5089","time":1609173146,"event":{"mods":["ATMod(°¢èªMod)","Act Like it!","Arknights The Spire","BaseMod","Challenge The Spire","Colored Powertips","Conspire","Infinite Spire","Koishi","Lobotomy","LobotomyExtend","Minty Spire (QoL Compilation)","MostiFishMod","Prisma Mod","Quick Restart","Reimu£¨²©ÀöÁéÃÎ£©","Replay The Spire","Shop Mod","Spicy Shops","StSLib","TestMod","The Alterego","The Construct","UnlockEverythingMod","[IsaacMod]ÒÔÈö¼âËþ","vexMod","¡¾¹¦ÄÜMod¡¿»ìãçÖ®»·ÐÞ¸´²¹¶¡","¡¾ÒÅÎï¿¨ÅÆ¡¿REMEMod","óô»ðÖ¸ÄÏ"],"gold_per_floor":[113,130,143,143,17,17,31,64,64,64,14,27,27,42,42,138,185,202,18,18,18,18,18,34,45,69,101,115,115,190,35,35,138,138,151,171,8,21,71,71,24,24,48,80,97,97,114,140,140,140,140],"floor_reached":50,"playtime":7007,"items_purged":["alterego_mod:Strike","alterego_mod:Strike","alterego_mod:BrynhildrsRune","alterego_mod:Impale","alterego_mod:Rip","alterego_mod:Bounce+1","alterego_mod:Defend"],"score":695,"play_id":"678cab26-c29a-4a08-a521-403f1f740eda","local_time":"20201229003226","is_ascension_mode":false,"campfire_choices":[{"data":"AT_Dispersion","floor":6.0,"key":"SMITH"},{"data":"alterego_mod:Palingenesis","floor":13.0,"key":"SMITH"},{"data":"alterego_mod:Mirror","floor":15.0,"key":"SMITH"},{"data":"alterego_mod:Bounce","floor":23.0,"key":"SMITH"},{"data":"Pot Of Greed","floor":29.0,"key":"SMITH"},{"data":"alterego_mod:Palingenesis+1","floor":32.0,"key":"SMITH"},{"data":"alterego_mod:DiscoLights","floor":40.0,"key":"SMITH"},{"data":"alterego_mod:Palingenesis+3","floor":42.0,"key":"SMITH"},{"floor":46,"key":"REST"},{"data":"alterego_mod:BreastValley","floor":49,"key":"SMITH"}],"circlet_count":0,"master_deck":["alterego_mod:Defend","alterego_mod:Defend","alterego_mod:Defend","alterego_mod:BigMeatyClaws+1","AT_ShadowStep+1","AT_Dispersion+1","alterego_mod:Mirror+1","alterego_mod:Palingenesis+4","alterego_mod:BusterCard+1","alterego_mod:Tantrum+1","alterego_mod:MagicResistance+1","Pot Of Greed+1","Pot Of Greed+1","alterego_mod:BrynhildrRomantia+1","alterego_mod:DiscoLights+1","alterego_mod:DiscoLights+1","alterego_mod:HighServant+1","alterego_mod:BreastValley+1","alterego_mod:GachaTicket+1"],"relics":["alterego_mod:MasochisticConstitution","testmod-TestBox","HushsDoor","DaveBox","AT_ATBox","REME_ComplimentaryCards","RhineSuit","DeadEye","testmod-NegativeEmotionEnhancer","SynthV:TestCard","LetterFromLob","MerchantsRug","ats:Originium","testmod-CardMagician","AT_SilvercatRing","ats:Originium","Smiling Mask","ats:Originium","Blood Vial","ats:Originium","Blue Doll"],"acts_visited":["Exordium","TheCity","TheBeyond"],"potions_floor_usage":[],"damage_taken":[{"damage":9.0,"enemies":"Cultist","floor":1.0,"turns":3.0},{"damage":10.0,"enemies":"Small Slimes","floor":2.0,"turns":4.0},{"damage":15.0,"enemies":"Jaw Worm","floor":3.0,"turns":2.0},{"damage":6.0,"enemies":"2 Fungi Beasts","floor":7.0,"turns":3.0},{"damage":1.0,"enemies":"3 Sentries","floor":8.0,"turns":2.0},{"damage":9.0,"enemies":"Looter","floor":12.0,"turns":2.0},{"damage":0.0,"enemies":"Exordium Wildlife","floor":14.0,"turns":3.0},{"damage":41.0,"enemies":"The Guardian","floor":16.0,"turns":6.0},{"damage":10.0,"enemies":"2 Thieves","floor":18.0,"turns":4.0},{"damage":0.0,"enemies":"3 Byrds","floor":24.0,"turns":3.0},{"damage":42.0,"enemies":"Snake Plant","floor":25.0,"turns":3.0},{"damage":7.0,"enemies":"Book of Stabbing","floor":27.0,"turns":3.0},{"damage":0.0,"enemies":"Cultist and Chosen","floor":28.0,"turns":3.0},{"damage":0.0,"enemies":"Collector","floor":33.0,"turns":3.0},{"damage":15.0,"enemies":"3 Darklings","floor":35.0,"turns":4.0},{"damage":4.0,"enemies":"3 Shapes","floor":36.0,"turns":3.0},{"damage":10.0,"enemies":"Sphere and 2 Shapes","floor":38.0,"turns":3.0},{"damage":48.0,"enemies":"Mind Bloom Boss Battle","floor":39.0,"turns":3.0},{"damage":14.0,"enemies":"Nemesis","floor":44.0,"turns":3.0},{"damage":25,"enemies":"Writhing Mass","floor":45,"turns":4},{"damage":4,"enemies":"Maw","floor":47,"turns":5},{"damage":50,"enemies":"Reptomancer","floor":48,"turns":4},{"damage":70,"enemies":"Awakened One","floor":50,"turns":3}],"seed_played":"-8399563241532471721","potions_obtained":[{"floor":2.0,"key":"Dexterity Potion"},{"floor":7.0,"key":"ColorlessPotion"},{"floor":12.0,"key":"testmod-TimePotion"},{"floor":18.0,"key":"DistilledChaos"},{"floor":25.0,"key":"PowerPotion"},{"floor":27.0,"key":"REME_GoldPotion"},{"floor":35.0,"key":"Energy Potion"},{"floor":38.0,"key":"SteroidPotion"},{"floor":47,"key":"PowerPotion"},{"floor":48,"key":"ZuzhouPotion:ReiMu"}],"is_trial":false,"path_per_floor":["M","M","M","$","$","R","M","E","T","?","?","M","R","M","R","B",null,"M","$","?","?","?","R","M","M","T","E","M","R","?","$","R","B",null,"M","M","$","M","?","R","$","R","T","E","M","R","M","E","R","B"],"character_chosen":"The_Alterego","items_purchased":["MerchantsRug","AT_SilvercatRing","alterego_mod:DiscoLights"],"campfire_rested":1,"item_purchase_floors":[5,19,37],"current_hp_per_floor":[64,58,46,46,46,46,51,76,76,76,76,70,70,83,83,52,80,73,73,73,82,66,66,88,49,49,45,48,48,39,39,39,44,90,95,98,98,108,63,63,63,63,63,52,32,66,67,51,51,0,0],"gold":140,"neow_bonus":"THREE_CARDS","is_daily":false,"chose_seed":false,"campfire_upgraded":9,"win_rate":0.0,"timestamp":1609173146,"path_taken":["M","M","M","?","$","R","M","E","T","?","?","?","R","M","R","BOSS","M","$","?","?","?","R","M","M","T","E","?","R","?","$","R","BOSS","M","M","$","M","?","R","?","R","T","E","M","R","M","E","R","BOSS"],"items_purchased_type":["Relic","Relic","Card"],"build_version":"2020-12-22","purchased_purges":7,"victory":false,"max_hp_per_floor":[72,74,76,76,76,76,78,80,80,80,80,82,82,83,83,85,80,82,82,82,82,87,87,88,90,90,92,93,93,93,93,93,95,90,95,98,98,108,110,110,110,110,110,112,114,114,116,122,122,126,126],"card_choices":[{"not_picked":["alterego_mod:Maid","alterego_mod:GoddessCore"],"picked":"alterego_mod:Rip","floor":0.0},{"not_picked":["alterego_mod:Rip","alterego_mod:Birthday"],"picked":"Bomb","floor":1.0},{"not_picked":["alterego_mod:Punishment","alterego_mod:Cycle","alterego_mod:Maid","alterego_mod:Cooking"],"picked":"alterego_mod:Belle","floor":2.0},{"not_picked":["alterego_mod:Cycle","alterego_mod:Collar","alterego_mod:Table","alterego_mod:RidiculouslyBig"],"picked":"alterego_mod:Mirror","floor":3.0},{"not_picked":["alterego_mod:PerceptionDisorder","alterego_mod:Table","alterego_mod:Skirt","alterego_mod:Santa"],"picked":"alterego_mod:Palingenesis","floor":7.0},{"not_picked":["alterego_mod:Pet","alterego_mod:Santa","alterego_mod:BiFurious","alterego_mod:DeftHands"],"picked":"alterego_mod:BusterCard","floor":8.0},{"not_picked":["alterego_mod:Stockings","alterego_mod:Cooking","alterego_mod:Skirt","alterego_mod:Mirror","alterego_mod:Cycle"],"picked":"SKIP","floor":12.0},{"not_picked":["alterego_mod:IndependentAction","alterego_mod:DustData","alterego_mod:Undulate","alterego_mod:HighServant"],"picked":"alterego_mod:Bounce","floor":14.0},{"not_picked":["alterego_mod:Palingenesis","alterego_mod:SideboobHour","alterego_mod:STier","alterego_mod:AlterEgo"],"picked":"alterego_mod:Tantrum","floor":16.0},{"not_picked":["alterego_mod:SuperDuperMasochism","alterego_mod:Bunnysuit","alterego_mod:Complex","alterego_mod:DiscoLights"],"picked":"alterego_mod:MagicResistance+1","floor":18.0},{"not_picked":["alterego_mod:Complex","alterego_mod:Cushion+1","alterego_mod:Exercise","alterego_mod:Punishment","alterego_mod:Belts"],"picked":"SKIP","floor":24.0},{"not_picked":["alterego_mod:Jiggle","alterego_mod:DeftHands+1","alterego_mod:Maid","alterego_mod:Rip+1","alterego_mod:BustOut"],"picked":"SKIP","floor":25.0},{"not_picked":["alterego_mod:Rip+1","alterego_mod:Mirror+1","alterego_mod:BustOut","alterego_mod:Skirt+1","alterego_mod:Santa+1"],"picked":"SKIP","floor":27.0},{"not_picked":["alterego_mod:Rip+1","alterego_mod:Mirror+1","alterego_mod:BustOut","alterego_mod:Skirt+1","alterego_mod:Santa+1"],"picked":"SKIP","floor":27.0},{"not_picked":["alterego_mod:Undulate+1","alterego_mod:BiFurious","alterego_mod:Complex","alterego_mod:Cushion","alterego_mod:Skirt+1"],"picked":"SKIP","floor":28.0},{"not_picked":["alterego_mod:ClassAdvantage","alterego_mod:TrickOrTreatment","alterego_mod:SideboobHour","alterego_mod:Rake"],"picked":"alterego_mod:BrynhildrRomantia","floor":33.0},{"not_picked":["alterego_mod:PurpleHair","alterego_mod:GoddessCore+1","alterego_mod:Complex+1","alterego_mod:Table","alterego_mod:TrashNCrash"],"picked":"SKIP","floor":35.0},{"not_picked":["alterego_mod:SuperDuperMasochism","alterego_mod:Maid","alterego_mod:1TonWallop","alterego_mod:PresenceConcealment","alterego_mod:MagicResistance+1"],"picked":"SKIP","floor":36.0},{"not_picked":["alterego_mod:Cooking","alterego_mod:PerceptionDisorder","alterego_mod:Crossover","alterego_mod:HighServant","alterego_mod:Belle"],"picked":"SKIP","floor":38.0},{"not_picked":["alterego_mod:Collar","alterego_mod:Jiggle","alterego_mod:MagicResistance+1","alterego_mod:Mirror+1"],"picked":"alterego_mod:DiscoLights+1","floor":39.0},{"not_picked":["alterego_mod:Skirt+1","alterego_mod:Jiggle+1","alterego_mod:Swimsuit+1","alterego_mod:RingBreak","alterego_mod:Rip+1"],"picked":"SKIP","floor":44},{"not_picked":["alterego_mod:Bunnysuit+1","alterego_mod:Jiggle+1","alterego_mod:Cooking+1","alterego_mod:GoddessCore"],"picked":"alterego_mod:HighServant+1","floor":45},{"not_picked":["alterego_mod:Cushion","alterego_mod:SakuraLabyrinth","alterego_mod:DiscoLights","alterego_mod:Bounce+1"],"picked":"alterego_mod:BreastValley","floor":47},{"not_picked":["alterego_mod:BrynhildrRomantia","alterego_mod:Smother+1","alterego_mod:DestructionOfProperty+1","alterego_mod:Stockings"],"picked":"alterego_mod:GachaTicket+1","floor":48}],"player_experience":641996,"relics_obtained":[{"floor":1.0,"key":"SynthV:TestCard"},{"floor":1.0,"key":"LetterFromLob"},{"floor":8.0,"key":"ats:Originium"},{"floor":8.0,"key":"Garlic"},{"floor":9.0,"key":"conspire:DeflatedDodgeball"},{"floor":26.0,"key":"Pet Ghost"},{"floor":27.0,"key":"ats:Originium"},{"floor":27.0,"key":"Grinning Jar"},{"floor":39.0,"key":"testmod-EqualTreatment"},{"floor":43.0,"key":"Smiling Mask"},{"floor":44,"key":"ats:Originium"},{"floor":44,"key":"Blood Vial"},{"floor":48,"key":"ats:Originium"},{"floor":48,"key":"Blue Doll"}],"event_choices":[{"damage_healed":0.0,"max_hp_gain":0.0,"max_hp_loss":0.0,"gold_gain":0.0,"event_name":"conspire:Investor","player_choice":"Leave","floor":10.0,"gold_loss":0.0,"damage_taken":0.0},{"cards_removed":["alterego_mod:Strike"],"damage_healed":0.0,"max_hp_gain":0.0,"max_hp_loss":0.0,"gold_gain":0.0,"event_name":"The Cleric","player_choice":"Card Removal","floor":11.0,"gold_loss":50.0,"damage_taken":0.0},{"damage_healed":0.0,"max_hp_gain":5.0,"max_hp_loss":0.0,"gold_gain":0.0,"event_name":"Forgotten Altar","player_choice":"Shed Blood","floor":22.0,"gold_loss":0.0,"damage_taken":21.0},{"damage_healed":0.0,"max_hp_gain":0.0,"max_hp_loss":0.0,"gold_gain":75.0,"event_name":"FaceTrader","player_choice":"Touch","floor":30.0,"gold_loss":0.0,"damage_taken":9.0},{"damage_healed":0.0,"max_hp_gain":0.0,"max_hp_loss":0.0,"gold_gain":0.0,"event_name":"MindBloom","player_choice":"Fight","floor":39.0,"gold_loss":0.0,"damage_taken":0.0}],"is_beta":false,"boss_relics":[{"not_picked":["Astrolabe","conspire:SpecialSausage"],"picked":"testmod-CardMagician"},{"not_picked":[]},{"not_picked":["Calling Bell","testmod-EnergyCheck"],"picked":"conspire:SeveredTorchhead"},{"not_picked":[]}],"items_purged_floors":[17,19,31,31,34,37,41],"is_endless":false,"potions_floor_spawned":[2,7,12,18,25,27,35,38,47,48],"killed_by":"Awakened One","ascension_level":0}}