{"host":"pbf6u3tyx46snqc7","time":1609197248,"event":{"mods":["AchievementEnabler","BaseMod","Colored Map","Minty Spire (QoL Compilation)","Permanent Neow","Rare Cards Sparkle","Shop Mod","SuperFastMode"],"gold_per_floor":[20,32,32,52,52,91,91,16,16,16,39,64,99,99,99,99,99],"floor_reached":16,"playtime":793,"items_purged":["Defend_R"],"score":138,"play_id":"ce038919-0ef3-458d-ad8a-74cef954bbb7","local_time":"20201229081408","is_ascension_mode":true,"campfire_choices":[{"data":"Berserk","floor":7.0,"key":"SMITH"},{"floor":10.0,"key":"REST"},{"data":"Dark Embrace","floor":15,"key":"SMITH"}],"circlet_count":0,"master_deck":["Strike_R","Strike_R","Strike_R","Strike_R","Defend_R","Defend_R","Defend_R","Bash","Master of Strategy","Dark Embrace+1","Carnage","Berserk+1","Shrug It Off","Havoc+1","True Grit+1","True Grit+1"],"relics":["Burning Blood","Golden Idol","HornCleat","Toxic Egg 2","Boot"],"acts_visited":["Exordium"],"potions_floor_usage":[13],"damage_taken":[{"damage":0.0,"enemies":"Small Slimes","floor":1.0,"turns":3.0},{"damage":5.0,"enemies":"2 Louse","floor":2.0,"turns":4.0},{"damage":12.0,"enemies":"Jaw Worm","floor":4.0,"turns":3.0},{"damage":27.0,"enemies":"Lagavulin","floor":6.0,"turns":7.0},{"damage":0.0,"enemies":"Large Slime","floor":11.0,"turns":5.0},{"damage":9.0,"enemies":"Red Slaver","floor":12.0,"turns":3.0},{"damage":27,"enemies":"Gremlin Nob","floor":13,"turns":4},{"damage":65,"enemies":"The Guardian","floor":16,"turns":11}],"seed_played":"-7136551741656344989","potions_obtained":[{"floor":1.0,"key":"LiquidBronze"},{"floor":6.0,"key":"BloodPotion"},{"floor":12.0,"key":"FearPotion"}],"is_trial":false,"path_per_floor":["M","M","?","M","?","E","R","$","T","R","M","M","E","?","R","B"],"character_chosen":"IRONCLAD","items_purchased":[],"campfire_rested":1,"item_purchase_floors":[],"current_hp_per_floor":[80,80,80,74,54,33,33,33,33,57,63,60,39,65,65,0,0],"gold":99,"neow_bonus":"RANDOM_COLORLESS_2","is_daily":false,"chose_seed":false,"campfire_upgraded":2,"win_rate":0.0,"timestamp":1609197248,"path_taken":["M","M","?","M","?","E","R","$","T","R","M","M","E","?","R","BOSS"],"items_purchased_type":[],"build_version":"2020-12-22","purchased_purges":1,"victory":false,"max_hp_per_floor":[80,80,80,80,80,80,80,80,80,80,80,80,80,80,80,80,80],"card_choices":[{"not_picked":["Metamorphosis","Secret Technique"],"picked":"Master of Strategy","floor":0.0},{"not_picked":["Body Slam","Clash"],"picked":"Dark Embrace","floor":1.0},{"not_picked":["Anger","Thunderclap"],"picked":"Carnage","floor":2.0},{"not_picked":["Wild Strike","Combust"],"picked":"Shrug It Off","floor":4.0},{"not_picked":["Dark Embrace","Clothesline","Bludgeon"],"picked":"SKIP","floor":6.0},{"not_picked":["Flex+1","Shrug It Off+1"],"picked":"Havoc+1","floor":11.0},{"not_picked":["Dark Embrace","Armaments+1"],"picked":"True Grit+1","floor":12.0},{"not_picked":["Inflame","Entrench+1"],"picked":"True Grit+1","floor":13}],"player_experience":360842,"relics_obtained":[{"floor":6.0,"key":"HornCleat"},{"floor":9.0,"key":"Toxic Egg 2"},{"floor":13,"key":"Boot"}],"event_choices":[{"damage_healed":0.0,"max_hp_gain":0.0,"max_hp_loss":0.0,"gold_gain":0.0,"cards_transformed":["Strike_R"],"event_name":"Living Wall","player_choice":"Change","floor":3.0,"gold_loss":0.0,"damage_taken":0.0,"cards_obtained":["Berserk"]},{"damage_healed":0.0,"max_hp_gain":0.0,"max_hp_loss":0.0,"gold_gain":0.0,"event_name":"Golden Idol","player_choice":"Take Damage","floor":5.0,"gold_loss":0.0,"damage_taken":20.0,"relics_obtained":["Golden Idol"]},{"damage_healed":26,"gold_gain":0,"player_choice":"Banana","damage_taken":0,"max_hp_gain":0,"max_hp_loss":0,"event_name":"Big Fish","floor":14,"gold_loss":0}],"is_beta":false,"boss_relics":[],"items_purged_floors":[8],"is_endless":false,"potions_floor_spawned":[1,6,12],"killed_by":"The Guardian","ascension_level":5}}