{"host":"0ueeacaatm8t6jyh","time":1609169095,"event":{"mods":["AchievementEnabler","BaseMod","Colored Powertips","Minty Spire (QoL Compilation)","Rare Cards Sparkle","StSLib"],"gold_per_floor":[119,129,204,136,58,86,361,396,396,410,410,360,161,180,180,284,284,302,312,362,362,378,378,151,151,151],"floor_reached":25,"playtime":746,"items_purged":["Strike_B"],"score":316,"play_id":"619f77eb-8ca5-4eec-a713-f4afe4df9f56","local_time":"20201228232455","is_ascension_mode":true,"campfire_choices":[{"data":"Regret","floor":11.0,"key":"PURGE"},{"floor":15.0,"key":"REST"},{"floor":23.0,"key":"REST"}],"circlet_count":0,"master_deck":["Strike_B","Strike_B","Defend_B","Defend_B","Defend_B","Defend_B","Zap","Dualcast","Loop","Sweeping Beam","Static Discharge","Static Discharge","Fission","Reboot","Storm","Conserve Battery","Storm","Electrodynamics","Capacitor","Hologram+1","Seek","Self Repair","Amplify"],"relics":["Cracked Core","NeowsBlessing","Peace Pipe","Toy Ornithopter","Prayer Wheel","SlaversCollar"],"acts_visited":["Exordium","TheCity"],"potions_floor_usage":[],"damage_taken":[{"damage":0.0,"enemies":"Cultist","floor":1.0,"turns":1.0},{"damage":0.0,"enemies":"Jaw Worm","floor":2.0,"turns":1.0},{"damage":0.0,"enemies":"3 Sentries","floor":6.0,"turns":1.0},{"damage":24.0,"enemies":"Lagavulin","floor":8.0,"turns":7.0},{"damage":0.0,"enemies":"2 Louse","floor":10.0,"turns":2.0},{"damage":20.0,"enemies":"Lots of Slimes","floor":14.0,"turns":2.0},{"damage":22.0,"enemies":"Hexaghost","floor":16.0,"turns":9.0},{"damage":18.0,"enemies":"Spheric Guardian","floor":18.0,"turns":5.0},{"damage":21.0,"enemies":"Shell Parasite","floor":19.0,"turns":4.0},{"damage":30.0,"enemies":"Snake Plant","floor":22.0,"turns":5.0},{"damage":32,"enemies":"Shelled Parasite and Fungi","floor":25,"turns":3}],"seed_played":"-4578097992123650439","potions_obtained":[{"floor":1.0,"key":"Block Potion"},{"floor":10.0,"key":"Regen Potion"},{"floor":14.0,"key":"EssenceOfSteel"},{"floor":18.0,"key":"Strength Potion"}],"is_trial":false,"path_per_floor":["M","M","?","$","$","E","?","E","T","M","R","?","$","M","R","B",null,"M","M","?","$","M","R","$","M"],"character_chosen":"DEFECT","items_purchased":["Static Discharge","Static Discharge","Storm","Conserve Battery","Self Repair","Amplify"],"campfire_rested":2,"item_purchase_floors":[4,5,13,13,24,24],"current_hp_per_floor":[68,68,57,57,57,57,57,33,33,33,33,33,33,13,35,33,65,47,31,31,31,6,28,28,0,0],"gold":151,"neow_bonus":"THREE_ENEMY_KILL","is_daily":false,"chose_seed":false,"campfire_upgraded":0,"win_rate":0.0,"timestamp":1609169095,"path_taken":["M","?","?","?","$","E","?","E","T","?","R","?","$","M","R","BOSS","M","M","?","?","M","R","$","M"],"items_purchased_type":["Card","Card","Card","Card","Card","Card"],"build_version":"2020-12-22","purchased_purges":1,"victory":false,"max_hp_per_floor":[75,75,75,75,75,75,75,75,75,75,75,75,75,75,75,75,75,75,75,75,75,75,75,75,75,75],"card_choices":[{"not_picked":["Cold Snap","Rebound"],"picked":"Loop","floor":1.0},{"not_picked":["Hello World","Go for the Eyes"],"picked":"Sweeping Beam","floor":2.0},{"not_picked":["Coolheaded","Aggregate"],"picked":"Fission","floor":6.0},{"not_picked":["Stack","Redo","Ball Lightning"],"picked":"SKIP","floor":8.0},{"not_picked":["Heatsinks","BootSequence"],"picked":"Reboot","floor":10.0},{"not_picked":["Steam","Leap","Stack"],"picked":"SKIP","floor":10.0},{"not_picked":["Gash","Coolheaded"],"picked":"Storm","floor":14.0},{"not_picked":["Barrage","Ball Lightning","Sweeping Beam"],"picked":"SKIP","floor":14.0},{"not_picked":["Echo Form","Hyperbeam"],"picked":"Electrodynamics","floor":16.0},{"not_picked":["Turbo","Force Field"],"picked":"Capacitor","floor":18.0},{"not_picked":["Redo","Stack+1","Gash"],"picked":"SKIP","floor":18.0},{"not_picked":["Recycle","Coolheaded"],"picked":"Hologram+1","floor":19.0},{"not_picked":["Conserve Battery","Reprogram","Beam Cell"],"picked":"SKIP","floor":19.0},{"not_picked":["Genetic Algorithm","Streamline"],"picked":"Seek","floor":22.0},{"not_picked":["Coolheaded","Barrage","Hologram"],"picked":"SKIP","floor":22.0}],"player_experience":323224,"relics_obtained":[{"floor":6.0,"key":"Peace Pipe"},{"floor":8.0,"key":"Toy Ornithopter"},{"floor":9.0,"key":"Prayer Wheel"}],"event_choices":[{"damage_healed":0.0,"max_hp_gain":0.0,"max_hp_loss":0.0,"gold_gain":75.0,"event_name":"World of Goop","player_choice":"Gather Gold","floor":3.0,"gold_loss":0.0,"damage_taken":11.0},{"damage_healed":0.0,"max_hp_gain":0.0,"max_hp_loss":0.0,"gold_gain":275.0,"event_name":"Golden Shrine","player_choice":"Desecrate","floor":7.0,"gold_loss":0.0,"damage_taken":0.0,"cards_obtained":["Regret"]},{"cards_removed":["Strike_B"],"damage_healed":0.0,"max_hp_gain":0.0,"max_hp_loss":0.0,"gold_gain":0.0,"event_name":"The Cleric","player_choice":"Card Removal","floor":12.0,"gold_loss":50.0,"damage_taken":0.0},{"damage_healed":0.0,"max_hp_gain":0.0,"max_hp_loss":0.0,"gold_gain":100.0,"event_name":"The Joust","player_choice":"Bet on Murderer","floor":20.0,"gold_loss":50.0,"damage_taken":0.0}],"is_beta":false,"boss_relics":[{"not_picked":["Sozu","SacredBark"],"picked":"SlaversCollar"}],"items_purged_floors":[13],"is_endless":false,"potions_floor_spawned":[1,10,14,18],"killed_by":"Shelled Parasite and Fungi","ascension_level":7}}