{"host":"kdt6w7ix8lwe69i9","time":1609149234,"event":{"mods":["Bartender","BaseMod","ChefMod","Downfall","Fiend Mod","Jorbs\u0027s Wanderer Trilogy","Minty Spire (QoL Compilation)","Reimu（博丽灵梦）","Robot Space Explorer","StSLib","The Cursed","The Disciple","The Dragon Tamer","The Druid","The Elementalist","The Forsaken","The Gatherer","The Judge","The Marked","TheBandit"],"gold_per_floor":[111,111,184,184,259,286,286,286,286],"floor_reached":8,"playtime":681,"items_purged":[],"score":54,"play_id":"01e164fb-b71a-4894-a62f-8d9c86632056","local_time":"20201228045354","is_ascension_mode":false,"campfire_choices":[{"floor":7,"key":"REST"}],"circlet_count":0,"master_deck":["chefmod:Strike","chefmod:Strike","chefmod:Strike","chefmod:Strike","chefmod:Strike","chefmod:Defend","chefmod:Defend","chefmod:Defend","chefmod:QuickThaw","chefmod:TodaysSpecial","chefmod:SliceAndDice","chefmod:Leftovers"],"relics":["Snecko Eye","Tea:ReiMu","Toy Ornithopter"],"acts_visited":["Exordium"],"potions_floor_usage":[6],"damage_taken":[{"damage":0,"enemies":"2 Louse","floor":1,"turns":2},{"damage":0,"enemies":"Jaw Worm","floor":4,"turns":3},{"damage":31,"enemies":"3 Sentries","floor":6,"turns":6},{"damage":73,"enemies":"Gremlin Nob","floor":8,"turns":6}],"seed_played":"-7980119598837120159","potions_obtained":[{"floor":1,"key":"CultistPotion"}],"is_trial":false,"path_per_floor":["M","?","T","M","?","E","R","E"],"character_chosen":"THE_CHEF","items_purchased":[],"campfire_rested":1,"item_purchase_floors":[],"current_hp_per_floor":[76,76,76,76,65,34,56,0,0],"gold":286,"neow_bonus":"BOSS_RELIC","is_daily":false,"chose_seed":false,"campfire_upgraded":0,"win_rate":0.0,"timestamp":1609149234,"path_taken":["M","?","?","?","?","E","R","E"],"items_purchased_type":[],"build_version":"2020-12-22","purchased_purges":0,"victory":false,"max_hp_per_floor":[76,76,76,76,76,76,76,76,76],"card_choices":[{"not_picked":["chefmod:Puree","chefmod:LiquidNitrogen"],"picked":"chefmod:SliceAndDice","floor":1},{"not_picked":["chefmod:Gelato","chefmod:FireUp","chefmod:Chop"],"picked":"SKIP","floor":4},{"not_picked":["chefmod:Defrost","chefmod:GroceryDelivery"],"picked":"chefmod:Leftovers","floor":6}],"player_experience":1624994,"relics_obtained":[{"floor":3,"key":"Tea:ReiMu"},{"floor":6,"key":"Toy Ornithopter"}],"event_choices":[{"damage_healed":0,"gold_gain":0,"player_choice":"Ignored","damage_taken":0,"max_hp_gain":0,"max_hp_loss":0,"event_name":"Golden Wing","floor":2,"gold_loss":0},{"damage_healed":0,"gold_gain":75,"player_choice":"Gather Gold","damage_taken":11,"max_hp_gain":0,"max_hp_loss":0,"event_name":"World of Goop","floor":5,"gold_loss":0}],"is_beta":false,"boss_relics":[],"items_purged_floors":[],"is_endless":false,"potions_floor_spawned":[1],"killed_by":"Gremlin Nob","ascension_level":0}}