{"host":"6pgtslebjnyv5xmi","time":1609169657,"event":{"mods":["AchievementEnabler","BaseMod","Colored Map","Minty Spire (QoL Compilation)","Rare Cards Sparkle","StSLib","SuperFastMode","The Dragon Tamer","everything is the same but u backflip on backflip"],"gold_per_floor":[117,117,192,192,217,246,246,346,369,397,414,431,431,446,446,543,543,563,547,433,449,466,466,541,567,567,567,578,578,578,38,38,38,38],"floor_reached":33,"playtime":1207,"items_purged":["Combust"],"score":501,"play_id":"535c4529-a4ff-4ca3-a3ec-b4d098863010","local_time":"20201229003417","is_ascension_mode":true,"campfire_choices":[{"data":"Bash","floor":7.0,"key":"SMITH"},{"data":"Dropkick","floor":13.0,"key":"SMITH"},{"floor":15.0,"key":"REST"},{"floor":23.0,"key":"REST"},{"floor":27,"key":"REST"},{"floor":32,"key":"REST"}],"circlet_count":0,"master_deck":["AscendersBane","Bash+1","Dropkick+1","Rage","Double Tap","Fire Breathing","Intimidate","Reckless Charge","Dual Wield","Evolve","Feel No Pain","Armaments+1","Dark Embrace+1","Power Through+1"],"relics":["Burning Blood","NeowsBlessing","PreservedInsect","Bronze Scales","Whetstone","Omamori","Pandora\u0027s Box","Happy Flower","Unceasing Top","Tiny Chest","TungstenRod","Dream Catcher"],"acts_visited":["Exordium","TheCity"],"potions_floor_usage":[25,33],"damage_taken":[{"damage":0.0,"enemies":"Small Slimes","floor":1.0,"turns":1.0},{"damage":0.0,"enemies":"Lagavulin","floor":6.0,"turns":1.0},{"damage":0.0,"enemies":"3 Sentries","floor":10.0,"turns":1.0},{"damage":8.0,"enemies":"2 Louse","floor":11.0,"turns":3.0},{"damage":5.0,"enemies":"Jaw Worm","floor":12.0,"turns":4.0},{"damage":11.0,"enemies":"Looter","floor":14.0,"turns":3.0},{"damage":15.0,"enemies":"Slime Boss","floor":16.0,"turns":10.0},{"damage":12.0,"enemies":"3 Byrds","floor":18.0,"turns":3.0},{"damage":38.0,"enemies":"2 Thieves","floor":19.0,"turns":4.0},{"damage":30.0,"enemies":"Sentry and Sphere","floor":21.0,"turns":5.0},{"damage":11.0,"enemies":"Cultist and Chosen","floor":22.0,"turns":4.0},{"damage":26,"enemies":"Book of Stabbing","floor":25,"turns":4},{"damage":31,"enemies":"Snake Plant","floor":28,"turns":4},{"damage":50,"enemies":"Automaton","floor":33,"turns":6}],"seed_played":"-6062452385089519662","potions_obtained":[{"floor":1.0,"key":"Block Potion"},{"floor":10.0,"key":"SpeedPotion"},{"floor":11.0,"key":"Fire Potion"},{"floor":16.0,"key":"DuplicationPotion"}],"is_trial":false,"path_per_floor":["M","?","?","?","T","E","R","?","T","E","M","M","R","M","R","B",null,"M","M","$","M","M","R","?","E","T","R","M","?","?","$","R","B"],"character_chosen":"IRONCLAD","items_purchased":["Feel No Pain","TungstenRod","EssenceOfSteel","Dream Catcher"],"campfire_rested":4,"item_purchase_floors":[20,31,31,31],"current_hp_per_floor":[78,83,72,55,55,61,61,61,61,67,65,66,66,61,85,76,83,77,45,45,21,16,41,33,13,13,38,13,13,13,13,38,0,0],"gold":38,"neow_bonus":"THREE_ENEMY_KILL","is_daily":false,"chose_seed":false,"campfire_upgraded":2,"win_rate":0.0,"timestamp":1609169657,"path_taken":["M","?","?","?","?","E","R","?","T","E","M","M","R","M","R","BOSS","M","?","$","M","M","R","?","E","T","R","?","?","?","?","R","BOSS"],"items_purchased_type":["Card","Relic","Potion","Relic"],"build_version":"2020-12-22","purchased_purges":1,"victory":false,"max_hp_per_floor":[80,85,85,85,85,85,85,85,85,85,85,85,85,85,85,85,85,85,85,85,85,85,85,85,85,85,85,85,85,85,85,85,85,85],"card_choices":[{"not_picked":["Sever Soul","Havoc"],"picked":"Dropkick","floor":1.0},{"not_picked":["Armaments","Fire Breathing","Combust"],"picked":"SKIP","floor":6.0},{"not_picked":["Body Slam","Havoc","Metallicize"],"picked":"SKIP","floor":10.0},{"not_picked":["Combust","Clothesline","Pommel Strike"],"picked":"SKIP","floor":11.0},{"not_picked":["Dark Embrace","Havoc","Flame Barrier"],"picked":"SKIP","floor":12.0},{"not_picked":["Battle Trance","Clothesline","Sword Boomerang"],"picked":"SKIP","floor":14.0},{"not_picked":["Dual Wield+1","Carnage","Entrench"],"picked":"SKIP","floor":18.0},{"not_picked":["Seeing Red","Body Slam","Headbutt"],"picked":"SKIP","floor":19.0},{"not_picked":["Havoc","Clothesline","Shockwave"],"picked":"SKIP","floor":21.0},{"not_picked":["Flex+1","Juggernaut"],"picked":"Armaments+1","floor":22.0},{"not_picked":["Perfected Strike+1","Fire Breathing"],"picked":"Dark Embrace+1","floor":25},{"not_picked":["Havoc","Perfected Strike","Headbutt"],"picked":"SKIP","floor":28},{"not_picked":["Clothesline","Cleave"],"picked":"Power Through+1","floor":32}],"player_experience":568771,"relics_obtained":[{"floor":5.0,"key":"PreservedInsect"},{"floor":6.0,"key":"Bronze Scales"},{"floor":9.0,"key":"Whetstone"},{"floor":10.0,"key":"Omamori"},{"floor":25,"key":"Happy Flower"},{"floor":26,"key":"Unceasing Top"}],"event_choices":[{"damage_healed":0.0,"max_hp_gain":5.0,"max_hp_loss":0.0,"gold_gain":0.0,"event_name":"Big Fish","player_choice":"Donut","floor":2.0,"gold_loss":0.0,"damage_taken":0.0},{"damage_healed":0.0,"max_hp_gain":0.0,"max_hp_loss":0.0,"gold_gain":75.0,"event_name":"World of Goop","player_choice":"Gather Gold","floor":3.0,"gold_loss":0.0,"damage_taken":11.0},{"damage_healed":0.0,"max_hp_gain":0.0,"max_hp_loss":0.0,"gold_gain":0.0,"event_name":"Shining Light","player_choice":"Entered Light","floor":4.0,"gold_loss":0.0,"damage_taken":17.0,"cards_upgraded":["Strike_R","Defend_R"]},{"damage_healed":0.0,"max_hp_gain":0.0,"max_hp_loss":0.0,"gold_gain":100.0,"event_name":"Golden Shrine","player_choice":"Pray","floor":8.0,"gold_loss":0.0,"damage_taken":0.0},{"damage_healed":0,"gold_gain":75,"player_choice":"Touch","damage_taken":8,"max_hp_gain":0,"max_hp_loss":0,"event_name":"FaceTrader","floor":24,"gold_loss":0},{"damage_healed":0,"gold_gain":0,"player_choice":"Opened","damage_taken":0,"relics_obtained":["Tiny Chest"],"max_hp_gain":0,"max_hp_loss":0,"event_name":"The Mausoleum","floor":29,"gold_loss":0},{"cards_removed":["Pommel Strike"],"damage_healed":0,"gold_gain":0,"player_choice":"Elegance","damage_taken":0,"max_hp_gain":0,"max_hp_loss":0,"event_name":"Back to Basics","floor":30,"gold_loss":0}],"is_beta":false,"boss_relics":[{"not_picked":["Tiny House","Black Star"],"picked":"Pandora\u0027s Box"}],"items_purged_floors":[20],"is_endless":false,"potions_floor_spawned":[1,10,11,16],"killed_by":"Automaton","ascension_level":11}}