{"host":"iy58fyt9wsbv4cf1","time":1609180196,"event":{"mods":["BaseMod","Better Altar","Better Match","Better Skull","Better Third Choice","BetterRewards","Conspire","Custom Start","Defuse TimeMaze Blight","Hubris","Infinite Spire","Minty Spire (QoL Compilation)","Permanent Neow","Quick Restart","Spicy Shops","StSLib","Thieving Mod"],"gold_per_floor":[111,125,142,142,142,142,142,153,200,228,228,241,241,258,258,361,361,375,450,470,370,370,370,370],"floor_reached":23,"playtime":705,"items_purged":["Strike_B","Strike_B"],"score":191,"play_id":"599546cf-7758-4275-a6b0-28e300b0f7a7","local_time":"20201228132956","is_ascension_mode":false,"campfire_choices":[{"data":"Tempest","floor":6,"key":"SMITH"},{"floor":11,"key":"REST"},{"floor":13,"key":"REST"},{"data":"Turbo","floor":15,"key":"SMITH"}],"circlet_count":0,"master_deck":["Strike_B","Strike_B","Defend_B","Defend_B","Defend_B","Defend_B","Zap","Dualcast","Tempest+1","Turbo+1","hubris:Ukulele","Turbo"],"relics":["Cracked Core","conspire:InfiniteJournal","hubris:BallOfYels","hubris:Icosahedron","Bag of Marbles","MutagenicStrength"],"acts_visited":["Exordium","TheCity"],"potions_floor_usage":[10,10,16,23],"damage_taken":[{"damage":1.0,"enemies":"Cultist","floor":1.0,"turns":3.0},{"damage":8,"enemies":"Small Slimes","floor":2,"turns":3},{"damage":1,"enemies":"Jaw Worm","floor":3,"turns":2},{"damage":11,"enemies":"Large Slime","floor":8,"turns":3},{"damage":22,"enemies":"3 Sentries","floor":10,"turns":4},{"damage":2,"enemies":"Blue Slaver","floor":12,"turns":2},{"damage":0,"enemies":"Gremlin Gang","floor":14,"turns":3},{"damage":37,"enemies":"Hexaghost","floor":16,"turns":7},{"damage":2,"enemies":"Shell Parasite","floor":18,"turns":2},{"damage":25,"enemies":"2 Thieves","floor":20,"turns":3},{"damage":61,"enemies":"Book of Stabbing","floor":23,"turns":5}],"seed_played":"4156889715532624053","potions_obtained":[{"floor":2,"key":"Regen Potion"},{"floor":3,"key":"DuplicationPotion"},{"floor":12,"key":"Energy Potion"},{"floor":16,"key":"Fire Potion"},{"floor":20,"key":"LiquidMemories"}],"is_trial":false,"path_per_floor":["M","M","M","?","?","R","?","M","T","E","R","M","R","M","R","B",null,"M","?","M","$","?","E"],"character_chosen":"DEFECT","items_purchased":["conspire:InfiniteJournal","Tempest","hubris:BallOfYels","Turbo"],"campfire_rested":2,"item_purchase_floors":[0,0,0,0],"current_hp_per_floor":[39,31,30,30,30,30,30,19,19,9,31,29,51,51,51,14,75,73,66,41,41,41,0,0],"gold":370,"neow_bonus":"","is_daily":false,"chose_seed":false,"campfire_upgraded":2,"win_rate":0.0,"timestamp":1609180196,"path_taken":["M","M","?","?","?","R","?","M","T","E","R","M","R","M","R","BOSS","M","?","?","?","?","E"],"items_purchased_type":["Relic","Card","Relic","Card"],"build_version":"2020-12-22","purchased_purges":2,"victory":false,"max_hp_per_floor":[75,75,75,75,75,75,75,75,75,75,75,75,75,75,75,75,75,75,75,75,75,75,75,75],"card_choices":[{"not_picked":["hubris:Ukulele","Conserve Battery","Gash"],"picked":"SKIP","floor":1.0},{"not_picked":["hubris:Ukulele","Conserve Battery","Gash"],"picked":"SKIP","floor":1.0},{"not_picked":["Conserve Battery","Gash"],"picked":"hubris:Ukulele","floor":1.0},{"not_picked":["Redo","Streamline","Hologram"],"picked":"SKIP","floor":2},{"not_picked":["Heatsinks","Doom and Gloom"],"picked":"Turbo","floor":3},{"not_picked":["Darkness","Stack","Leap"],"picked":"SKIP","floor":8},{"not_picked":["Streamline","hubris:Ukulele","Hello World"],"picked":"SKIP","floor":10},{"not_picked":["Rebound","Chaos","Hello World"],"picked":"SKIP","floor":12},{"not_picked":["Streamline","Skim","Seek"],"picked":"SKIP","floor":14},{"not_picked":["Go for the Eyes+1","Static Discharge","Barrage"],"picked":"SKIP","floor":18},{"not_picked":["hubris:PowerSurge","Sweeping Beam","Steam+1"],"picked":"SKIP","floor":20}],"player_experience":30171,"relics_obtained":[{"floor":10,"key":"Bag of Marbles"}],"event_choices":[{"damage_healed":0,"gold_gain":0,"player_choice":"Leave","damage_taken":0,"max_hp_gain":0,"max_hp_loss":0,"event_name":"conspire:Investor","floor":5,"gold_loss":0},{"damage_healed":0,"gold_gain":75,"player_choice":"Touch","damage_taken":7,"max_hp_gain":0,"max_hp_loss":0,"event_name":"FaceTrader","floor":19,"gold_loss":0},{"damage_healed":0,"gold_gain":0,"player_choice":"Inject Mutagens","damage_taken":0,"relics_obtained":["MutagenicStrength"],"max_hp_gain":0,"max_hp_loss":0,"event_name":"Drug Dealer","floor":22,"gold_loss":0}],"is_beta":false,"boss_relics":[{"not_picked":["Ectoplasm","Snecko Eye","hubris:GrandSneckoEye"]}],"items_purged_floors":[0,21],"is_endless":false,"potions_floor_spawned":[2,3,12,16,20],"killed_by":"Book of Stabbing","ascension_level":0}}