{"host":"htqwg582tjjtn9p7","time":1609160770,"event":{"mods":["2.2 Compatiblity","AchievementEnabler","Act Like it!","Aspiration","BaseMod","Better Third Choice","Colored Map","Conspire","Curses Come First","Displayed Cursed Tome","Energized Spire","Force Act Four","GifTheSpireLib","Hermit","Highlight Path","JesterMod","Mad Scientist","Minty Spire (QoL Compilation)","Pale of the Ancients","Permanent Neow","Random Character Button","Relic Stats","Replay The Spire","Robot Space Explorer","Somnambulant","Spicy Shops","Spikes Relics","StSLib","Stuff the Spire","The Blue Laboratory","The Disciple","The Dragon Tamer","The Forsaken","The Gatherer","The Judge","The Jungle","The Marked","The Runesmith","The Servant 0.9.4"],"gold_per_floor":[109,138,148,15,15,45,56,56,56,75,104,64,92,103,103,206,206,223,236,236,236,270,16,71,71,124,124,166,19,87,152,152,308,308,338,384,364,395,44,44,104,104,154,209,288,6,6,6,6,26,94,155,213,63,63,107,107,32,32,64],"floor_reached":61,"playtime":2909,"items_purged":["Strike_G","Strike_G","Strike_G","Defend_G"],"score":1484,"play_id":"d67593f2-8f0e-4549-b8f2-d570371f2879","local_time":"20201228140610","is_ascension_mode":false,"campfire_choices":[{"data":"Tactician","floor":8.0,"key":"SMITH"},{"data":"Calculated Gamble","floor":15.0,"key":"SMITH"},{"data":"Calculated Gamble","floor":25.0,"key":"SMITH"},{"floor":27.0,"key":"REST"},{"data":"Apotheosis","floor":40.0,"key":"SMITH"},{"data":"StuffTheSpire:Incursion","floor":42.0,"key":"SMITH"},{"data":"Neutralize","floor":47.0,"key":"SMITH"},{"floor":49.0,"key":"REST"},{"floor":55,"key":"REST"},{"data":"After Image","floor":57,"key":"SMITH"}],"circlet_count":0,"master_deck":["Defend_G","Defend_G","Defend_G","Defend_G","Survivor","Neutralize+1","StuffTheSpire:Injection","Footwork","Blur","ReplayTheSpireMod:Scrap Shanks+1","Tactician+1","Dagger Throw","ReplayTheSpireMod:Scrap Shanks","Reflex","Cloak And Dagger+1","Calculated Gamble+1","Calculated Gamble+1","Burst","Slice","ReplayTheSpireMod:The Works+1","Concentrate+1","Apotheosis+1","ReplayTheSpireMod:Scrap Shanks","After Image+1","Reflex","StuffTheSpire:Incursion+1","Slice+1","Deflect+1","Tactician+1","Blade Dance+1","Reflex"],"relics":["WristBlade","StuffTheSpire:Gunfinga","RollingBoulder","ZombieTooth","Calipers","StuffTheSpire:Nightcore","StuffTheSpire:RunicHypercube","Replay:Bandana","Blood Vial","Art of War","ToxicTincture","TungstenRod","conspire:SlowCooker","Rawhide","HornCleat","Oddly Smooth Stone","Replay:Bottled Flurry","Membership Card","Nunchaku","paleoftheancients:Timepiece","Ice Cream","Gremlin Horn","paleoftheancients:SoulOfTheWokeBloke","StuffTheSpire:CocoNut","Incense Burner","Lizard Tail"],"acts_visited":["Exordium","TheCity","TheBeyond","TheBeyond"],"potions_floor_usage":[52,52,56],"damage_taken":[{"damage":0.0,"enemies":"2 Louse","floor":1.0,"turns":4.0},{"damage":9.0,"enemies":"conspire:MimicChest","floor":2.0,"turns":6.0},{"damage":0.0,"enemies":"Jaw Worm","floor":3.0,"turns":3.0},{"damage":1.0,"enemies":"Replay:BlueRogue","floor":6.0,"turns":5.0},{"damage":0.0,"enemies":"conspire:RoseBush","floor":7.0,"turns":2.0},{"damage":0.0,"enemies":"Exordium Thugs","floor":10.0,"turns":2.0},{"damage":5.0,"enemies":"3 Sentries","floor":11.0,"turns":8.0},{"damage":6.0,"enemies":"Lagavulin","floor":13.0,"turns":4.0},{"damage":0.0,"enemies":"3 Louse","floor":14.0,"turns":2.0},{"damage":1.0,"enemies":"Fading Forest","floor":16.0,"turns":11.0},{"damage":0.0,"enemies":"conspire:FuzzyDice","floor":18.0,"turns":2.0},{"damage":0.0,"enemies":"2 Thieves","floor":19.0,"turns":3.0},{"damage":5.0,"enemies":"Snake Plant","floor":22.0,"turns":2.0},{"damage":17.0,"enemies":"Slavers","floor":24.0,"turns":4.0},{"damage":0.0,"enemies":"Chosen and Byrds","floor":28.0,"turns":2.0},{"damage":0.0,"enemies":"conspire:Head Lice","floor":30.0,"turns":4.0},{"damage":0.0,"enemies":"conspire:HollyBat","floor":31.0,"turns":3.0},{"damage":0.0,"enemies":"Champ","floor":33.0,"turns":4.0},{"damage":6.0,"enemies":"3 Shapes","floor":35.0,"turns":4.0},{"damage":0.0,"enemies":"3 Darklings","floor":36.0,"turns":3.0},{"damage":11.0,"enemies":"4 Shapes","floor":38.0,"turns":4.0},{"damage":2.0,"enemies":"Giant Head","floor":41.0,"turns":3.0},{"damage":0.0,"enemies":"Transient","floor":44.0,"turns":5.0},{"damage":2.0,"enemies":"Awakened One","floor":50.0,"turns":9.0},{"damage":1,"enemies":"Awakened One","floor":51,"turns":5},{"damage":6,"enemies":"Awakened One","floor":52,"turns":6},{"damage":5,"enemies":"Awakened One","floor":56,"turns":2},{"damage":19,"enemies":"paleoftheancients:N","floor":60,"turns":5}],"seed_played":"-515496173424048729","potions_obtained":[{"floor":2.0,"key":"Explosive Potion"},{"floor":3.0,"key":"Energy Potion"},{"floor":6.0,"key":"EssenceOfSteel"},{"floor":16.0,"key":"blueLaboratory:Moonshine"},{"floor":19.0,"key":"blueLaboratory:BlinkPotion"},{"floor":24.0,"key":"Flashbang"},{"floor":36.0,"key":"Reflective Coating"},{"floor":41.0,"key":"blueLaboratory:ArtistsPotion"},{"floor":53,"key":"ColorlessPotion"}],"is_trial":false,"path_per_floor":["M","?","M","$","?","E","M","R","T","M","E","$","E","M","R","B",null,"M","M","?","T","M","$","E","R","T","R","M","$","E","M","R_BF","B",null,"M","M","?","M","$","R","E","R","T","M","T","$","R","?","R_BF","B","M","M","?","$","R","M","R","$","?","B",null],"character_chosen":"THE_SILENT","items_purchased":["ReplayTheSpireMod:Scrap Shanks","Cloak And Dagger+1","Apotheosis","ReplayTheSpireMod:Scrap Shanks","ToxicTincture","Rawhide","Membership Card","Nunchaku","Incense Burner","Lizard Tail"],"campfire_rested":3,"item_purchase_floors":[4,12,23,23,29,39,46,46,54,58],"current_hp_per_floor":[70,61,61,61,61,60,60,60,60,60,55,55,49,49,49,58,70,70,70,70,70,65,65,48,48,48,69,70,70,70,70,70,70,70,64,66,66,57,57,57,57,57,57,59,59,59,59,59,70,70,69,64,55,55,77,72,72,72,72,55],"gold":64,"neow_bonus":"BOSS_RELIC","is_daily":false,"chose_seed":false,"campfire_upgraded":7,"win_rate":0.0,"timestamp":1609160770,"path_taken":["M","?","M","$","?","E","M","R","T","M","E","$","E","?","R","BOSS","M","M","?","?","M","$","E","R","T","R","M","$","E","M","R_BF","BOSS","M","M","?","M","?","R","E","R","T","M","?","$","R","?","R_BF","BOSS","M","M","?","$","R","M","R","$","?","BOSS"],"items_purchased_type":["Card","Card","Card","Card","Relic","Relic","Relic","Relic","Relic","Relic"],"build_version":"2020-12-22","purchased_purges":4,"victory":true,"max_hp_per_floor":[70,70,70,70,70,70,70,70,70,70,70,70,70,70,70,70,70,70,70,70,70,70,70,70,70,70,70,70,70,70,70,70,70,70,70,70,70,70,70,70,70,70,70,70,70,70,70,70,70,70,70,70,77,77,77,77,77,77,77,77],"relic_stats":{"Blood Vial":12,"Nunchaku":[21],"Lizard Tail":0,"Gremlin Horn":[9,10],"counters":[28,116],"Art of War":[5],"obtain_stats":[{"Ice Cream":50,"Calipers":11,"Gremlin Horn":50,"Rawhide":39,"Incense Burner":54,"Blood Vial":24,"StuffTheSpire:Gunfinga":2,"ZombieTooth":9,"Replay:Bandana":21,"Nunchaku":46,"Lizard Tail":58,"HornCleat":41,"WristBlade":0,"RollingBoulder":6,"Replay:Bottled Flurry":45,"StuffTheSpire:Nightcore":13,"Ring of the Snake":0,"StuffTheSpire:RunicHypercube":17,"Oddly Smooth Stone":43,"conspire:SlowCooker":34,"ToxicTincture":29,"paleoftheancients:Timepiece":50,"paleoftheancients:SoulOfTheWokeBloke":52,"StuffTheSpire:CocoNut":53,"Art of War":26,"Membership Card":46,"TungstenRod":30},{"Ice Cream":24,"Calipers":7,"Gremlin Horn":24,"Rawhide":21,"Incense Burner":26,"Blood Vial":14,"StuffTheSpire:Gunfinga":2,"ZombieTooth":5,"Replay:Bandana":12,"Nunchaku":23,"Lizard Tail":27,"HornCleat":22,"WristBlade":0,"RollingBoulder":4,"Replay:Bottled Flurry":23,"StuffTheSpire:Nightcore":8,"Ring of the Snake":0,"StuffTheSpire:RunicHypercube":10,"Oddly Smooth Stone":22,"conspire:SlowCooker":18,"ToxicTincture":15,"paleoftheancients:Timepiece":24,"paleoftheancients:SoulOfTheWokeBloke":26,"StuffTheSpire:CocoNut":26,"Art of War":14,"Membership Card":23,"TungstenRod":16},{"Ice Cream":98,"Calipers":30,"Gremlin Horn":98,"Rawhide":82,"Incense Burner":109,"Blood Vial":58,"StuffTheSpire:Gunfinga":10,"ZombieTooth":20,"Replay:Bandana":52,"Nunchaku":90,"Lizard Tail":111,"HornCleat":85,"WristBlade":0,"RollingBoulder":18,"Replay:Bottled Flurry":90,"StuffTheSpire:Nightcore":34,"Ring of the Snake":0,"StuffTheSpire:RunicHypercube":47,"Oddly Smooth Stone":85,"conspire:SlowCooker":71,"ToxicTincture":60,"paleoftheancients:Timepiece":98,"paleoftheancients:SoulOfTheWokeBloke":109,"StuffTheSpire:CocoNut":109,"Art of War":58,"Membership Card":90,"TungstenRod":64}],"TungstenRod":12},"card_choices":[{"not_picked":["Choke","Dagger Throw"],"picked":"StuffTheSpire:Injection","floor":1.0},{"not_picked":["Deadly Poison","Backflip"],"picked":"Footwork","floor":2.0},{"not_picked":["ReplayTheSpireMod:Speed Training","Deadly Poison"],"picked":"Blur","floor":3.0},{"not_picked":["Masterful Stab","Deflect"],"picked":"Tactician","floor":6.0},{"not_picked":["Deflect","Quick Slash"],"picked":"Dagger Throw","floor":7.0},{"not_picked":["Blade Dance","StuffTheSpire:Python"],"picked":"ReplayTheSpireMod:Scrap Shanks","floor":10.0},{"not_picked":["Atom Bomb","Concentrate"],"picked":"Reflex","floor":11.0},{"not_picked":["Choke","Toxin Wave"],"picked":"Calculated Gamble","floor":13.0},{"not_picked":["PiercingWail","Flying Knee"],"picked":"Calculated Gamble","floor":14.0},{"not_picked":["Night Terror","Poison Darts"],"picked":"Burst","floor":16.0},{"not_picked":["StuffTheSpire:Injection","Quick Slash"],"picked":"Slice","floor":18.0},{"not_picked":["StuffTheSpire:BumpUp","Escape Plan"],"picked":"ReplayTheSpireMod:The Works+1","floor":19.0},{"not_picked":["StuffTheSpire:Injection","StuffTheSpire:Python"],"picked":"Concentrate+1","floor":22.0},{"not_picked":["Slice","Well Laid Plans+1","Cloak And Dagger"],"picked":"SKIP","floor":24.0},{"not_picked":["Sucker Punch","Poisoned Stab+1","StuffTheSpire:Python"],"picked":"SKIP","floor":28.0},{"not_picked":["conspire:DoublingDagger+1","Die Die Die"],"picked":"After Image","floor":30.0},{"not_picked":["Dagger Spray","StuffTheSpire:BumpUp"],"picked":"Reflex","floor":31.0},{"not_picked":["PiercingWail+1","Poisoned Stab+1","Quick Slash"],"picked":"SKIP","floor":35.0},{"not_picked":["Quick Slash+1","StuffTheSpire:BumpUp+1"],"picked":"Slice+1","floor":36.0},{"not_picked":["Slice","Doppelganger"],"picked":"Deflect+1","floor":38.0},{"not_picked":["conspire:DoublingDagger+1","Heel Hook+1"],"picked":"Tactician+1","floor":41.0},{"not_picked":["Prepared","ReplayTheSpireMod:Shiv Toss+1","Hidden Blade+1"],"picked":"SKIP","floor":44.0},{"not_picked":["Leg Sweep","Bane"],"picked":"Blade Dance+1","floor":51},{"not_picked":["ReplayTheSpireMod:From All Sides","Poisoned Stab","Bane"],"picked":"SKIP","floor":52},{"not_picked":["Backstab","Cloak And Dagger"],"picked":"Reflex","floor":53},{"not_picked":["Underhanded Strike+1","StuffTheSpire:Fury+1","Endless Agony"],"picked":"SKIP","floor":56}],"player_experience":1810803,"relics_obtained":[{"floor":2.0,"key":"StuffTheSpire:Gunfinga"},{"floor":6.0,"key":"RollingBoulder"},{"floor":9.0,"key":"ZombieTooth"},{"floor":11.0,"key":"Calipers"},{"floor":13.0,"key":"StuffTheSpire:Nightcore"},{"floor":21.0,"key":"Replay:Bandana"},{"floor":24.0,"key":"Blood Vial"},{"floor":26.0,"key":"Art of War"},{"floor":30.0,"key":"TungstenRod"},{"floor":41.0,"key":"HornCleat"},{"floor":43.0,"key":"Oddly Smooth Stone"},{"floor":45.0,"key":"Replay:Bottled Flurry"},{"floor":52,"key":"paleoftheancients:SoulOfTheWokeBloke"},{"floor":53,"key":"StuffTheSpire:CocoNut"}],"event_choices":[{"damage_healed":0.0,"max_hp_gain":0.0,"max_hp_loss":0.0,"gold_gain":0.0,"event_name":"Accursed Blacksmith","player_choice":"Forge","floor":5.0,"gold_loss":0.0,"damage_taken":0.0,"cards_upgraded":["ReplayTheSpireMod:Scrap Shanks"]},{"damage_healed":0.0,"max_hp_gain":0.0,"max_hp_loss":0.0,"gold_gain":0.0,"event_name":"conspire:Investor","player_choice":"Leave","floor":20.0,"gold_loss":0.0,"damage_taken":0.0},{"damage_healed":0.0,"max_hp_gain":0.0,"max_hp_loss":0.0,"gold_gain":0.0,"event_name":"The Woman in Blue","player_choice":"Bought 1 Potion","floor":37.0,"gold_loss":0.0,"damage_taken":0.0},{"cards_removed":["Strike_G"],"damage_healed":0.0,"max_hp_gain":0.0,"max_hp_loss":0.0,"gold_gain":0.0,"event_name":"Purifier","player_choice":"Purged","floor":48.0,"gold_loss":0.0,"damage_taken":0.0}],"is_beta":false,"boss_relics":[{"not_picked":["Black Star","aspiration:ServantSkillbook"],"picked":"StuffTheSpire:RunicHypercube"},{"not_picked":["jesterMod:MachoBrace","Busted Crown"],"picked":"conspire:SlowCooker"}],"items_purged_floors":[4,39,46,58],"is_endless":false,"potions_floor_spawned":[2,3,6,16,18,19,24,31,36,38,41,56],"ascension_level":0}}