{"host":"6ko66ogg91i6g7xq","time":1609139437,"event":{"mods":["AchievementEnabler","Act Like it!","BaseMod","Colored Map","Colored Powertips","Downfall","Hermit","Minty Spire (QoL Compilation)","Quick Restart","Relic Stats","StSLib","The Jungle","everything is the same but u backflip on backflip"],"gold_per_floor":[116,89,89,89,101,101,136,136,136,164,180,205,205,45,45,147,147,166,40,139,155,155,166,193,193,242,262,141,141,159,177,177,273,273,286,202,225,273,323,354,354,368,368,388,404,419,751,751,751,751,751,751,338,365,365,365],"floor_reached":55,"playtime":2018,"items_purged":["Strike_G"],"score":914,"play_id":"3ca76d53-4d34-4521-bb06-e496d3753dd7","local_time":"20201228021037","is_ascension_mode":true,"campfire_choices":[{"floor":6,"key":"RECALL"},{"data":"Catalyst","floor":8,"key":"SMITH"},{"data":"Deadly Poison","floor":13,"key":"SMITH"},{"data":"Deadly Poison","floor":15,"key":"SMITH"},{"data":"Leg Sweep","floor":29,"key":"SMITH"},{"data":"Neutralize","floor":32,"key":"SMITH"},{"floor":41,"key":"REST"},{"floor":49,"key":"REST"},{"data":"Apotheosis","floor":52,"key":"SMITH"}],"circlet_count":0,"master_deck":["Strike_G","Strike_G","Strike_G","Strike_G","Defend_G","Defend_G","Defend_G","Defend_G","Defend_G","Survivor","Neutralize+1","Deadly Poison","Deadly Poison+1","Catalyst+1","Deadly Poison+1","Leg Sweep+1","Corpse Explosion+1","Deadly Poison","Footwork+1","Backflip","Adrenaline","Apotheosis+1","Heel Hook+1","Master of Strategy","PiercingWail"],"relics":["Ring of the Serpent","NeowsBlessing","FaceOfCleric","Vajra","Calipers","Torii","Membership Card","SlaversCollar","Pantograph","Tiny Chest","Centennial Puzzle","Eternal Feather","Ancient Tea Set","Tingsha","Ice Cream","Lantern","Darkstone Periapt","Old Coin","Bottled Tornado","Art of War","White Beast Statue","StoneCalendar"],"acts_visited":["Exordium","TheCity","TheBeyond","TheEnding"],"potions_floor_usage":[16,24,30,38,38,44,46,54,55,55,55],"damage_taken":[{"damage":0,"enemies":"Jaw Worm","floor":1,"turns":1},{"damage":0,"enemies":"Small Slimes","floor":5,"turns":1},{"damage":0,"enemies":"3 Sentries","floor":7,"turns":2},{"damage":25,"enemies":"Gremlin Nob","floor":10,"turns":4},{"damage":0,"enemies":"Cultist","floor":11,"turns":2},{"damage":8,"enemies":"Lagavulin","floor":12,"turns":4},{"damage":23,"enemies":"The Guardian","floor":16,"turns":8},{"damage":1,"enemies":"3 Byrds","floor":18,"turns":3},{"damage":0,"enemies":"Chosen","floor":21,"turns":3},{"damage":0,"enemies":"3 Cultists","floor":23,"turns":2},{"damage":4,"enemies":"Slavers","floor":24,"turns":3},{"damage":9,"enemies":"Centurion and Healer","floor":27,"turns":3},{"damage":11,"enemies":"Shelled Parasite and Fungi","floor":30,"turns":3},{"damage":6,"enemies":"Snake Plant","floor":31,"turns":3},{"damage":34,"enemies":"Automaton","floor":33,"turns":11},{"damage":16,"enemies":"Orb Walker","floor":35,"turns":4},{"damage":42,"enemies":"2 Orb Walkers","floor":38,"turns":3},{"damage":10,"enemies":"Mind Bloom Boss Battle","floor":39,"turns":8},{"damage":34,"enemies":"Reptomancer","floor":40,"turns":8},{"damage":1,"enemies":"3 Darklings","floor":42,"turns":3},{"damage":0,"enemies":"Transient","floor":44,"turns":5},{"damage":1,"enemies":"Spire Growth","floor":45,"turns":4},{"damage":21,"enemies":"3 Darklings","floor":46,"turns":2},{"damage":18,"enemies":"Nemesis","floor":47,"turns":7},{"damage":38,"enemies":"Time Eater","floor":50,"turns":6},{"damage":1,"enemies":"Shield and Spear","floor":54,"turns":5},{"damage":103,"enemies":"The Heart","floor":55,"turns":9}],"seed_played":"7253300296512352692","potions_obtained":[{"floor":5,"key":"SpeedPotion"},{"floor":12,"key":"Explosive Potion"},{"floor":18,"key":"GhostInAJar"},{"floor":27,"key":"FearPotion"},{"floor":30,"key":"Weak Potion"},{"floor":42,"key":"DuplicationPotion"},{"floor":44,"key":"Block Potion"},{"floor":47,"key":"AttackPotion"},{"floor":54,"key":"Slimebound:ThreeZeroPotion"}],"is_trial":false,"path_per_floor":["M","$","?","?","M","R","E","R","T","E","M","E","R","$","R","B",null,"M","$","?","M","?","M","E","?","T","M","$","R","M","M","R","B",null,"M","$","T","?","?","E","R","M","T","M","M","M","E","T","R","B",null,"R","$","E","B"],"character_chosen":"THE_SILENT","items_purchased":["Deadly Poison","Membership Card","Leg Sweep","Pantograph","Eternal Feather","Apotheosis","Master of Strategy","Art of War","PiercingWail","White Beast Statue","GamblersBrew","Energy Potion"],"campfire_rested":2,"item_purchase_floors":[2,14,14,19,28,36,53,53,53,53,53,53],"current_hp_per_floor":[70,70,70,70,71,71,72,72,72,48,49,42,42,42,42,20,76,76,76,76,77,77,78,75,75,75,67,67,79,69,64,76,50,84,69,69,69,28,44,11,49,49,49,50,50,30,13,13,52,40,94,94,94,94,0,0],"gold":365,"neow_bonus":"THREE_ENEMY_KILL","is_daily":false,"chose_seed":false,"campfire_upgraded":6,"win_rate":0.0,"timestamp":1609139437,"path_taken":["M","$","?","?","?","R","E","R","T","E","M","E","R","$","R","BOSS","M","$","?","M","?","M","E","?","T","?","$","R","M","?","R","BOSS","M","$","?","?","?","E","R","M","T","?","M","M","E","?","R","BOSS","R","$","E","BOSS"],"items_purchased_type":["Card","Relic","Card","Relic","Relic","Card","Card","Relic","Card","Relic","Potion","Potion"],"build_version":"2020-12-22","purchased_purges":1,"victory":false,"max_hp_per_floor":[70,70,70,70,71,71,72,72,72,73,74,75,75,75,75,76,76,77,77,77,78,78,79,80,80,80,81,81,81,82,83,83,84,84,85,85,85,86,87,88,88,89,89,90,91,92,93,93,93,94,94,94,94,95,95,95],"relic_stats":{"Darkstone Periapt":0,"Centennial Puzzle":[45],"FaceOfCleric":25,"Torii":66,"counters":[27,117],"Pantograph":58,"Tiny Chest":2,"Eternal Feather":48,"Tingsha":[30],"StoneCalendar":[52],"Art of War":[4],"obtain_stats":[{"Ice Cream":39,"Darkstone Periapt":43,"Lantern":40,"Calipers":10,"NeowsBlessing":0,"Torii":12,"Vajra":7,"Eternal Feather":28,"Tingsha":38,"StoneCalendar":54,"Bottled Tornado":48,"Ancient Tea Set":37,"White Beast Statue":53,"Old Coin":47,"SlaversCollar":17,"Centennial Puzzle":26,"FaceOfCleric":4,"Pantograph":19,"Tiny Chest":24,"Art of War":53,"Membership Card":14,"Ring of the Serpent":34,"Ring of the Snake":0},{"Ice Cream":18,"Darkstone Periapt":20,"Lantern":19,"Calipers":4,"NeowsBlessing":0,"Torii":6,"Vajra":3,"Eternal Feather":12,"Tingsha":17,"StoneCalendar":26,"Bottled Tornado":24,"Ancient Tea Set":16,"White Beast Statue":25,"Old Coin":24,"SlaversCollar":7,"Centennial Puzzle":11,"FaceOfCleric":1,"Pantograph":8,"Tiny Chest":11,"Art of War":25,"Membership Card":6,"Ring of the Serpent":15,"Ring of the Snake":0},{"Ice Cream":68,"Darkstone Periapt":79,"Lantern":76,"Calipers":8,"NeowsBlessing":0,"Torii":14,"Vajra":4,"Eternal Feather":36,"Tingsha":60,"StoneCalendar":108,"Bottled Tornado":97,"Ancient Tea Set":57,"White Beast Statue":103,"Old Coin":97,"SlaversCollar":22,"Centennial Puzzle":33,"FaceOfCleric":1,"Pantograph":25,"Tiny Chest":33,"Art of War":103,"Membership Card":14,"Ring of the Serpent":53,"Ring of the Snake":0}]},"card_choices":[{"not_picked":["Dagger Throw","Quick Slash","Acrobatics"],"picked":"SKIP","floor":1},{"not_picked":["Eviscerate","Dagger Spray"],"picked":"Deadly Poison","floor":5},{"not_picked":["Poisoned Stab","Sucker Punch"],"picked":"Catalyst","floor":7},{"not_picked":["Poisoned Stab","Accuracy"],"picked":"Deadly Poison","floor":10},{"not_picked":["Well Laid Plans","Expertise","Bane"],"picked":"SKIP","floor":11},{"not_picked":["Backstab","Flechettes","Blade Dance"],"picked":"SKIP","floor":12},{"not_picked":["Die Die Die","Adrenaline"],"picked":"Corpse Explosion","floor":16},{"not_picked":["Quick Slash+1","Sucker Punch"],"picked":"Deadly Poison","floor":18},{"not_picked":["Outmaneuver","Masterful Stab","Dagger Throw"],"picked":"SKIP","floor":21},{"not_picked":["Deadly Poison","Acrobatics","Dagger Throw"],"picked":"SKIP","floor":23},{"not_picked":["Outmaneuver","Unload","Quick Slash+1"],"picked":"SKIP","floor":24},{"not_picked":["Blade Dance+1","Acrobatics"],"picked":"Footwork+1","floor":27},{"not_picked":["Endless Agony","Dagger Spray","Distraction+1"],"picked":"SKIP","floor":30},{"not_picked":["Accuracy","Backflip","Choke"],"picked":"SKIP","floor":31},{"not_picked":["Accuracy","Choke"],"picked":"Backflip","floor":31},{"not_picked":["Malaise","Wraith Form v2"],"picked":"Adrenaline","floor":33},{"not_picked":["Outmaneuver","Prepared+1","Flying Knee"],"picked":"SKIP","floor":35},{"not_picked":["Dagger Throw+1","Cloak And Dagger"],"picked":"Heel Hook+1","floor":39},{"not_picked":["Backflip+1","Prepared","Flechettes"],"picked":"SKIP","floor":40},{"not_picked":["Quick Slash+1","Slice","Terror+1"],"picked":"SKIP","floor":42},{"not_picked":["Cloak And Dagger+1","Bouncing Flask+1","Heel Hook+1"],"picked":"SKIP","floor":44},{"not_picked":["Eviscerate+1","Dagger Throw+1","Poisoned Stab+1"],"picked":"SKIP","floor":45},{"not_picked":["Slice+1","Tactician","Dagger Spray"],"picked":"SKIP","floor":46},{"not_picked":["Prepared+1","Calculated Gamble","Dagger Spray+1"],"picked":"SKIP","floor":47},{"not_picked":["Escape Plan","Cloak And Dagger+1","Heel Hook+1"],"picked":"SKIP","floor":54}],"player_experience":264682,"relics_obtained":[{"floor":7,"key":"Vajra"},{"floor":10,"key":"Calipers"},{"floor":12,"key":"Torii"},{"floor":24,"key":"Tiny Chest"},{"floor":26,"key":"Centennial Puzzle"},{"floor":37,"key":"Ancient Tea Set"},{"floor":38,"key":"Tingsha"},{"floor":39,"key":"Ice Cream"},{"floor":40,"key":"Lantern"},{"floor":43,"key":"Darkstone Periapt"},{"floor":47,"key":"Old Coin"},{"floor":48,"key":"Bottled Tornado"},{"floor":54,"key":"StoneCalendar"}],"event_choices":[{"damage_healed":0,"gold_gain":0,"player_choice":"Ignored","damage_taken":0,"max_hp_gain":0,"max_hp_loss":0,"event_name":"Golden Wing","floor":3,"gold_loss":0},{"damage_healed":0,"gold_gain":0,"player_choice":"Trade","damage_taken":0,"relics_obtained":["FaceOfCleric"],"max_hp_gain":0,"max_hp_loss":0,"event_name":"FaceTrader","floor":4,"gold_loss":0},{"damage_healed":0,"gold_gain":99,"player_choice":"Stole From Cult","damage_taken":0,"max_hp_gain":0,"max_hp_loss":0,"event_name":"Nest","floor":20,"gold_loss":0},{"damage_healed":0,"gold_gain":0,"player_choice":"Ignored","damage_taken":0,"max_hp_gain":0,"max_hp_loss":0,"event_name":"Beggar","floor":22,"gold_loss":0},{"damage_healed":0,"gold_gain":0,"player_choice":"Upgraded","damage_taken":0,"max_hp_gain":0,"max_hp_loss":0,"event_name":"Upgrade Shrine","floor":25,"gold_loss":0,"cards_upgraded":["Corpse Explosion"]},{"damage_healed":0,"gold_gain":0,"player_choice":"Fight","damage_taken":0,"max_hp_gain":0,"max_hp_loss":0,"event_name":"Mysterious Sphere","floor":38,"gold_loss":0},{"damage_healed":0,"gold_gain":0,"player_choice":"Fight","damage_taken":0,"max_hp_gain":0,"max_hp_loss":0,"event_name":"MindBloom","floor":39,"gold_loss":0}],"is_beta":false,"boss_relics":[{"not_picked":["Empty Cage","Astrolabe"],"picked":"SlaversCollar"},{"not_picked":["HoveringKite","Snecko Eye"],"picked":"Ring of the Serpent"}],"items_purged_floors":[53],"is_endless":false,"potions_floor_spawned":[5,12,18,27,30,42,44,47,54],"killed_by":"The Heart","ascension_level":2}}