{"host":"nh8rc3jipwgi5qu3","time":1609160270,"event":{"mods":["Act Like it!","Aspiration","BaseMod","Better Third Choice","Colored Map","Colored Powertips","DeckTracker","Elementarium","Energized Spire","GifTheSpireLib","GungeonMod","Hubris","Humility","Infinite Spire","Ironclad Rager","Lobotomy","Marked Mod","Mimic Mod","Minty Spire (QoL Compilation)","Relic Stats","Replay The Spire","Reworked Bosses","Spikes Relics","StSLib","Stuff the Spire"],"gold_per_floor":[111,123,137,48,60,60,72,72,72],"floor_reached":8,"playtime":1214,"items_purged":[],"score":58,"play_id":"d6262819-f53e-490d-8813-1896314aa3a0","local_time":"20201228135750","is_ascension_mode":true,"campfire_choices":[{"data":"Deep Breath","floor":6,"key":"SMITH"}],"circlet_count":0,"master_deck":["Strike_G","Strike_G","Strike_G","Strike_G","Strike_G","Defend_G","Defend_G","Defend_G","Defend_G","Defend_G","Survivor","Neutralize","Dagger Spray","Backflip","Escape Plan","Deep Breath+1","Accuracy","Predator"],"relics":["Ring of the Snake","aspiration:Nostalgia","Iron Core"],"acts_visited":["Exordium"],"potions_floor_usage":[5,7,8],"damage_taken":[{"damage":0,"enemies":"2 Louse","floor":1,"turns":5},{"damage":6,"enemies":"Small Slimes","floor":2,"turns":5},{"damage":0,"enemies":"Cultist","floor":3,"turns":4},{"damage":0,"enemies":"Red Slaver","floor":5,"turns":6},{"damage":0,"enemies":"2 Fungi Beasts","floor":7,"turns":3},{"damage":86,"enemies":"Gremlin Nob","floor":8,"turns":5}],"seed_played":"4518820410561343319","potions_obtained":[{"floor":2,"key":"BlessingOfTheForge"},{"floor":3,"key":"Languid Potion"},{"floor":7,"key":"Block Potion"}],"is_trial":false,"path_per_floor":["M","M","M","$","M","R","M","E"],"character_chosen":"THE_SILENT","items_purchased":["Deep Breath"],"campfire_rested":0,"item_purchase_floors":[4],"current_hp_per_floor":[70,64,64,64,64,64,64,0,0],"gold":72,"neow_bonus":"NOSTALGIA","is_daily":false,"chose_seed":false,"campfire_upgraded":1,"win_rate":0.0,"timestamp":1609160270,"path_taken":["M","M","M","$","M","R","M","E"],"items_purchased_type":["Card"],"build_version":"2020-12-22","purchased_purges":0,"victory":false,"max_hp_per_floor":[70,70,70,70,70,70,70,70,70],"relic_stats":{"counters":[6,28],"obtain_stats":[{"Iron Core":0,"aspiration:Nostalgia":0,"DemoMod:GlassGuonStoneRelic":3,"Ring of the Snake":0},{"Iron Core":0,"aspiration:Nostalgia":0,"DemoMod:GlassGuonStoneRelic":3,"Ring of the Snake":0},{"Iron Core":0,"aspiration:Nostalgia":0,"DemoMod:GlassGuonStoneRelic":14,"Ring of the Snake":0}],"Ring of the Snake":[12]},"card_choices":[{"not_picked":["Dual Wield","Calculated Gamble"],"picked":"Dagger Spray","floor":1},{"not_picked":["Flechettes","Dagger Spray"],"picked":"Backflip","floor":2},{"not_picked":["Heavy Blade","Acrobatics"],"picked":"Escape Plan","floor":3},{"not_picked":["PiercingWail","Warcry"],"picked":"Accuracy","floor":5},{"not_picked":["Replay:Poison Smokescreen","Anger"],"picked":"Predator","floor":7}],"player_experience":227516,"relics_obtained":[],"event_choices":[],"is_beta":false,"boss_relics":[],"items_purged_floors":[],"is_endless":false,"potions_floor_spawned":[2,3,7],"killed_by":"Gremlin Nob","ascension_level":3}}