{"host":"vcrofm1hbk0ziuql","time":1609135775,"event":{"mods":["2.2 Compatiblity","BaseMod","Colored Map","DeckTracker","Googly Eyes","Highlight Path","Minty Spire (QoL Compilation)","StSLib"],"gold_per_floor":[109,129,129,304,304,304,321,340,340,119,194,194,194,209,209,329,329,347,347,362,32,32,32,45,45,45,57,57,91,91,91,91,190,190,200,214,224,77,92,92,104,104,104,114,114,147,159,171,171,171,171,171,26,61,61],"floor_reached":56,"playtime":3601,"items_purged":["Doubt","Envenom"],"score":1239,"play_id":"ec375191-2e25-4611-8eac-a62f97866eb6","local_time":"20201228060935","is_ascension_mode":false,"campfire_choices":[{"data":"Neutralize","floor":6,"key":"SMITH"},{"data":"Noxious Fumes","floor":13,"key":"SMITH"},{"floor":15,"key":"REST"},{"data":"Adrenaline","floor":23,"key":"SMITH"},{"data":"Doppelganger","floor":25,"key":"SMITH"},{"data":"Dodge and Roll","floor":30,"key":"SMITH"},{"data":"Deflect","floor":32,"key":"SMITH"},{"floor":40,"key":"RECALL"},{"data":"Tactician","floor":42,"key":"SMITH"},{"data":"Adrenaline","floor":45,"key":"SMITH"},{"data":"After Image","floor":49,"key":"SMITH"},{"data":"Choke","floor":52,"key":"SMITH"}],"circlet_count":0,"master_deck":["Survivor","Neutralize+1","Heel Hook","Footwork","Noxious Fumes+1","Backflip","Finesse","Dodge and Roll+1","Doppelganger+1","Adrenaline+1","Outmaneuver","Escape Plan","Corpse Explosion","Glass Knife","Caltrops","Choke+1","Deflect+1","Calculated Gamble+1","Blur","Tactician+1","Footwork+1","After Image+1","Adrenaline+1","Heel Hook","Outmaneuver+1","Backflip","Pain","Acrobatics+1","Predator","Backflip+1","Prepared+1"],"relics":["Ring of the Snake","Eternal Feather","Bronze Scales","Bloody Idol","Pandora\u0027s Box","Tough Bandages","CaptainsWheel","Cursed Key","Regal Pillow","Question Card","Oddly Smooth Stone","Vajra"],"acts_visited":["Exordium","TheCity","TheBeyond","TheEnding"],"potions_floor_usage":[16,16,33,33,41,48,50,50],"damage_taken":[{"damage":0,"enemies":"2 Louse","floor":1,"turns":3},{"damage":0,"enemies":"Small Slimes","floor":2,"turns":3},{"damage":0,"enemies":"Jaw Worm","floor":7,"turns":6},{"damage":5,"enemies":"Looter","floor":8,"turns":5},{"damage":7,"enemies":"3 Louse","floor":14,"turns":3},{"damage":23,"enemies":"Slime Boss","floor":16,"turns":12},{"damage":16,"enemies":"Chosen","floor":18,"turns":5},{"damage":6,"enemies":"Shell Parasite","floor":20,"turns":5},{"damage":0,"enemies":"3 Cultists","floor":24,"turns":3},{"damage":3,"enemies":"Shelled Parasite and Fungi","floor":27,"turns":4},{"damage":2,"enemies":"Slavers","floor":29,"turns":4},{"damage":0,"enemies":"Automaton","floor":33,"turns":10},{"damage":0,"enemies":"Orb Walker","floor":35,"turns":4},{"damage":0,"enemies":"3 Darklings","floor":36,"turns":3},{"damage":0,"enemies":"Jaw Worm Horde","floor":37,"turns":3},{"damage":0,"enemies":"Spire Growth","floor":39,"turns":5},{"damage":0,"enemies":"3 Darklings","floor":41,"turns":4},{"damage":4,"enemies":"4 Shapes","floor":44,"turns":3},{"damage":23,"enemies":"Nemesis","floor":46,"turns":9},{"damage":8,"enemies":"Maw","floor":47,"turns":7},{"damage":6,"enemies":"Sphere and 2 Shapes","floor":48,"turns":5},{"damage":29,"enemies":"Time Eater","floor":50,"turns":17},{"damage":3,"enemies":"Shield and Spear","floor":54,"turns":6},{"damage":40,"enemies":"The Heart","floor":55,"turns":12}],"seed_played":"-692237837597426498","potions_obtained":[{"floor":1,"key":"DuplicationPotion"},{"floor":7,"key":"Poison Potion"},{"floor":14,"key":"Weak Potion"},{"floor":24,"key":"AttackPotion"},{"floor":29,"key":"Swift Potion"},{"floor":33,"key":"Dexterity Potion"},{"floor":36,"key":"Dexterity Potion"},{"floor":44,"key":"AttackPotion"}],"is_trial":false,"path_per_floor":["M","M","?","?","?","R","M","M","T","$","?","?","R","M","R","B",null,"M","?","M","$","?","R","M","R","T","M","$","E","R","?","R","B",null,"M","M","M","$","M","R","M","R","T","M","R","E","M","M","R","B",null,"R","$","E","B",null],"character_chosen":"THE_SILENT","items_purchased":["Backflip","Finesse","Tough Bandages","Tactician","Backflip","Oddly Smooth Stone"],"campfire_rested":1,"item_purchase_floors":[10,10,21,21,38,53],"current_hp_per_floor":[77,77,70,70,52,58,58,53,53,53,42,42,51,44,71,48,71,55,55,54,54,54,66,71,71,71,71,71,71,71,71,71,71,71,71,71,71,71,71,71,71,71,71,71,71,53,50,49,67,38,71,71,71,71,31],"gold":61,"neow_bonus":"TEN_PERCENT_HP_BONUS","is_daily":false,"chose_seed":false,"campfire_upgraded":10,"win_rate":0.0,"timestamp":1609135775,"path_taken":["M","M","?","?","?","R","M","?","T","$","?","?","R","M","R","BOSS","M","?","M","$","?","R","M","R","T","?","?","E","R","?","R","BOSS","M","M","M","$","M","R","M","R","T","M","R","E","M","M","R","BOSS","R","$","E","BOSS"],"items_purchased_type":["Card","Card","Relic","Card","Card","Relic"],"build_version":"2020-12-22","purchased_purges":2,"victory":true,"max_hp_per_floor":[77,77,77,77,77,77,77,77,77,77,77,71,71,71,71,71,71,71,71,71,71,71,71,71,71,71,71,71,71,71,71,71,71,71,71,71,71,71,71,71,71,71,71,71,71,71,71,71,71,71,71,71,71,71,71],"card_choices":[{"not_picked":["Eviscerate","Blade Dance"],"picked":"Heel Hook","floor":1},{"not_picked":["Dagger Spray","Bane"],"picked":"Footwork","floor":2},{"not_picked":["Cloak And Dagger","Slice","Acrobatics"],"picked":"SKIP","floor":7},{"not_picked":["Glass Knife","Deflect"],"picked":"Noxious Fumes","floor":8},{"not_picked":["Deflect","Well Laid Plans"],"picked":"Dodge and Roll","floor":14},{"not_picked":["Glass Knife","Die Die Die"],"picked":"Doppelganger","floor":16},{"not_picked":["Accuracy","Crippling Poison"],"picked":"Calculated Gamble+1","floor":18},{"not_picked":["Bane","Dagger Throw"],"picked":"Blur","floor":20},{"not_picked":["All Out Attack+1","Prepared"],"picked":"Footwork+1","floor":24},{"not_picked":["Cloak And Dagger","Underhanded Strike","Deadly Poison"],"picked":"SKIP","floor":27},{"not_picked":["Blade Dance","Choke"],"picked":"After Image","floor":29},{"not_picked":["Wraith Form v2","Bullet Time"],"picked":"Adrenaline","floor":33},{"not_picked":["Crippling Poison+1","Blade Dance+1","Caltrops+1"],"picked":"SKIP","floor":35},{"not_picked":["Sucker Punch+1","Predator+1"],"picked":"Heel Hook","floor":36},{"not_picked":["Underhanded Strike+1","Poisoned Stab+1"],"picked":"Outmaneuver+1","floor":37},{"not_picked":["Underhanded Strike","Dagger Throw","Outmaneuver"],"picked":"SKIP","floor":39},{"not_picked":["Calculated Gamble+1","Masterful Stab","Sucker Punch+1"],"picked":"SKIP","floor":41},{"not_picked":["Dodge and Roll","Dagger Throw+1"],"picked":"Acrobatics+1","floor":44},{"not_picked":["Dagger Throw","Heel Hook","Blade Dance"],"picked":"SKIP","floor":46},{"not_picked":["Deadly Poison","Dagger Spray+1","After Image"],"picked":"Predator","floor":47},{"not_picked":["Acrobatics","Dagger Throw+1","Flying Knee"],"picked":"Backflip+1","floor":48},{"not_picked":["Die Die Die","Deadly Poison","Noxious Fumes+1"],"picked":"Prepared+1","floor":54}],"player_experience":540697,"relics_obtained":[{"floor":9,"key":"Bronze Scales"},{"floor":29,"key":"CaptainsWheel"},{"floor":43,"key":"Regal Pillow"},{"floor":46,"key":"Question Card"},{"floor":54,"key":"Vajra"}],"event_choices":[{"cards_removed":["Strike_G"],"damage_healed":0,"gold_gain":0,"player_choice":"Card Removal","damage_taken":7,"max_hp_gain":0,"max_hp_loss":0,"event_name":"Golden Wing","floor":3,"gold_loss":0},{"damage_healed":0,"gold_gain":175,"player_choice":"AGREE","damage_taken":0,"max_hp_gain":0,"max_hp_loss":0,"event_name":"Liars Game","floor":4,"gold_loss":0,"cards_obtained":["Doubt"]},{"damage_healed":0,"gold_gain":0,"player_choice":"Success","damage_taken":18,"relics_obtained":["Eternal Feather"],"max_hp_gain":0,"max_hp_loss":0,"event_name":"Scrap Ooze","floor":5,"gold_loss":0},{"damage_healed":0,"gold_gain":75,"player_choice":"Gather Gold","damage_taken":11,"max_hp_gain":0,"max_hp_loss":0,"event_name":"World of Goop","floor":11,"gold_loss":0},{"damage_healed":0,"gold_gain":0,"player_choice":"Lose Max HP","damage_taken":0,"relics_obtained":["Golden Idol"],"max_hp_gain":0,"max_hp_loss":6,"event_name":"Golden Idol","floor":12,"gold_loss":0},{"damage_healed":0,"gold_gain":0,"player_choice":"Gave Idol","damage_taken":0,"relics_obtained":["Bloody Idol"],"max_hp_gain":0,"max_hp_loss":0,"event_name":"Forgotten Altar","floor":19,"relics_lost":["Golden Idol"],"gold_loss":0},{"damage_healed":0,"gold_gain":0,"player_choice":"Ignored","damage_taken":0,"max_hp_gain":0,"max_hp_loss":0,"event_name":"NoteForYourself","floor":22,"gold_loss":0},{"damage_healed":0,"gold_gain":0,"player_choice":"Ignored","damage_taken":0,"max_hp_gain":0,"max_hp_loss":0,"event_name":"Vampires","floor":31,"gold_loss":0}],"is_beta":false,"boss_relics":[{"not_picked":["Empty Cage","Ectoplasm"],"picked":"Pandora\u0027s Box"},{"not_picked":["Velvet Choker","Tiny House"],"picked":"Cursed Key"}],"items_purged_floors":[10,38],"is_endless":false,"potions_floor_spawned":[1,7,14,24,29,33,36,37,44,47],"ascension_level":0}}