{"host":"mi0eibewekhugwl1","time":1609178841,"event":{"mods":["AchievementEnabler","BaseMod","Colored Map","Colored Powertips","DeckTracker","Keyboard Shortcuts","Minty Spire (QoL Compilation)","Quick Restart","Rare Cards Sparkle","Relic Stats","StSLib","SuperFastMode","everything is the same but u backflip on backflip"],"gold_per_floor":[109,109,109,31,45,80,80,101,101,57,57,82,82,82,82,177,177,198,198,183,26,26,62,74,104,116,128,173,55,68,88,88,88,88],"floor_reached":33,"playtime":586,"items_purged":[],"score":616,"play_id":"45075c2c-d257-4f9b-831f-4f1dd819ca51","local_time":"20201229030721","is_ascension_mode":true,"campfire_choices":[{"data":"Zap","floor":7,"key":"SMITH"},{"data":"Defragment","floor":11,"key":"SMITH"},{"data":"Chaos","floor":13,"key":"SMITH"},{"data":"Lockon","floor":15,"key":"SMITH"},{"floor":24,"key":"REST"},{"floor":27,"key":"REST"},{"floor":32,"key":"REST"}],"circlet_count":0,"master_deck":["AscendersBane","Strike_B+1","Strike_B+1","Strike_B+1","Defend_B+1","Defend_B+1","Defend_B+1","Defend_B+1","Zap+1","Dualcast","Lockon+1","Capacitor","Chaos+1","Sweeping Beam","Defragment+1","Static Discharge+1","Creative AI+1","BootSequence","Hello World+1","Darkness+1","Ball Lightning","Defragment+1","FTL","Defragment+1"],"relics":["FrozenCore","NeowsBlessing","Golden Idol","Shovel","Frozen Egg 2","MealTicket","MawBank","Ginger","Happy Flower"],"acts_visited":["Exordium","TheCity"],"potions_floor_usage":[16,23,23,31,31],"damage_taken":[{"damage":0,"enemies":"Small Slimes","floor":1,"turns":1},{"damage":0,"enemies":"2 Louse","floor":5,"turns":1},{"damage":0,"enemies":"Gremlin Nob","floor":6,"turns":1},{"damage":2,"enemies":"Jaw Worm","floor":8,"turns":3},{"damage":14,"enemies":"Exordium Thugs","floor":12,"turns":3},{"damage":25,"enemies":"Hexaghost","floor":16,"turns":4},{"damage":10,"enemies":"Spheric Guardian","floor":18,"turns":5},{"damage":10,"enemies":"2 Thieves","floor":20,"turns":4},{"damage":10,"enemies":"Gremlin Leader","floor":23,"turns":6},{"damage":18,"enemies":"3 Cultists","floor":25,"turns":3},{"damage":45,"enemies":"Slavers","floor":28,"turns":5},{"damage":2,"enemies":"Snecko","floor":30,"turns":7},{"damage":8,"enemies":"Sentry and Sphere","floor":31,"turns":6},{"damage":60,"enemies":"Automaton","floor":33,"turns":8}],"seed_played":"-5115530015122267013","potions_obtained":[{"floor":1,"key":"EssenceOfSteel"},{"floor":6,"key":"SkillPotion"},{"floor":8,"key":"BlessingOfTheForge"},{"floor":20,"key":"Explosive Potion"},{"floor":28,"key":"Regen Potion"}],"is_trial":false,"path_per_floor":["M","?","?","$","M","E","R","M","T","$","R","M","R","?","R","B",null,"M","?","M","$","?","E","R","M","T","R","E","$","M","M","R","B"],"character_chosen":"DEFECT","items_purchased":["Capacitor","Static Discharge+1","MealTicket","Defragment+1","Block Potion"],"campfire_rested":3,"item_purchase_floors":[4,10,21,29,29],"current_hp_per_floor":[64,57,57,57,57,57,57,55,55,55,55,41,41,46,46,21,57,47,47,37,37,37,27,47,29,29,49,4,19,17,23,43,0,0],"gold":88,"neow_bonus":"THREE_ENEMY_KILL","is_daily":false,"chose_seed":false,"campfire_upgraded":4,"win_rate":0.0,"timestamp":1609178841,"path_taken":["M","?","?","?","?","E","R","M","T","$","R","M","R","?","R","BOSS","M","?","M","$","?","E","R","M","T","R","E","$","M","M","R","BOSS"],"items_purchased_type":["Card","Card","Relic","Card","Potion"],"build_version":"2020-12-22","purchased_purges":0,"victory":false,"max_hp_per_floor":[71,71,64,64,64,64,64,64,64,64,64,64,64,69,69,69,69,69,69,69,69,69,69,69,69,69,69,69,69,69,69,69,69,69],"relic_stats":{"Shovel":0,"Happy Flower":[7],"counters":[14,57],"Golden Idol":72,"MealTicket":15,"Ginger":[2],"MawBank":72,"obtain_stats":[{"Shovel":6,"NeowsBlessing":0,"Happy Flower":28,"Golden Idol":3,"MealTicket":21,"Ginger":26,"Frozen Egg 2":9,"Cracked Core":0,"MawBank":23,"FrozenCore":17},{"Shovel":3,"NeowsBlessing":0,"Happy Flower":11,"Golden Idol":1,"MealTicket":8,"Ginger":10,"Frozen Egg 2":4,"Cracked Core":0,"MawBank":9,"FrozenCore":6},{"Shovel":3,"NeowsBlessing":0,"Happy Flower":36,"Golden Idol":1,"MealTicket":22,"Ginger":31,"Frozen Egg 2":6,"Cracked Core":0,"MawBank":28,"FrozenCore":13}],"FrozenCore":[24]},"card_choices":[{"not_picked":["Tempest","Doom and Gloom"],"picked":"Lockon","floor":1},{"not_picked":["Go for the Eyes","Fusion"],"picked":"Chaos","floor":5},{"not_picked":["Barrage","Redo"],"picked":"Sweeping Beam","floor":6},{"not_picked":["Skim","Turbo"],"picked":"Defragment","floor":8},{"not_picked":["Turbo","Consume","Scrape"],"picked":"SKIP","floor":12},{"not_picked":["Echo Form+1","Thunder Strike"],"picked":"Creative AI+1","floor":16},{"not_picked":["Compile Driver","Stack"],"picked":"BootSequence","floor":18},{"not_picked":["Redo","Gash"],"picked":"Hello World+1","floor":20},{"not_picked":["Gash","Streamline"],"picked":"Darkness+1","floor":23},{"not_picked":["BootSequence","Sweeping Beam"],"picked":"Ball Lightning","floor":25},{"not_picked":["Hello World+1","Doom and Gloom","Creative AI+1"],"picked":"SKIP","floor":28},{"not_picked":["Rebound+1","Steam"],"picked":"FTL","floor":30},{"not_picked":["Streamline","Conserve Battery"],"picked":"Defragment+1","floor":31}],"player_experience":1716500,"relics_obtained":[{"floor":6,"key":"Shovel"},{"floor":9,"key":"Frozen Egg 2"},{"floor":23,"key":"MawBank"},{"floor":26,"key":"Ginger"},{"floor":28,"key":"Happy Flower"}],"event_choices":[{"cards_removed":["Strike_B"],"damage_healed":0,"gold_gain":0,"player_choice":"Card Removal","damage_taken":7,"max_hp_gain":0,"max_hp_loss":0,"event_name":"Golden Wing","floor":2,"gold_loss":0},{"damage_healed":0,"gold_gain":0,"player_choice":"Lose Max HP","damage_taken":0,"relics_obtained":["Golden Idol"],"max_hp_gain":0,"max_hp_loss":7,"event_name":"Golden Idol","floor":3,"gold_loss":0},{"damage_healed":0,"gold_gain":0,"player_choice":"Donut","damage_taken":0,"max_hp_gain":5,"max_hp_loss":0,"event_name":"Big Fish","floor":14,"gold_loss":0},{"damage_healed":0,"gold_gain":0,"player_choice":"Simplicity","damage_taken":0,"max_hp_gain":0,"max_hp_loss":0,"event_name":"Back to Basics","floor":19,"gold_loss":0,"cards_upgraded":["Strike_B","Strike_B","Strike_B","Defend_B","Defend_B","Defend_B","Defend_B"]},{"damage_healed":0,"gold_gain":0,"player_choice":"Ignored","damage_taken":0,"max_hp_gain":0,"max_hp_loss":0,"event_name":"Vampires","floor":22,"gold_loss":0}],"is_beta":false,"boss_relics":[{"not_picked":["Tiny House","Runic Dome"],"picked":"FrozenCore"}],"items_purged_floors":[],"is_endless":false,"potions_floor_spawned":[1,6,8,20,28,30],"killed_by":"Automaton","ascension_level":20}}