{"host":"BK","time":1609125296,"event":{"mods":["BaseMod","Highlight Path","Minty Spire (QoL Compilation)","StSLib"],"gold_per_floor":[110,110,110,130,0,32,32,65,88,150,162,162,189,202,202,277,277,291,36,47,47,47,47,78,88,88,88,9,9,19,29,29,103,103,116,116,33,47,47,47],"floor_reached":39,"playtime":1881,"items_purged":["Strike_B","Strike_B"],"score":884,"play_id":"d7ff8c6c-74df-4bcb-baf7-8a3986f6ee2a","local_time":"20201227201456","is_ascension_mode":true,"campfire_choices":[{"data":"Streamline","floor":7,"key":"SMITH"},{"data":"Sweeping Beam","floor":12,"key":"SMITH"},{"floor":15,"key":"REST"},{"floor":23,"key":"REST"},{"floor":27,"key":"REST"},{"floor":32,"key":"REST"}],"circlet_count":0,"master_deck":["AscendersBane","Defend_B","Defend_B","Defend_B","Defend_B","Zap","Dualcast","Undo","Streamline+1","Cold Snap","Sweeping Beam+1","Glacier","Biased Cognition","Defragment+1","Capacitor","Sweeping Beam","Genetic Algorithm","Self Repair","Loop","Doom and Gloom"],"relics":["Cracked Core","NeowsBlessing","Bag of Marbles","Vajra","Boot","Mango","Smiling Mask","Velvet Choker","PreservedInsect","White Beast Statue","Blood Vial","Pantograph","Inserter","MealTicket"],"acts_visited":["Exordium","TheCity","TheBeyond"],"potions_floor_usage":[10,14,16,30,31,33,33,39],"damage_taken":[{"damage":0,"enemies":"Small Slimes","floor":1,"turns":1},{"damage":0,"enemies":"Jaw Worm","floor":4,"turns":1},{"damage":0,"enemies":"Gremlin Nob","floor":6,"turns":1},{"damage":23,"enemies":"Lagavulin","floor":8,"turns":5},{"damage":6,"enemies":"Gremlin Nob","floor":10,"turns":3},{"damage":0,"enemies":"2 Louse","floor":11,"turns":1},{"damage":25,"enemies":"3 Sentries","floor":13,"turns":8},{"damage":0,"enemies":"Blue Slaver","floor":14,"turns":1},{"damage":57,"enemies":"Slime Boss","floor":16,"turns":10},{"damage":15,"enemies":"Shell Parasite","floor":18,"turns":5},{"damage":16,"enemies":"3 Byrds","floor":20,"turns":5},{"damage":10,"enemies":"Book of Stabbing","floor":24,"turns":7},{"damage":51,"enemies":"Cultist and Chosen","floor":25,"turns":9},{"damage":19,"enemies":"Snake Plant","floor":30,"turns":5},{"damage":0,"enemies":"Snecko","floor":31,"turns":8},{"damage":55,"enemies":"Champ","floor":33,"turns":20},{"damage":61,"enemies":"3 Darklings","floor":35,"turns":8},{"damage":12,"enemies":"3 Shapes","floor":38,"turns":4},{"damage":36,"enemies":"3 Darklings","floor":39,"turns":4}],"seed_played":"1465614113777524358","potions_obtained":[{"floor":8,"key":"FairyPotion"},{"floor":13,"key":"Energy Potion"},{"floor":14,"key":"GamblersBrew"},{"floor":20,"key":"PowerPotion"},{"floor":25,"key":"Ancient Potion"},{"floor":30,"key":"Energy Potion"},{"floor":31,"key":"FocusPotion"},{"floor":33,"key":"Dexterity Potion"},{"floor":35,"key":"FearPotion"},{"floor":38,"key":"Dexterity Potion"}],"is_trial":false,"path_per_floor":["M","?","?","M","$","E","R","E","T","?","M","R","E","M","R","B",null,"M","$","M","?","?","R","E","M","T","R","$","T","M","M","R","B",null,"M","?","$","M","M"],"character_chosen":"DEFECT","items_purchased":["ColorlessPotion","PreservedInsect","Capacitor","Self Repair","Loop"],"campfire_rested":4,"item_purchase_floors":[5,19,19,28,37],"current_hp_per_floor":[64,64,64,64,64,64,64,41,41,49,49,49,24,24,49,25,70,55,55,39,39,39,64,54,3,3,28,28,28,18,27,52,31,72,20,20,35,32,0,0],"gold":47,"neow_bonus":"THREE_ENEMY_KILL","is_daily":false,"chose_seed":false,"campfire_upgraded":2,"win_rate":0.0,"timestamp":1609125296,"path_taken":["M","?","?","M","?","E","R","E","T","?","?","R","E","M","R","BOSS","M","?","?","?","?","R","E","M","T","R","$","?","M","M","R","BOSS","M","?","?","M","M"],"items_purchased_type":["Potion","Relic","Card","Card","Card"],"build_version":"2020-12-18","purchased_purges":2,"victory":false,"max_hp_per_floor":[71,71,71,71,71,71,71,71,71,85,85,85,85,85,85,85,85,85,85,85,85,85,85,85,85,85,85,85,85,85,85,85,85,85,85,85,85,85,85,85],"card_choices":[{"not_picked":["Barrage","Loop"],"picked":"Undo","floor":1},{"not_picked":["Stack","Turbo"],"picked":"Streamline","floor":4},{"not_picked":["Go for the Eyes","Beam Cell"],"picked":"Cold Snap","floor":6},{"not_picked":["Hologram","Thunder Strike","Cold Snap"],"picked":"SKIP","floor":8},{"not_picked":["Conserve Battery","Recycle"],"picked":"Sweeping Beam","floor":10},{"not_picked":["Sweeping Beam","Beam Cell","Gash"],"picked":"SKIP","floor":11},{"not_picked":["Tempest","Turbo","Chaos"],"picked":"SKIP","floor":13},{"not_picked":["Streamline","Static Discharge"],"picked":"Glacier","floor":14},{"not_picked":["Echo Form","Machine Learning"],"picked":"Biased Cognition","floor":16},{"not_picked":["Capacitor","Rip and Tear"],"picked":"Defragment+1","floor":18},{"not_picked":["Lockon","Gash","Steam"],"picked":"SKIP","floor":20},{"not_picked":["Steam+1","Cold Snap","Go for the Eyes"],"picked":"SKIP","floor":24},{"not_picked":["Sweeping Beam","Conserve Battery","Aggregate"],"picked":"SKIP","floor":25},{"not_picked":["Beam Cell","Steam","FTL"],"picked":"SKIP","floor":30},{"not_picked":["FTL","Go for the Eyes","Barrage"],"picked":"SKIP","floor":31},{"not_picked":["Conserve Battery+1","Leap","Barrage"],"picked":"SKIP","floor":35},{"not_picked":["Consume","Beam Cell"],"picked":"Doom and Gloom","floor":38}],"player_experience":2449269,"relics_obtained":[{"floor":6,"key":"Bag of Marbles"},{"floor":8,"key":"Vajra"},{"floor":9,"key":"Boot"},{"floor":10,"key":"Mango"},{"floor":13,"key":"Smiling Mask"},{"floor":24,"key":"White Beast Statue"},{"floor":26,"key":"Blood Vial"},{"floor":29,"key":"Pantograph"}],"event_choices":[{"damage_healed":0,"gold_gain":0,"player_choice":"Ignored","damage_taken":0,"max_hp_gain":0,"max_hp_loss":0,"event_name":"Liars Game","floor":2,"gold_loss":0},{"damage_healed":0,"gold_gain":0,"player_choice":"Leave","damage_taken":0,"max_hp_gain":0,"max_hp_loss":0,"event_name":"The Cleric","floor":3,"gold_loss":0},{"damage_healed":0,"gold_gain":0,"player_choice":"Searched \u00271\u0027 times","damage_taken":0,"max_hp_gain":0,"max_hp_loss":0,"event_name":"Dead Adventurer","floor":10,"gold_loss":0},{"damage_healed":0,"gold_gain":0,"cards_transformed":["Strike_B","Strike_B"],"player_choice":"Became Test Subject","damage_taken":0,"max_hp_gain":0,"max_hp_loss":0,"event_name":"Drug Dealer","floor":21,"gold_loss":0,"cards_obtained":["Sweeping Beam","Genetic Algorithm"]},{"damage_healed":0,"gold_gain":0,"player_choice":"Ignored","damage_taken":0,"max_hp_gain":0,"max_hp_loss":0,"event_name":"Cursed Tome","floor":22,"gold_loss":0},{"damage_healed":0,"gold_gain":0,"player_choice":"Gave Potion","damage_taken":0,"relics_obtained":["MealTicket"],"max_hp_gain":0,"max_hp_loss":0,"event_name":"WeMeetAgain","floor":36,"gold_loss":0}],"is_beta":true,"boss_relics":[{"not_picked":["Pandora\u0027s Box","Empty Cage"],"picked":"Velvet Choker"},{"not_picked":["Coffee Dripper","Runic Pyramid"],"picked":"Inserter"}],"items_purged_floors":[5,19],"is_endless":false,"potions_floor_spawned":[8,13,14,20,25,30,31,33,35,38],"killed_by":"3 Darklings","ascension_level":20}}