{"host":"grli52lbdph2722t","time":1609156493,"event":{"mods":["AchievementEnabler","BaseMod","Downfall","Minty Spire (QoL Compilation)","Quick Restart","StSLib"],"gold_per_floor":[99,99,549,824,824,824,870,901,919,930,313,343,268,284,296,393,393,393,404,424,424,424,424],"floor_reached":21,"playtime":965,"items_purged":["Regret"],"score":322,"play_id":"7a3e8a99-e89f-4b40-9b8c-d55effc980f3","local_time":"20201228125453","is_ascension_mode":true,"campfire_choices":[{"data":"champ:Taunt","floor":1,"key":"SMITH"},{"floor":13,"key":"REST"},{"floor":18,"key":"RECALL"}],"circlet_count":0,"master_deck":["champ:Strike","champ:Strike","champ:Strike","champ:Strike","champ:Defend","champ:Defend","champ:Defend","champ:Defend","champ:Execute+1","champ:Taunt+1","champ:FlashCut","Slimebound:Icky","Slimebound:Icky","Slimebound:Icky","champ:FanOfKnives","champ:BladeFlurry","champ:EndlessRage","champ:Aggression","champ:DefensiveStyle","champ:SteelEdge","champ:Duel","champ:Lariat","champ:FocusedBerserking","champ:AdrenalArmor","champ:BerserkersShout","champ:Balance","champ:StrikeOfGenius","champ:Backstep","champ:IronFortress+1"],"relics":["champ:ChampionCrown","downfall:HeartsMalice","Omamori","Unceasing Top","PreservedInsect","Orrery","Blood Vial","Du-Vu Doll","downfall:HeartBlessingGreen","Sozu"],"acts_visited":["Exordium","TheCity"],"potions_floor_usage":[12,12,16,16,16,16,16,16,16,16],"damage_taken":[{"damage":0,"enemies":"Cultist","floor":2,"turns":1},{"damage":0,"enemies":"Jaw Worm","floor":5,"turns":1},{"damage":0,"enemies":"Gremlin Nob","floor":8,"turns":1},{"damage":22,"enemies":"2 Louse","floor":9,"turns":3},{"damage":14,"enemies":"2 Fungi Beasts","floor":10,"turns":4},{"damage":8,"enemies":"downfall:FleeingMerchant","floor":11,"turns":4},{"damage":18,"enemies":"3 Sentries","floor":12,"turns":4},{"damage":24,"enemies":"Lots of Slimes","floor":14,"turns":4},{"damage":11,"enemies":"2 Fungi Beasts","floor":15,"turns":4},{"damage":38,"enemies":"downfall:Silent","floor":16,"turns":6},{"damage":24,"enemies":"Chosen","floor":19,"turns":7},{"damage":18,"enemies":"Shell Parasite","floor":20,"turns":7},{"damage":65,"enemies":"downfall:CharBossIronclad","floor":21,"turns":3}],"seed_played":"-5421339257008835540","potions_obtained":[{"floor":9,"key":"champ:UltimateStancePotion"},{"floor":10,"key":"Strength Potion"},{"floor":14,"key":"EntropicBrew"},{"floor":15,"key":"FearPotion"}],"is_trial":false,"path_per_floor":["R","M","?","?","M","?","T","E","M","M","$","E","R","M","M","B",null,"R","M","M","?"],"character_chosen":"THE_CHAMP","items_purchased":["PreservedInsect","Orrery","Blood Vial","champ:FocusedBerserking"],"campfire_rested":1,"item_purchase_floors":[11,11,11,11],"current_hp_per_floor":[81,81,81,81,81,81,81,81,64,50,47,34,61,43,39,8,70,70,60,58,0,0,0],"gold":424,"neow_bonus":"THREE_ENEMY_KILL","is_daily":false,"chose_seed":false,"campfire_upgraded":1,"win_rate":0.0,"timestamp":1609156493,"path_taken":["R","M","?","?","?","?","T","E","M","?","$","E","R","M","M","BOSS","R","M","M","?"],"items_purchased_type":["Relic","Relic","Relic","Card"],"build_version":"2020-12-22","purchased_purges":1,"victory":false,"max_hp_per_floor":[90,90,90,90,90,90,90,90,90,90,90,90,90,90,90,90,90,90,90,90,90,90,90],"card_choices":[{"not_picked":["champ:BladeFlurry","champ:PerfectedStrike"],"picked":"champ:FlashCut","floor":2},{"not_picked":["champ:RageSigil","champ:Circumvent"],"picked":"champ:FanOfKnives","floor":5},{"not_picked":["champ:Shatter","champ:CrookedStrike"],"picked":"champ:BladeFlurry","floor":8},{"not_picked":["champ:FalseCounter","champ:Circumvent"],"picked":"champ:EndlessRage","floor":9},{"not_picked":["champ:Circumvent","champ:DefensiveShout"],"picked":"champ:Aggression","floor":10},{"not_picked":["champ:ShieldWall","champ:ShieldSigil"],"picked":"champ:DefensiveStyle","floor":11},{"not_picked":["champ:Haymaker","champ:Shatter"],"picked":"champ:SteelEdge","floor":11},{"not_picked":["champ:BerserkerStyle","champ:PerfectedStrike"],"picked":"champ:Duel","floor":11},{"not_picked":["champ:EnGarde","champ:CrookedStrike"],"picked":"champ:Lariat","floor":11},{"not_picked":["champ:FocusedBerserking","champ:DefensiveShout"],"picked":"champ:AdrenalArmor","floor":12},{"not_picked":["champ:DefensiveShout","champ:ShieldSigil"],"picked":"champ:BerserkersShout","floor":14},{"not_picked":["champ:Haymaker","champ:GladiatorsShout"],"picked":"champ:Balance","floor":15},{"not_picked":["champ:LastStand","champ:Improvising"],"picked":"champ:StrikeOfGenius","floor":16},{"not_picked":["champ:RageSigil","champ:FanOfKnives"],"picked":"champ:Backstep","floor":19},{"not_picked":["champ:CrookedStrike","champ:BerserkersShout+1"],"picked":"champ:IronFortress+1","floor":20}],"player_experience":4875763,"relics_obtained":[{"floor":7,"key":"Omamori"},{"floor":8,"key":"Unceasing Top"},{"floor":12,"key":"Du-Vu Doll"}],"event_choices":[{"damage_healed":0,"gold_gain":0,"player_choice":"Upgraded","damage_taken":0,"max_hp_gain":0,"max_hp_loss":0,"event_name":"Upgrade Shrine","floor":6,"gold_loss":0,"cards_upgraded":["champ:Execute"]}],"is_beta":false,"boss_relics":[{"not_picked":["Coffee Dripper","champ:ChampionCrownUpgraded"],"picked":"Sozu"}],"items_purged_floors":[11],"is_endless":false,"potions_floor_spawned":[9,10,14,15,19],"killed_by":"downfall:CharBossIronclad","ascension_level":8}}