{"host":"0rxdudjy6rylha1k","time":1609183867,"event":{"mods":["Aspiration","BaseMod","Colored Map","Colored Powertips","Downfall","Highlight Path","Hubris","Minty Spire (QoL Compilation)","StSLib"],"gold_per_floor":[99,99,99,99,99,24,24,9,9,9,9,21,21,32,43,145,145,145,162,172,82,82,108,153,168,168,93,112,112,126,138,153,254,254,254,268,260,260,197,197,224,243,277,277,385,420,420,444,458,458,458],"floor_reached":50,"playtime":9424,"items_purged":["Injury"],"score":743,"play_id":"449c7372-9d75-4e39-b616-9f510396b574","local_time":"20201228123107","is_ascension_mode":true,"campfire_choices":[{"floor":1,"key":"RECALL"},{"data":"hexamod:EmpoweredFlame","floor":6,"key":"SMITH"},{"data":"hexamod:GhostflameBarrier","floor":11,"key":"SMITH"},{"data":"hexamod:Sear","floor":13,"key":"SMITH"},{"data":"hexamod:AdvancingGuard","floor":18,"key":"SMITH"},{"floor":27,"key":"REST"},{"floor":29,"key":"REST"},{"data":"hexamod:Defend","floor":35,"key":"SMITH"},{"data":"hexamod:Defend","floor":40,"key":"SMITH"},{"data":"hexamod:Defend","floor":44,"key":"SMITH"},{"data":"hexamod:Defend","floor":47,"key":"SMITH"}],"circlet_count":0,"master_deck":["hexamod:Strike","hexamod:Strike","hexamod:Strike","hexamod:Strike","hexamod:Defend+1","hexamod:Defend+1","hexamod:Defend+1","hexamod:Defend+1","hexamod:Sear+1","hexamod:Float+1","hexamod:GhostflameBarrier+1","hexamod:EmpoweredFlame+1","hexamod:BacktrackSmack+1","hexamod:AdvancingGuard+1","hexamod:Firestarter+1","hexamod:EmpoweredFlame+1","hexamod:SpectersWail+1","hexamod:VolcanoVisage+1","hexamod:GhostOfSpirePast+1","hexamod:Incineration+1","hexamod:HeatCrush+1","hexamod:FirstSeal","hexamod:SearingWound+1","hexamod:HeatMetal+1","hexamod:Rewind+1","hexamod:ThirdSeal","hexamod:ExtraCrispy+1","hexamod:GhostOfSpireFuture+1","hexamod:Toasty+1","CurseOfTheBell","hexamod:HeatMetal+1","hexamod:SecondSeal","hexamod:BurningTouch+1","hexamod:BurningTouch+1","hexamod:ThermalTransfer+1","hexamod:NecessarySacrifice+1","hexamod:TimeOfNeed+1","hexamod:EtherealExpedition+1"],"relics":["hexamod:SpiritBrand","downfall:HeartsMalice","Molten Egg 2","downfall:HeartBlessingRed","Frozen Egg 2","hubris:Towel","aspiration:PoetsPen_weak","Toxic Egg 2","downfall:HeartBlessingBlue","Calling Bell","Happy Flower","StrikeDummy","Turnip","Eternal Feather","Nunchaku","hexamod:BolsterEngine","aspiration:ChemicalBlood","downfall:GremlinWheel","aspiration:FetidBarrel"],"acts_visited":["Exordium","TheCity","TheBeyond"],"potions_floor_usage":[16,16,16,28,30,32,33,36,42,46,46,48,48,49,50],"damage_taken":[{"damage":0,"enemies":"Small Slimes","floor":2,"turns":1},{"damage":0,"enemies":"2 Louse","floor":3,"turns":1},{"damage":0,"enemies":"Cultist","floor":5,"turns":1},{"damage":4,"enemies":"downfall:FleeingMerchant","floor":8,"turns":4},{"damage":1,"enemies":"Exordium Thugs","floor":12,"turns":7},{"damage":6,"enemies":"Large Slime","floor":14,"turns":3},{"damage":5,"enemies":"2 Fungi Beasts","floor":15,"turns":4},{"damage":13,"enemies":"downfall:Watcher","floor":16,"turns":6},{"damage":13,"enemies":"Spheric Guardian","floor":19,"turns":4},{"damage":6,"enemies":"3 Byrds","floor":20,"turns":4},{"damage":0,"enemies":"downfall:FleeingMerchant","floor":21,"turns":4},{"damage":38,"enemies":"Book of Stabbing","floor":23,"turns":5},{"damage":11,"enemies":"3 Cultists","floor":25,"turns":4},{"damage":6,"enemies":"Centurion and Healer","floor":28,"turns":4},{"damage":0,"enemies":"Snecko","floor":30,"turns":4},{"damage":12,"enemies":"Snake Plant","floor":31,"turns":3},{"damage":0,"enemies":"3 Cultists","floor":32,"turns":4},{"damage":19,"enemies":"downfall:Ironclad","floor":33,"turns":6},{"damage":35,"enemies":"3 Shapes","floor":36,"turns":3},{"damage":0,"enemies":"downfall:FleeingMerchant","floor":39,"turns":3},{"damage":0,"enemies":"Orb Walker","floor":42,"turns":3},{"damage":23,"enemies":"Reptomancer","floor":43,"turns":7},{"damage":0,"enemies":"Reptomancer","floor":45,"turns":2},{"damage":39,"enemies":"Nemesis","floor":46,"turns":5},{"damage":27,"enemies":"Jaw Worm Horde","floor":48,"turns":4},{"damage":0,"enemies":"Writhing Mass","floor":49,"turns":1},{"damage":39,"enemies":"downfall:Silent","floor":50,"turns":6}],"seed_played":"-2584247140535247472","potions_obtained":[{"floor":12,"key":"LiquidMemories"},{"floor":14,"key":"Block Potion"},{"floor":15,"key":"Fire Potion"},{"floor":25,"key":"Weak Potion"},{"floor":28,"key":"DuplicationPotion"},{"floor":31,"key":"Block Potion"},{"floor":32,"key":"Block Potion"},{"floor":33,"key":"Energy Potion"},{"floor":36,"key":"Block Potion"},{"floor":43,"key":"AttackPotion"},{"floor":45,"key":"Explosive Potion"},{"floor":49,"key":"SkillPotion"}],"is_trial":false,"path_per_floor":["R","M","M","?","M","R","T","$","?","?","R","M","R","M","M","B",null,"R","M","M","$","?","E","T","M","?","R","M","R","M","M","M","B",null,"R","M","?","?","$","R","T","M","E","R","?","E","R","M","M","B"],"character_chosen":"THE_SPIRIT","items_purchased":["Eternal Feather","Nunchaku"],"campfire_rested":2,"item_purchase_floors":[39,39],"current_hp_per_floor":[63,63,63,63,63,63,63,59,59,59,59,58,58,52,47,34,61,61,48,42,42,65,27,27,23,23,57,51,75,75,70,77,65,76,76,48,48,48,55,73,73,73,50,71,71,39,60,33,33,0,0],"gold":458,"neow_bonus":"THREE_ENEMY_KILL","is_daily":false,"chose_seed":false,"campfire_upgraded":8,"win_rate":0.0,"timestamp":1609183867,"path_taken":["R","M","M","?","M","R","T","$","?","?","R","?","R","M","M","BOSS","R","M","M","$","?","E","T","M","?","R","M","R","M","M","M","BOSS","R","M","?","?","$","R","T","M","E","R","?","E","R","?","M","BOSS"],"items_purchased_type":["Relic","Relic"],"build_version":"2020-12-22","purchased_purges":1,"victory":false,"max_hp_per_floor":[70,70,70,70,70,70,70,70,70,70,70,70,70,70,70,70,70,70,70,70,70,70,70,70,70,70,80,80,80,80,80,80,80,80,80,80,80,80,80,80,80,80,80,80,80,80,80,80,80,80,80],"card_choices":[{"not_picked":["hexamod:Hexaguard","hexamod:SwordOfDarkness"],"picked":"hexamod:GhostflameBarrier","floor":2},{"not_picked":["hexamod:GhostOfSpirePresent","hexamod:FastForward"],"picked":"hexamod:EmpoweredFlame","floor":3},{"not_picked":["hexamod:ShieldOfDarkness","hexamod:Hexaguard"],"picked":"hexamod:BacktrackSmack+1","floor":5},{"not_picked":["hexamod:NightmareStrike+1","hexamod:GhostLash+1"],"picked":"hexamod:AdvancingGuard","floor":8},{"not_picked":["hexamod:SuperheatedStrike+1","hexamod:EmpoweredFlame+1"],"picked":"hexamod:Firestarter+1","floor":12},{"not_picked":["hexamod:InspiringFlames","hexamod:ShieldOfDarkness"],"picked":"hexamod:EmpoweredFlame+1","floor":14},{"not_picked":["hexamod:ShieldOfDarkness","hexamod:RainOfEmbers+1"],"picked":"hexamod:SpectersWail+1","floor":15},{"not_picked":["hexamod:TimeOfNeed","hexamod:FifthSeal"],"picked":"hexamod:VolcanoVisage+1","floor":16},{"not_picked":["hexamod:RainOfEmbers+1","hexamod:Again"],"picked":"hexamod:GhostOfSpirePast+1","floor":19},{"not_picked":["hexamod:ThermalTransfer+1","hexamod:RainOfEmbers+1"],"picked":"hexamod:Incineration+1","floor":20},{"not_picked":["hexamod:PhantomFireball+1","hexamod:PowerFromBeyond"],"picked":"hexamod:HeatCrush+1","floor":21},{"not_picked":["hexamod:EmpoweredFlame+1","hexamod:GhostOfSpirePast+1"],"picked":"hexamod:FirstSeal","floor":23},{"not_picked":["hexamod:RainOfEmbers+1","hexamod:GhostLash+1"],"picked":"hexamod:SearingWound+1","floor":25},{"not_picked":["hexamod:SecondSeal","hexamod:ExtraCrispy+1"],"picked":"hexamod:HeatMetal+1","floor":28},{"not_picked":["hexamod:BacktrackSmack+1","hexamod:ChargedBarrage+1"],"picked":"hexamod:Rewind+1","floor":30},{"not_picked":["hexamod:SwordOfDarkness+1","hexamod:DynamicBlow+1"],"picked":"hexamod:ThirdSeal","floor":31},{"not_picked":["hexamod:SwordOfDarkness+1","hexamod:CatchUp+1"],"picked":"hexamod:ExtraCrispy+1","floor":32},{"not_picked":["hexamod:Again+1","hexamod:HauntingEcho+1"],"picked":"hexamod:GhostOfSpireFuture+1","floor":32},{"not_picked":["hexamod:SearingWound+1","hexamod:UnleashSpirits+1"],"picked":"hexamod:Toasty+1","floor":33},{"not_picked":["hexamod:RainOfEmbers+1","hexamod:SkipABeat+1"],"picked":"hexamod:HeatMetal+1","floor":36},{"not_picked":["hexamod:GhostLash+1","hexamod:ThirdSeal","hexamod:HeatShield+1"],"picked":"SKIP","floor":36},{"not_picked":["hexamod:HeatMetal+1","hexamod:GhostShield+1"],"picked":"hexamod:BurningTouch+1","floor":39},{"not_picked":["hexamod:Hexaguard+1","hexamod:BacktrackSmack+1"],"picked":"hexamod:BurningTouch+1","floor":39},{"not_picked":["hexamod:GhostLash+1","hexamod:UnleashSpirits+1"],"picked":"hexamod:ThermalTransfer+1","floor":42},{"not_picked":["hexamod:NightmareStrike+1","hexamod:AdvancingGuard+1","hexamod:BurningTouch+1"],"picked":"SKIP","floor":42},{"not_picked":["hexamod:Firestarter+1","hexamod:SpectersWail+1"],"picked":"hexamod:NecessarySacrifice+1","floor":43},{"not_picked":["hexamod:HauntingEcho+1","hexamod:SwordOfDarkness+1"],"picked":"hexamod:TimeOfNeed+1","floor":46},{"not_picked":["hexamod:DynamicBlow+1","hexamod:GhostOfSpireFuture+1"],"picked":"hexamod:EtherealExpedition+1","floor":46},{"not_picked":["hexamod:GhostShield+1","hexamod:BacktrackSmack+1","hexamod:FastForward+1"],"picked":"SKIP","floor":48},{"not_picked":["hexamod:BurningTouch+1","hexamod:HeatMetal+1","hexamod:SwordOfDarkness+1"],"picked":"SKIP","floor":49}],"player_experience":2380115,"relics_obtained":[{"floor":7,"key":"Frozen Egg 2"},{"floor":23,"key":"Toxic Egg 2"},{"floor":34,"key":"Happy Flower"},{"floor":34,"key":"StrikeDummy"},{"floor":34,"key":"Turnip"},{"floor":41,"key":"hexamod:BolsterEngine"},{"floor":43,"key":"aspiration:ChemicalBlood"},{"floor":45,"key":"downfall:GremlinWheel"},{"floor":46,"key":"aspiration:FetidBarrel"}],"event_choices":[{"damage_healed":0,"gold_gain":0,"player_choice":"Forge","damage_taken":0,"max_hp_gain":0,"max_hp_loss":0,"event_name":"Accursed Blacksmith","floor":10,"gold_loss":0,"cards_upgraded":["hexamod:Float"]},{"damage_healed":23,"gold_gain":0,"player_choice":"Heal","damage_taken":0,"max_hp_gain":0,"max_hp_loss":0,"event_name":"The Library","floor":22,"gold_loss":0},{"damage_healed":0,"gold_gain":0,"player_choice":"Ignored","damage_taken":0,"max_hp_gain":0,"max_hp_loss":0,"event_name":"Mysterious Sphere","floor":38,"gold_loss":0}],"is_beta":false,"boss_relics":[{"not_picked":["hubris:Stopwatch","Fusion Hammer"],"picked":"aspiration:PoetsPen_weak"},{"not_picked":["Snecko Eye","aspiration:FutureDiary"],"picked":"Calling Bell"}],"items_purged_floors":[21],"is_endless":false,"potions_floor_spawned":[12,14,15,25,28,31,32,33,36,43,45,49],"killed_by":"downfall:Silent","ascension_level":6}}