{"host":"p9ipwvgp8zk1gu4u","time":1609115893,"event":{"mods":["Act Like it!","BaseMod","BetterRewards","Block Reminder","Colored Map","Colored Powertips","DeckTracker","Downfall","Gensokyo","Gold Saver","Hermit","Marisa????????","Minty Spire (QoL Compilation)","Nova Terra(??·??)","Relic Filter","Replay The Spire","StSLib","The Alterego","The Bladedancer","The Hierophant","The Servant 0.9.4","TheSwordswoman","Yakumo Yukari mod","Yuri Mod"],"gold_per_floor":[1224,1234,846,861,881,906,906,919,999,961,981,1012,678,691,691,792,792,810,822,802,563,577,577,594,606,606,606,633,643,248,248,248,348,348,361,385,362,374,62,62,62,101,101,131,168,168,210,248,248,282],"floor_reached":51,"playtime":3038,"items_purged":["Offering"],"score":710,"play_id":"0c755208-a70d-45d4-8619-a8106720be10","local_time":"20201227193813","is_ascension_mode":false,"campfire_choices":[{"data":"Heavy Blade","floor":7,"key":"SMITH"},{"floor":15,"key":"REST"},{"data":"ReplayTheSpireMod:LeadingStrike","floor":23,"key":"SMITH"},{"data":"Flex","floor":27,"key":"SMITH"},{"data":"Inflame","floor":32,"key":"SMITH"},{"data":"Flex","floor":41,"key":"SMITH"},{"data":"ReplayTheSpireMod:Muscle Training","floor":46,"key":"SMITH"},{"data":"Pommel Strike","floor":49,"key":"SMITH"}],"circlet_count":0,"master_deck":["Strike_R","Strike_R","Strike_R","Strike_R","Strike_R","Defend_R","Defend_R","Defend_R","Defend_R","Bash+1","Anger","Anger","Shrug It Off","Heavy Blade+1","ReplayTheSpireMod:Muscle Training+1","Shrug It Off","Cleave","ReplayTheSpireMod:LeadingStrike+1","Thunderclap","Clash+1","Clash","Pommel Strike+1","Flex+1","Run Through+1","Thunderclap","Shrug It Off","Inflame+1","Flash of Steel","AbeCurse","Armaments+1","Flex+1","Offering+1","Anger+1"],"relics":["Burning Blood","Membership Card","Tiny Chest","Sundial","Replay:Mystery Machine","Replay:WaspNest","ReplayFunnel","HandDrill","Bronze Scales","Du-Vu Doll","Replay:Bronze Core","Iron Hammer","Pet Ghost","Letter Opener","Vajra","ClockworkSouvenir","Eternal Feather","ReplayTheSpireMod:Lightbulb","Abe\u0027s Treasure","ReplayTheSpireMod:Spearhead","Toxic Egg 2","Replay:Bandana","Ginger"],"acts_visited":["Exordium","TheCity","TheBeyond"],"potions_floor_usage":[6,14,14,16,50,50,50],"damage_taken":[{"damage":6,"enemies":"Cultist","floor":1,"turns":3},{"damage":3,"enemies":"Small Slimes","floor":2,"turns":3},{"damage":11,"enemies":"Jaw Worm","floor":4,"turns":2},{"damage":5,"enemies":"Looter","floor":5,"turns":3},{"damage":30,"enemies":"Lagavulin","floor":6,"turns":7},{"damage":12,"enemies":"Gremlin Gang","floor":8,"turns":5},{"damage":8,"enemies":"Blue Slaver","floor":11,"turns":3},{"damage":27,"enemies":"3 Sentries","floor":12,"turns":6},{"damage":22,"enemies":"Large Slime","floor":14,"turns":4},{"damage":30,"enemies":"The Guardian","floor":16,"turns":8},{"damage":5,"enemies":"3 Byrds","floor":18,"turns":2},{"damage":2,"enemies":"Chosen","floor":19,"turns":4},{"damage":9,"enemies":"Shelled Parasite and Fungi","floor":22,"turns":2},{"damage":1,"enemies":"3 Cultists","floor":24,"turns":3},{"damage":3,"enemies":"Cultist and Chosen","floor":25,"turns":6},{"damage":6,"enemies":"Slavers","floor":28,"turns":2},{"damage":6,"enemies":"Snake Plant","floor":29,"turns":2},{"damage":11,"enemies":"Pondfish","floor":33,"turns":5},{"damage":1,"enemies":"3 Darklings","floor":35,"turns":3},{"damage":10,"enemies":"3 Shapes","floor":38,"turns":3},{"damage":16,"enemies":"Maw","floor":42,"turns":4},{"damage":0,"enemies":"Sphere and 2 Shapes","floor":44,"turns":2},{"damage":8,"enemies":"Transient","floor":45,"turns":5},{"damage":22,"enemies":"Maw","floor":47,"turns":3},{"damage":1,"enemies":"Spire Growth","floor":48,"turns":3},{"damage":56,"enemies":"Replay:Hell Engine","floor":50,"turns":6}],"seed_played":"7485128433218997206","potions_obtained":[{"floor":5,"key":"Adrenaline Potion"},{"floor":8,"key":"Reflective Coating"},{"floor":11,"key":"Cursed Concoction"},{"floor":12,"key":"EssenceOfSteel"},{"floor":28,"key":"Adrenaline Potion"},{"floor":29,"key":"Toxic Potion"},{"floor":33,"key":"PowerPotion"},{"floor":44,"key":"AttackPotion"}],"is_trial":false,"path_per_floor":["M","M","$","M","M","E","R","M","T","?","M","E","$","M","R","B",null,"M","M","?","$","M","R","M","M","T","R","E","M","$","?","R","B",null,"M","T","$","M","$","?","R","M","T","M","M","R","M","M","R","B",null],"character_chosen":"IRONCLAD","items_purchased":["Membership Card","Tiny Chest","Sundial","Anger","HandDrill","Bronze Scales","ReplayTheSpireMod:LeadingStrike","Du-Vu Doll","Iron Hammer","Clash","Pommel Strike","Pet Ghost","ClockworkSouvenir","Eternal Feather","ReplayTheSpireMod:Lightbulb","Inflame","Flash of Steel","Flex","Toxic Egg 2","Replay:Bandana","Offering+1"],"campfire_rested":1,"item_purchase_floors":[3,3,3,3,13,13,13,13,21,21,21,21,30,30,30,30,30,37,39,39,39],"current_hp_per_floor":[80,80,80,75,76,52,52,46,46,46,44,23,23,7,31,7,80,80,80,80,80,77,77,80,80,80,80,80,80,80,80,80,75,80,80,80,80,76,76,76,80,70,70,76,74,80,64,69,80,30],"gold":282,"neow_bonus":"UPGRADE_CARD","is_daily":false,"chose_seed":false,"campfire_upgraded":7,"win_rate":0.0,"timestamp":1609115893,"path_taken":["M","M","$","M","M","E","R","M","T","?","M","E","$","M","R","BOSS","M","M","?","$","M","R","M","M","T","R","E","M","$","?","R","BOSS","M","?","$","M","$","?","R","M","T","M","?","R","M","M","R","BOSS"],"items_purchased_type":["Relic","Relic","Relic","Card","Relic","Relic","Card","Relic","Relic","Card","Card","Relic","Relic","Relic","Relic","Card","Card","Card","Relic","Relic","Card"],"build_version":"2020-12-22","purchased_purges":1,"victory":true,"max_hp_per_floor":[80,80,80,80,80,80,80,80,80,80,80,80,80,80,80,80,80,80,80,80,80,80,80,80,80,80,80,80,80,80,80,80,80,80,80,80,80,80,80,80,80,80,80,80,80,80,80,80,80,80],"card_choices":[{"not_picked":["Heavy Blade","Uppercut"],"picked":"Anger","floor":1},{"not_picked":["Fire Breathing","Rage","Dual Wield"],"picked":"SKIP","floor":2},{"not_picked":["Armaments","Pummel"],"picked":"Shrug It Off","floor":4},{"not_picked":["Sword Boomerang","Twin Strike","Iron Wave"],"picked":"SKIP","floor":5},{"not_picked":["Cleave","Clothesline"],"picked":"Heavy Blade","floor":6},{"not_picked":["True Grit","Anger"],"picked":"ReplayTheSpireMod:Muscle Training","floor":8},{"not_picked":["Spot Weakness","Iron Wave"],"picked":"Shrug It Off","floor":11},{"not_picked":["Wild Strike","Life Link"],"picked":"Cleave","floor":12},{"not_picked":["Carnage","Replay:Undeath\u0027s Touch"],"picked":"Thunderclap","floor":14},{"not_picked":["Berserk","Immolate"],"picked":"Offering","floor":16},{"not_picked":["True Grit","Warcry","Entrench"],"picked":"SKIP","floor":18},{"not_picked":["Rampage+1","Sword Boomerang"],"picked":"Clash+1","floor":19},{"not_picked":["Sever Soul","Body Slam"],"picked":"Flex","floor":22},{"not_picked":["Burning Pact","Clothesline"],"picked":"Run Through+1","floor":24},{"not_picked":["Searing Blow","Power Through"],"picked":"Thunderclap","floor":25},{"not_picked":["Anger","Hemokinesis"],"picked":"Shrug It Off","floor":28},{"not_picked":["ReplayTheSpireMod:LeadingStrike","Thunderclap","Pummel+1"],"picked":"SKIP","floor":29},{"not_picked":["Feel No Pain","Replay:Undeath\u0027s Touch+1"],"picked":"Armaments+1","floor":35},{"not_picked":["Clothesline","Cleave+1","Sword Boomerang"],"picked":"SKIP","floor":38},{"not_picked":["Headbutt","Armaments+1","Shockwave+1"],"picked":"SKIP","floor":42},{"not_picked":["Iron Wave+1","Whirlwind+1","Cleave"],"picked":"SKIP","floor":44},{"not_picked":["Life Link+1","True Grit+1"],"picked":"Anger+1","floor":45},{"not_picked":["Cleave","Disarm+1","Sword Boomerang"],"picked":"SKIP","floor":47},{"not_picked":["Headbutt","Body Slam+1","Double Tap+1"],"picked":"SKIP","floor":48}],"player_experience":324760,"relics_obtained":[{"floor":6,"key":"Replay:Mystery Machine"},{"floor":9,"key":"Replay:WaspNest"},{"floor":12,"key":"ReplayFunnel"},{"floor":26,"key":"Letter Opener"},{"floor":28,"key":"Vajra"},{"floor":36,"key":"ReplayTheSpireMod:Spearhead"},{"floor":43,"key":"Ginger"}],"event_choices":[{"damage_healed":0,"gold_gain":0,"player_choice":"Left Gold","damage_taken":0,"max_hp_gain":0,"max_hp_loss":0,"event_name":"World of Goop","floor":10,"gold_loss":38},{"damage_healed":0,"gold_gain":0,"player_choice":"Ignored","damage_taken":0,"max_hp_gain":0,"max_hp_loss":0,"event_name":"SecretPortal","floor":40,"gold_loss":0}],"is_beta":false,"boss_relics":[{"not_picked":["Coffee Dripper","Ring of Chaos"],"picked":"Replay:Bronze Core"},{"not_picked":["SlaversCollar","Pandora\u0027s Box"],"picked":"Abe\u0027s Treasure"}],"items_purged_floors":[39],"is_endless":false,"potions_floor_spawned":[5,8,11,12,28,29,33,44,47,48],"ascension_level":0}}