{"host":"qzvr69t6v3frb6bz","time":1609192851,"event":{"mods":["Aspiration","BaseMod","Bestiary","Better Altar","Better Match","Better Note","Better Sensory Stone","Better Skull","Better Third Choice","BetterRewards","Colored Map","Colored Powertips","Downfall","Highlight Path","Hubris","Infinite Spire","Minty Spire (QoL Compilation)","Replay The Spire","Shop Mod","StSLib","The Animator","The Bug Knight","The Cursed","The Jungle","The Servant 0.9.4"],"gold_per_floor":[123,147,165,200,200,200,234,234,234,268,268,297,328,347,347,347,347],"floor_reached":16,"playtime":3271,"items_purged":[],"score":194,"play_id":"cf3b6b0e-b82d-45a3-a285-841673786268","local_time":"20201228220051","is_ascension_mode":true,"campfire_choices":[{"data":"animator:SuzuneAmano","floor":6,"key":"SMITH"},{"floor":8,"key":"REST"},{"data":"animator:CowGirl","floor":15,"key":"SMITH"}],"circlet_count":0,"master_deck":["animator:Strike_MadokaMagica","animator:Defend_MadokaMagica","animator:Strike","animator:Strike","animator:Strike","animator:Defend","animator:Defend","animator:Defend","animator:IrohaTamaki","animator:YuiTsuruno","animator:SuzuneAmano+1","animator:GuildGirl","animator:Layla","animator:KyokoSakura","animator:YaoHaDucy","animator:Gillette","Injury","animator:Viivi","animator:CowGirl+1"],"relics":["animator:LivingPicture","animator:TheMissingPiece","animator:PurgingStone","ReplayTheSpireMod:Lightbulb","aspiration:VileToxins","Replay:Mystery Machine","Golden Idol","Peace Pipe"],"acts_visited":["Exordium"],"potions_floor_usage":[10,16],"damage_taken":[{"damage":0,"enemies":"Small Slimes","floor":1,"turns":2},{"damage":0,"enemies":"2 Louse","floor":2,"turns":2},{"damage":2,"enemies":"Jaw Worm","floor":3,"turns":3},{"damage":11,"enemies":"Large Slime","floor":4,"turns":5},{"damage":24,"enemies":"Lagavulin","floor":7,"turns":5},{"damage":8,"enemies":"HollowMod:MossKnight","floor":10,"turns":5},{"damage":5,"enemies":"Blue Slaver","floor":12,"turns":3},{"damage":0,"enemies":"Looter","floor":14,"turns":2},{"damage":53,"enemies":"Fading Forest","floor":16,"turns":9}],"seed_played":"-4205378315905386210","potions_obtained":[{"floor":3,"key":"Reflective Coating"},{"floor":4,"key":"LifebloodPotion"},{"floor":10,"key":"Elixir"},{"floor":12,"key":"AttackPotion"}],"is_trial":false,"path_per_floor":["M","M","M","M","?","R","E","R","T","E","?","M","?","M","R","B"],"character_chosen":"THE_ANIMATOR","items_purchased":["animator:SuzuneAmano"],"campfire_rested":1,"item_purchase_floors":[0],"current_hp_per_floor":[66,66,64,53,53,53,29,48,48,41,41,36,37,37,37,0,0],"gold":347,"neow_bonus":"","is_daily":false,"chose_seed":false,"campfire_upgraded":2,"win_rate":0.0,"timestamp":1609192851,"path_taken":["M","M","M","M","?","R","E","R","T","E","?","M","?","M","R","BOSS"],"items_purchased_type":["Card"],"build_version":"2020-12-22","purchased_purges":0,"victory":false,"max_hp_per_floor":[66,66,66,66,66,66,66,66,66,67,67,67,68,68,68,68,68],"card_choices":[{"not_picked":["animator:AcuraAkari","animator:Geryuganshoop"],"picked":"animator:GuildGirl","floor":1},{"not_picked":["animator:Sebas","animator:LizardPriest"],"picked":"animator:Layla","floor":2},{"not_picked":["animator:UneriGinkaku","animator:WinryRockbell","animator:NarberalGamma"],"picked":"SKIP","floor":3},{"not_picked":["animator:OrikoMikuni","animator:IrohaTamaki"],"picked":"animator:KyokoSakura","floor":4},{"not_picked":["animator:TukaLunaMarceau","animator:Archer"],"picked":"animator:YaoHaDucy","floor":7},{"not_picked":["animator:HomuraAkemi","animator:MetalKnight"],"picked":"animator:Gillette","floor":10},{"not_picked":["animator:KyokoSakura","animator:HighElfArcher"],"picked":"animator:Viivi","floor":12},{"not_picked":["animator:Lancer","animator:Caster"],"picked":"animator:CowGirl","floor":13}],"player_experience":859848,"relics_obtained":[{"floor":7,"key":"aspiration:VileToxins"},{"floor":10,"key":"Replay:Mystery Machine"},{"floor":13,"key":"Peace Pipe"}],"event_choices":[{"damage_healed":0,"gold_gain":0,"player_choice":"Take Wound","damage_taken":0,"relics_obtained":["Golden Idol"],"max_hp_gain":0,"max_hp_loss":0,"event_name":"Golden Idol","floor":11,"gold_loss":0,"cards_obtained":["Injury"]}],"is_beta":false,"boss_relics":[],"items_purged_floors":[],"is_endless":false,"potions_floor_spawned":[3,4,10,12],"killed_by":"Fading Forest","ascension_level":4}}