{"host":"avjwtc49fhlk6kym","time":1609114875,"event":{"mods":["AchievementEnabler","BaseMod","Better Match","Better Note","Better Third Choice","Colored Map","Colored Powertips","Displayed Cursed Tome","Highlight Path","Minty Spire (QoL Compilation)","Permanent Neow","Quick Restart","StSLib"],"gold_per_floor":[111,123,138,152,23,48,13,45,45,45,70,70,170,190,190,287,287,300,317,327,29,29,29,55,55,55,72,72,88,117,217,217,217,217],"floor_reached":33,"playtime":1464,"items_purged":[],"score":432,"play_id":"3072c3ac-9a5f-4600-a31f-3e55240c5980","local_time":"20201227192115","is_ascension_mode":true,"campfire_choices":[{"floor":10.0,"key":"REST"},{"data":"BattleHymn","floor":12.0,"key":"SMITH"},{"data":"CrushJoints","floor":15.0,"key":"SMITH"},{"floor":23.0,"key":"REST"},{"floor":25.0,"key":"REST"},{"data":"Establishment","floor":28.0,"key":"SMITH"},{"floor":32.0,"key":"REST"}],"circlet_count":0,"master_deck":["Strike_P","Strike_P","Strike_P","Strike_P","Defend_P","Defend_P","Defend_P","Eruption","Vigilance","Establishment+1","PathToVictory","Wireheading","ThirdEye","BattleHymn+1","Bandage Up","CarveReality","CrushJoints+1","Halt","Consecrate","LikeWater","Wish","CurseOfTheBell","Swivel+1","Wallop","InnerPeace+1","Shame","Evaluate+1","PathToVictory+1","Judgement+1"],"relics":["PureWater","Lantern","betterThird:SlimedRelic","Regal Pillow","PreservedInsect","Odd Mushroom","Calling Bell","Blood Vial","Toxic Egg 2","Mango","Du-Vu Doll","Singing Bowl","Ice Cream","Shuriken","Centennial Puzzle"],"acts_visited":["Exordium","TheCity"],"potions_floor_usage":[],"damage_taken":[{"damage":0.0,"enemies":"2 Louse","floor":1.0,"turns":1.0},{"damage":0.0,"enemies":"Small Slimes","floor":2.0,"turns":2.0},{"damage":0.0,"enemies":"Cultist","floor":3.0,"turns":2.0},{"damage":9.0,"enemies":"Blue Slaver","floor":4.0,"turns":4.0},{"damage":0.0,"enemies":"Lagavulin","floor":6.0,"turns":4.0},{"damage":24.0,"enemies":"3 Sentries","floor":8.0,"turns":6.0},{"damage":7.0,"enemies":"The Mushroom Lair","floor":11.0,"turns":4.0},{"damage":7.0,"enemies":"Looter","floor":14.0,"turns":2.0},{"damage":0.0,"enemies":"Slime Boss","floor":16.0,"turns":3.0},{"damage":8.0,"enemies":"Chosen","floor":18.0,"turns":4.0},{"damage":23.0,"enemies":"Spheric Guardian","floor":19.0,"turns":5.0},{"damage":14.0,"enemies":"Shelled Parasite and Fungi","floor":20.0,"turns":4.0},{"damage":73.0,"enemies":"Gremlin Leader","floor":24.0,"turns":6.0},{"damage":15.0,"enemies":"3 Cultists","floor":27.0,"turns":5.0},{"damage":26.0,"enemies":"Centurion and Healer","floor":29.0,"turns":6.0},{"damage":21.0,"enemies":"Book of Stabbing","floor":30.0,"turns":5.0},{"damage":64,"enemies":"Automaton","floor":33,"turns":8}],"seed_played":"-4899037020218735914","potions_obtained":[{"floor":6.0,"key":"DuplicationPotion"},{"floor":11.0,"key":"EssenceOfSteel"},{"floor":14.0,"key":"BlessingOfTheForge"},{"floor":16.0,"key":"BlessingOfTheForge"},{"floor":19.0,"key":"Swift Potion"},{"floor":24.0,"key":"BottledMiracle"},{"floor":30.0,"key":"Fire Potion"}],"is_trial":false,"path_per_floor":["M","M","M","M","$","E","?","E","T","R","?","R","?","M","R","B",null,"M","M","M","$","?","R","E","R","T","M","R","M","E","?","R","B"],"character_chosen":"WATCHER","items_purchased":["Bandage Up","CarveReality","Du-Vu Doll"],"campfire_rested":4,"item_purchase_floors":[5,5,21],"current_hp_per_floor":[72,72,72,63,63,67,56,36,36,72,69,69,69,65,65,69,86,82,61,53,53,53,86,19,60,60,51,51,31,12,12,53,0,0],"gold":217,"neow_bonus":"TRANSFORM_CARD","is_daily":false,"chose_seed":false,"campfire_upgraded":3,"win_rate":0.0,"timestamp":1609114875,"path_taken":["M","M","M","M","$","E","?","E","T","R","?","R","?","?","R","BOSS","M","M","M","$","?","R","E","R","T","M","R","M","E","?","R","BOSS"],"items_purchased_type":["Card","Card","Relic"],"build_version":"2020-12-22","purchased_purges":0,"victory":false,"max_hp_per_floor":[72,72,72,72,72,72,72,72,72,72,72,72,72,72,72,72,86,86,86,86,86,86,86,88,88,88,88,88,88,88,88,88,88,88],"card_choices":[{"not_picked":["BowlingBash","CutThroughFate"],"picked":"PathToVictory","floor":1.0},{"not_picked":["FlurryOfBlows","EmptyBody"],"picked":"Wireheading","floor":2.0},{"not_picked":["CutThroughFate","ClearTheMind"],"picked":"ThirdEye","floor":3.0},{"not_picked":["Sanctity","LessonLearned"],"picked":"BattleHymn","floor":4.0},{"not_picked":["FollowUp","ThirdEye"],"picked":"CrushJoints","floor":6.0},{"not_picked":["EmptyFist","Ragnarok"],"picked":"Halt","floor":8.0},{"not_picked":["Perseverance","Crescendo"],"picked":"Consecrate","floor":11.0},{"not_picked":["FollowUp","CrushJoints"],"picked":"LikeWater","floor":14.0},{"not_picked":["Vault","Blasphemy"],"picked":"Wish","floor":16.0},{"not_picked":["WheelKick","ClearTheMind+1"],"picked":"Swivel+1","floor":18.0},{"not_picked":["ClearTheMind+1","PathToVictory+1"],"picked":"Wallop","floor":19.0},{"not_picked":["DeceiveReality+1","TalkToTheHand+1"],"picked":"InnerPeace+1","floor":20.0},{"not_picked":["Halt+1","Pray+1","MentalFortress"],"picked":"Singing Bowl","floor":24.0},{"not_picked":["Halt+1","ThirdEye+1"],"picked":"Evaluate+1","floor":27.0},{"not_picked":["MentalFortress","SashWhip+1"],"picked":"PathToVictory+1","floor":29.0},{"not_picked":["Swivel+1","TalkToTheHand"],"picked":"Judgement+1","floor":30.0}],"player_experience":372280,"relics_obtained":[{"floor":6.0,"key":"Lantern"},{"floor":8.0,"key":"Regal Pillow"},{"floor":9.0,"key":"PreservedInsect"},{"floor":11.0,"key":"Odd Mushroom"},{"floor":17.0,"key":"Blood Vial"},{"floor":17.0,"key":"Toxic Egg 2"},{"floor":17.0,"key":"Mango"},{"floor":24.0,"key":"Ice Cream"},{"floor":26.0,"key":"Shuriken"},{"floor":30.0,"key":"Centennial Puzzle"}],"event_choices":[{"damage_healed":0.0,"max_hp_gain":0.0,"max_hp_loss":0.0,"gold_gain":0.0,"event_name":"betterThird:BetterGoop","player_choice":"Slimed","floor":7.0,"gold_loss":35.0,"damage_taken":11.0},{"damage_healed":0.0,"max_hp_gain":0.0,"max_hp_loss":0.0,"gold_gain":0.0,"event_name":"Mushrooms","player_choice":"Fought Mushrooms","floor":11.0,"gold_loss":0.0,"damage_taken":0.0},{"damage_healed":0.0,"max_hp_gain":0.0,"max_hp_loss":0.0,"gold_gain":100.0,"event_name":"Golden Shrine","player_choice":"Pray","floor":13.0,"gold_loss":0.0,"damage_taken":0.0},{"damage_healed":0.0,"max_hp_gain":0.0,"max_hp_loss":0.0,"gold_gain":0.0,"event_name":"Addict","player_choice":"Stole Relic","floor":22.0,"gold_loss":0.0,"damage_taken":0.0,"relics_obtained":["Singing Bowl"],"cards_obtained":["Shame"]},{"damage_healed":0.0,"max_hp_gain":0.0,"max_hp_loss":0.0,"gold_gain":100.0,"event_name":"Golden Shrine","player_choice":"Pray","floor":31.0,"gold_loss":0.0,"damage_taken":0.0}],"is_beta":false,"boss_relics":[{"not_picked":["SacredBark","Snecko Eye"],"picked":"Calling Bell"}],"items_purged_floors":[],"is_endless":false,"potions_floor_spawned":[6,11,14,16,19,24,30],"killed_by":"Automaton","ascension_level":2}}