{"host":"9ndbo4kgsfoemf7y","time":1609149454,"event":{"mods":["AchievementEnabler","BaseMod","Colored Map","DeckTracker","Keyboard Shortcuts","Minty Spire (QoL Compilation)","Permanent Neow","Quick Restart","Relic Stats","StSLib","SuperFastMode"],"gold_per_floor":[15,33,52,64,79,79,95,95,95,114,114,114,114,42,42,145,145,159,172,189,189,189,189,189],"floor_reached":23,"playtime":787,"items_purged":[],"score":282,"play_id":"d5434635-09f3-48cf-ba97-9e75905a73f5","local_time":"20201228185734","is_ascension_mode":true,"campfire_choices":[{"data":"Self Repair","floor":6,"key":"SMITH"},{"floor":8,"key":"REST"},{"data":"Stack","floor":12,"key":"SMITH"},{"data":"Zap","floor":15,"key":"SMITH"}],"circlet_count":0,"master_deck":["Strike_B","Strike_B","Defend_B","Defend_B","Defend_B","Defend_B","Zap+1","Dualcast","Gash","Self Repair+1","Sweeping Beam","Hologram","Stack+1","Gash","Gash","Beam Cell+1","Scrape","Electrodynamics","Go for the Eyes","Reprogram","Streamline+1","Pain"],"relics":["Cracked Core","Symbiotic Virus","Gambling Chip","Cursed Key","WarpedTongs"],"acts_visited":["Exordium","TheCity"],"potions_floor_usage":[20],"damage_taken":[{"damage":11,"enemies":"2 Louse","floor":1,"turns":3},{"damage":4,"enemies":"Jaw Worm","floor":2,"turns":4},{"damage":8,"enemies":"Cultist","floor":3,"turns":4},{"damage":37,"enemies":"Large Slime","floor":4,"turns":6},{"damage":10,"enemies":"Blue Slaver","floor":5,"turns":4},{"damage":25,"enemies":"Exordium Thugs","floor":7,"turns":5},{"damage":2,"enemies":"3 Louse","floor":10,"turns":3},{"damage":0,"enemies":"Slime Boss","floor":16,"turns":6},{"damage":0,"enemies":"3 Byrds","floor":18,"turns":3},{"damage":1,"enemies":"Spheric Guardian","floor":19,"turns":3},{"damage":29,"enemies":"Snecko","floor":20,"turns":5},{"damage":65,"enemies":"Slavers","floor":23,"turns":3}],"seed_played":"-164325537856270164","potions_obtained":[{"floor":3,"key":"Energy Potion"},{"floor":7,"key":"Dexterity Potion"},{"floor":16,"key":"DuplicationPotion"}],"is_trial":false,"path_per_floor":["M","M","M","M","M","R","M","R","T","M","?","R","?","$","R","B",null,"M","M","M","?","?","E"],"character_chosen":"DEFECT","items_purchased":["Scrape"],"campfire_rested":1,"item_purchase_floors":[14],"current_hp_per_floor":[71,74,73,43,40,40,25,47,47,55,48,48,48,48,48,58,75,75,75,56,56,56,0,0],"gold":189,"neow_bonus":"TRANSFORM_TWO_CARDS","is_daily":false,"chose_seed":false,"campfire_upgraded":3,"win_rate":0.0,"timestamp":1609149454,"path_taken":["M","M","M","M","M","R","M","R","T","M","?","R","?","$","R","BOSS","M","M","?","?","?","E"],"items_purchased_type":["Card"],"build_version":"2020-12-22","purchased_purges":0,"victory":false,"max_hp_per_floor":[75,75,75,75,75,75,75,75,75,75,75,75,75,75,75,75,75,75,75,75,75,75,75,75],"relic_stats":{"counters":[12,49],"Gambling Chip":[15],"Cursed Key":0,"obtain_stats":[{"Gambling Chip":11,"Cracked Core":0,"Symbiotic Virus":9,"Cursed Key":17,"WarpedTongs":22},{"Gambling Chip":7,"Cracked Core":0,"Symbiotic Virus":6,"Cursed Key":8,"WarpedTongs":11},{"Gambling Chip":29,"Cracked Core":0,"Symbiotic Virus":26,"Cursed Key":35,"WarpedTongs":46}],"WarpedTongs":[3]},"card_choices":[{"not_picked":["Turbo","Compile Driver"],"picked":"Sweeping Beam","floor":1},{"not_picked":["Auto Shields","Barrage"],"picked":"Hologram","floor":2},{"not_picked":["Turbo","Coolheaded"],"picked":"Stack","floor":3},{"not_picked":["Steam Power","Recycle"],"picked":"Gash","floor":4},{"not_picked":["Biased Cognition","Conserve Battery"],"picked":"Gash","floor":5},{"not_picked":["Steam Power","Lockon","Redo"],"picked":"SKIP","floor":7},{"not_picked":["Reinforced Body","Steam"],"picked":"Beam Cell","floor":10},{"not_picked":["Thunder Strike","Reboot"],"picked":"Electrodynamics","floor":16},{"not_picked":["Blizzard","Hologram"],"picked":"Go for the Eyes","floor":18},{"not_picked":["Ball Lightning+1","Steam"],"picked":"Reprogram","floor":19},{"not_picked":["Steam Power","Stack+1"],"picked":"Streamline+1","floor":20}],"player_experience":759502,"relics_obtained":[{"floor":9,"key":"Symbiotic Virus"}],"event_choices":[{"damage_healed":0,"gold_gain":0,"player_choice":"Success","damage_taken":7,"relics_obtained":["Gambling Chip"],"max_hp_gain":0,"max_hp_loss":0,"event_name":"Scrap Ooze","floor":11,"gold_loss":0},{"damage_healed":0,"gold_gain":0,"player_choice":"Upgraded","damage_taken":0,"max_hp_gain":0,"max_hp_loss":0,"event_name":"Upgrade Shrine","floor":13,"gold_loss":0,"cards_upgraded":["Beam Cell"]},{"damage_healed":0,"gold_gain":0,"player_choice":"Ignored","damage_taken":0,"max_hp_gain":0,"max_hp_loss":0,"event_name":"Vampires","floor":21,"gold_loss":0},{"damage_healed":0,"gold_gain":0,"player_choice":"Rummage","damage_taken":0,"relics_obtained":["WarpedTongs"],"max_hp_gain":0,"max_hp_loss":0,"event_name":"Accursed Blacksmith","floor":22,"gold_loss":0,"cards_obtained":["Pain"]}],"is_beta":false,"boss_relics":[{"not_picked":["Busted Crown","Philosopher\u0027s Stone"],"picked":"Cursed Key"}],"items_purged_floors":[],"is_endless":false,"potions_floor_spawned":[3,7,16,18],"killed_by":"Slavers","ascension_level":4}}