{"host":"id3qf6v2yl1bmj05","time":1609130358,"event":{"mods":["Act Like it!","Aspiration","Bard","BaseMod","BetterRewards","Dio Mod","Downfall","Hallownest","Hermit","Jorbs\u0027s Wanderer Trilogy","Lobotomy","Marisa????????","Minty Spire (QoL Compilation)","READ ME - Guardian Mod","READ ME - Snecko Mod","Random Character Mod","Shop Mod","StSLib","The Bug Knight","The Cursed","The Disciple","The Dragon Tamer","The Judge","The Marked","The Necromancer","The Runesmith","The Servant 0.9.4","The Wild Card","TheArtist","TheBandit","TheFirefly","TheHero"],"gold_per_floor":[99,109,109,122,122,47,115,141,154,79,99,128,128,145,163,268,268,268,279,293,293,293,293,293,0,17,36,36,50,68,53,64,169,169,169,181,196,213,213,213,213],"floor_reached":39,"playtime":3442,"items_purged":["Pain"],"score":447,"play_id":"63100160-d222-4bd6-9bd4-f606086e022e","local_time":"20201227233918","is_ascension_mode":false,"campfire_choices":[{"floor":1.0,"key":"RECALL"},{"data":"Slimebound:Split","floor":6.0,"key":"SMITH"},{"floor":10.0,"key":"REST"},{"data":"Slimebound:FirmFortitude","floor":13.0,"key":"SMITH"},{"data":"Slimebound:DuplicatedForm","floor":18.0,"key":"SMITH"},{"data":"Slimebound:Gluttony","floor":23.0,"key":"SMITH"},{"floor":28.0,"key":"REST"},{"data":"Slimebound:OozeBath","floor":35,"key":"SMITH"}],"circlet_count":0,"master_deck":["Slimebound:Strike_Slimebound","Slimebound:Strike_Slimebound","Slimebound:Strike_Slimebound","Slimebound:Tackle","Slimebound:Defend_Slimebound","Slimebound:Defend_Slimebound","Slimebound:Defend_Slimebound","Slimebound:Defend_Slimebound","Slimebound:Split+1","Slimebound:CorrosiveSpit","Slimebound:SamplingLick","Regret","Slimebound:LeadByExample","Slimebound:LeechingTouch","Slimebound:SlimeSpikes","Slimebound:FirmFortitude+1","Slimebound:FlameTackle","Slimebound:SamplingLick","Slimebound:SplitBruiser","Slimebound:DuplicatedForm+1","Slimebound:Gluttony+1","Slimebound:AcidTongue","Slimebound:Schlurp","expansioncontent:QuickStudy","Slimebound:LeechingTouch+1","Slimebound:ForwardTackle","Slimebound:RollThrough+1","Slimebound:SamplingLick","Slimebound:LeechEnergy","Slimebound:OozeBath+1","Slimebound:Schlurp+1","Slimebound:ProtectTheBoss+1","Slimebound:SlimeSpikes+1"],"relics":["Slimebound:AbsorbEndCombatUpgraded","Mercury Hourglass","WarpedTongs","downfall:HeartBlessingRed","Toy Ornithopter","downfall:HeartBlessingBlue","Eternal Feather","Snecko Eye","Bag of Marbles","Membership Card"],"acts_visited":["Exordium","TheCity","TheBeyond"],"potions_floor_usage":[33,33,33],"damage_taken":[{"damage":7.0,"enemies":"Cultist","floor":2.0,"turns":3.0},{"damage":11.0,"enemies":"Jaw Worm","floor":4.0,"turns":2.0},{"damage":43.0,"enemies":"Lagavulin","floor":8.0,"turns":5.0},{"damage":11.0,"enemies":"Small Slimes","floor":9.0,"turns":3.0},{"damage":13.0,"enemies":"Red Slaver","floor":11.0,"turns":3.0},{"damage":14.0,"enemies":"HollowMod:MossKnight","floor":12.0,"turns":6.0},{"damage":19.0,"enemies":"Blue Slaver","floor":14.0,"turns":3.0},{"damage":0.0,"enemies":"2 Fungi Beasts","floor":15.0,"turns":3.0},{"damage":51.0,"enemies":"downfall:Defect","floor":16.0,"turns":6.0},{"damage":43.0,"enemies":"Chosen","floor":19.0,"turns":3.0},{"damage":26.0,"enemies":"Snecko","floor":20.0,"turns":4.0},{"damage":45.0,"enemies":"downfall:FleeingMerchant","floor":25.0,"turns":4.0},{"damage":34.0,"enemies":"Snake Plant","floor":26.0,"turns":2.0},{"damage":25.0,"enemies":"Chosen and Byrds","floor":27.0,"turns":4.0},{"damage":42.0,"enemies":"Centurion and Healer","floor":29.0,"turns":3.0},{"damage":36.0,"enemies":"3 Cultists","floor":30.0,"turns":4.0},{"damage":28.0,"enemies":"downfall:FleeingMerchant","floor":31.0,"turns":4.0},{"damage":19,"enemies":"Snecko","floor":32,"turns":5},{"damage":73,"enemies":"downfall:Watcher","floor":33,"turns":7},{"damage":24,"enemies":"Orb Walker","floor":36,"turns":4},{"damage":44,"enemies":"3 Shapes","floor":37,"turns":4},{"damage":45,"enemies":"Spire Growth","floor":38,"turns":5},{"damage":33,"enemies":"downfall:FleeingMerchant","floor":39,"turns":2}],"seed_played":"-757337245493403637","potions_obtained":[{"floor":2.0,"key":"BlessingOfTheForge"},{"floor":9.0,"key":"DuplicationPotion"},{"floor":14.0,"key":"Slimebound:ThreeZeroPotion"},{"floor":15.0,"key":"BlessingOfTheForge"},{"floor":22.0,"key":"LiquidMemories"},{"floor":22.0,"key":"LiquidMemories"},{"floor":26.0,"key":"champ:CounterPotion"},{"floor":29.0,"key":"sneckomod:MuddlingPotion"},{"floor":30.0,"key":"Regen Potion"}],"is_trial":false,"path_per_floor":["R","M","?","M","?","R","T","E","M","R","M","E","R","M","M","B",null,"R","M","M","?","?","R","T","$","M","M","R","M","M","$","M","B",null,"R","M","M","M","$"],"character_chosen":"SLIMEBOUND","items_purchased":["Membership Card","expansioncontent:QuickStudy"],"campfire_rested":2,"item_purchase_floors":[25,25],"current_hp_per_floor":[66,65,65,61,61,61,61,36,35,67,64,64,73,58,62,45,76,76,64,61,61,61,73,73,57,38,40,76,67,62,63,61,39,76,76,52,31,33,0,0,0],"gold":213,"neow_bonus":"TEN_PERCENT_HP_BONUS","is_daily":false,"chose_seed":false,"campfire_upgraded":5,"win_rate":0.0,"timestamp":1609130358,"path_taken":["R","?","?","M","?","R","T","E","?","R","M","E","R","?","M","BOSS","R","M","M","?","?","R","T","$","?","M","R","M","M","?","M","BOSS","R","M","M","M","$"],"items_purchased_type":["Relic","Card"],"build_version":"2020-12-22","purchased_purges":1,"victory":false,"max_hp_per_floor":[66,66,66,66,66,66,66,66,66,76,76,76,76,76,76,76,76,76,76,76,76,76,76,76,76,76,76,76,76,76,76,76,76,76,76,76,76,76,76,76,76],"card_choices":[{"not_picked":["Slimebound:MegaLick","Slimebound:FinishingTackle"],"picked":"Slimebound:SamplingLick","floor":2.0},{"not_picked":["Slimebound:GoopSpray","Slimebound:RainOfGoop"],"picked":"Slimebound:LeadByExample","floor":4.0},{"not_picked":["Slimebound:Prepare","Slimebound:Overexert"],"picked":"Slimebound:LeechingTouch","floor":8.0},{"not_picked":["Slimebound:Schlurp","Slimebound:GoopSpray"],"picked":"Slimebound:SlimeSpikes","floor":9.0},{"not_picked":["Slimebound:ComboTackle","Slimebound:FinishingTackle"],"picked":"Slimebound:FirmFortitude","floor":11.0},{"not_picked":["Slimebound:WasteNot","Slimebound:FirmFortitude"],"picked":"Slimebound:FlameTackle","floor":12.0},{"not_picked":["Slimebound:GoopSpray","Slimebound:SpikyOuterGoop"],"picked":"Slimebound:SamplingLick","floor":14.0},{"not_picked":["Slimebound:LeadByExample","Slimebound:LivingWall"],"picked":"Slimebound:SplitBruiser","floor":15.0},{"not_picked":["Slimebound:SlimeSlap","Slimebound:OneTwoCombo"],"picked":"Slimebound:DuplicatedForm","floor":16.0},{"not_picked":["Slimebound:Dissolve","Slimebound:GrowthPunch"],"picked":"Slimebound:Gluttony","floor":19.0},{"not_picked":["Slimebound:FlameTackle","Slimebound:SamplingLick"],"picked":"Slimebound:AcidTongue","floor":20.0},{"not_picked":["Slimebound:AcidTongue","Slimebound:SplitAcid"],"picked":"Slimebound:Schlurp","floor":25.0},{"not_picked":["Slimebound:GoopSpray","Slimebound:GoopTackle"],"picked":"Slimebound:LeechingTouch+1","floor":26.0},{"not_picked":["Slimebound:GoopSpray","Slimebound:SlimeBrawl+1"],"picked":"Slimebound:ForwardTackle","floor":27.0},{"not_picked":["Slimebound:SplitMire","Slimebound:SplitLeeching"],"picked":"Slimebound:RollThrough+1","floor":29.0},{"not_picked":["Slimebound:FinishingTackle","Slimebound:SplitLeeching"],"picked":"Slimebound:SamplingLick","floor":30.0},{"not_picked":["Slimebound:RallyTheTroops","Slimebound:ItLooksTasty"],"picked":"Slimebound:LeechEnergy","floor":32},{"not_picked":["Slimebound:Teamwork","Slimebound:SelfFormingGoo"],"picked":"Slimebound:OozeBath","floor":33},{"not_picked":["Slimebound:FinishingTackle+1","Slimebound:ViciousTackle+1"],"picked":"Slimebound:Schlurp+1","floor":36},{"not_picked":["Slimebound:LeechEnergy+1","Slimebound:Schlurp"],"picked":"Slimebound:ProtectTheBoss+1","floor":37},{"not_picked":["Slimebound:SplitBruiser","Slimebound:ViciousTackle"],"picked":"Slimebound:SlimeSpikes+1","floor":38}],"player_experience":86456,"relics_obtained":[{"floor":8.0,"key":"Toy Ornithopter"},{"floor":12.0,"key":"Eternal Feather"},{"floor":24.0,"key":"Bag of Marbles"}],"event_choices":[{"damage_healed":0.0,"max_hp_gain":0.0,"max_hp_loss":0.0,"gold_gain":0.0,"event_name":"Big Fish","player_choice":"Box","floor":3.0,"gold_loss":0.0,"damage_taken":0.0,"relics_obtained":["Mercury Hourglass"],"cards_obtained":["Regret"]},{"damage_healed":0.0,"max_hp_gain":0.0,"max_hp_loss":0.0,"gold_gain":0.0,"event_name":"Accursed Blacksmith","player_choice":"Rummage","floor":5.0,"gold_loss":0.0,"damage_taken":0.0,"relics_obtained":["WarpedTongs"],"cards_obtained":["Pain"]},{"damage_healed":0.0,"max_hp_gain":0.0,"max_hp_loss":0.0,"gold_gain":0.0,"event_name":"Lab","player_choice":"Got Potions","floor":22.0,"gold_loss":0.0,"damage_taken":0.0}],"is_beta":false,"boss_relics":[{"not_picked":["Tiny House","SlaversCollar"],"picked":"Snecko Eye"},{"not_picked":["aspiration:RunicSpoon","Runic Dome"],"picked":"Slimebound:AbsorbEndCombatUpgraded"}],"items_purged_floors":[25],"is_endless":false,"potions_floor_spawned":[2,9,14,15,26,27,29,30],"killed_by":"downfall:FleeingMerchant","ascension_level":0}}