{"host":"wy23tj84iquxuyyu","time":1609123356,"event":{"mods":["Aspiration","BaseMod","Better Note","Colored Map","Fireblade Mod","Hermit","Marked Mod","Minty Spire (QoL Compilation)","Random Character Button","Rare Cards Sparkle","Relic Stats","Replay The Spire","Retaliation","Spicy Shops","StSLib","The Cursed","The Death Knight","The Necromancer","Trackpad"],"gold_per_floor":[119,119,132,144,144,144,164,164,164,180,193,124,136,151,151,248,248,259,270,68,68,82,82,117,142,142,142,57,57,74,84,84,180,180,192,209,209,209,209],"floor_reached":38,"playtime":1541,"items_purged":["Defend_B"],"score":390,"play_id":"59275ab2-6fab-4854-906f-79df3a846a35","local_time":"20201227214236","is_ascension_mode":false,"campfire_choices":[{"data":"Specialist","floor":6.0,"key":"SMITH"},{"data":"Tempest","floor":8.0,"key":"SMITH"},{"floor":15.0,"key":"REST"},{"floor":23,"key":"REST"},{"floor":29,"key":"REST"},{"floor":32,"key":"REST"}],"circlet_count":0,"master_deck":["Strike_B","Defend_B","Defend_B","Defend_B","Zap","Dualcast","Specialist+1","aspiration:Polymerization","Double Energy","Zap","Tempest+1","Ball Lightning","Static Discharge","Redo","Conserve Battery","Electrodynamics","Loop","Chill","Ball Lightning","All For One","Storm+1","Static Discharge","Thunder Strike","Capacitor+1","FIFO Queue+1","Skim"],"relics":["Cracked Core","aspiration:AnachronicSnailShell","trackpad:NeutrinoGenerator","BargainBundle","Pantograph","Red Mask","Calipers","Cursed Key"],"acts_visited":["Exordium","TheCity","TheBeyond"],"potions_floor_usage":[24,24,24,24,31,33],"damage_taken":[{"damage":0.0,"enemies":"Small Slimes","floor":1.0,"turns":3.0},{"damage":0.0,"enemies":"2 Louse","floor":3.0,"turns":2.0},{"damage":0.0,"enemies":"Cultist","floor":4.0,"turns":3.0},{"damage":11.0,"enemies":"3 Louse","floor":7.0,"turns":2.0},{"damage":8.0,"enemies":"Red Slaver","floor":10.0,"turns":2.0},{"damage":0.0,"enemies":"Large Slime","floor":11.0,"turns":3.0},{"damage":6.0,"enemies":"Exordium Wildlife","floor":13.0,"turns":3.0},{"damage":10.0,"enemies":"Lots of Slimes","floor":14.0,"turns":2.0},{"damage":71.0,"enemies":"Fading Forest","floor":16.0,"turns":11.0},{"damage":6.0,"enemies":"Chosen","floor":18.0,"turns":3.0},{"damage":8.0,"enemies":"Shell Parasite","floor":19.0,"turns":3.0},{"damage":21,"enemies":"Centurion and Healer","floor":22,"turns":5},{"damage":19,"enemies":"Slavers","floor":24,"turns":3},{"damage":0,"enemies":"Masked Bandits","floor":25,"turns":3},{"damage":24,"enemies":"Shelled Parasite and Fungi","floor":30,"turns":5},{"damage":4,"enemies":"Snecko","floor":31,"turns":4},{"damage":68,"enemies":"Pondfish","floor":33,"turns":7},{"damage":23,"enemies":"3 Darklings","floor":35,"turns":3},{"damage":12,"enemies":"Orb Walker","floor":36,"turns":2},{"damage":41,"enemies":"Spire Growth","floor":38,"turns":3}],"seed_played":"3371534279992734137","potions_obtained":[{"floor":1.0,"key":"Dexterity Potion"},{"floor":4.0,"key":"GamblersBrew"},{"floor":14.0,"key":"BlessingOfTheForge"},{"floor":18.0,"key":"Swift Potion"},{"floor":19.0,"key":"LifebloodPotion"},{"floor":24,"key":"Block Potion"},{"floor":30,"key":"FearPotion"}],"is_trial":false,"path_per_floor":["M","?","M","M","?","R","M","R","T","M","M","$","M","M","R","B",null,"M","M","$","?","M","R","E","?","T","?","$","R","M","M","R","B",null,"M","M","?","M"],"character_chosen":"DEFECT","items_purchased":["Static Discharge","BargainBundle","Loop","Chill","PowerPotion","Storm+1"],"campfire_rested":4,"item_purchase_floors":[12,20,20,20,20,28],"current_hp_per_floor":[75,75,75,75,75,75,64,64,64,56,56,56,50,40,62,1,75,69,61,61,61,40,62,43,43,43,43,43,65,41,37,59,7,75,52,40,40,0,0],"gold":209,"neow_bonus":"RANDOM_COLORLESS","is_daily":false,"chose_seed":false,"campfire_upgraded":2,"win_rate":0.0,"timestamp":1609123356,"path_taken":["M","?","M","M","?","R","M","R","T","M","M","$","M","M","R","BOSS","M","?","$","?","M","R","E","?","T","?","$","R","M","?","R","BOSS","M","M","?","?"],"items_purchased_type":["Card","Relic","Card","Card","Potion","Card"],"build_version":"2020-12-22","purchased_purges":1,"victory":false,"max_hp_per_floor":[75,75,75,75,75,75,75,75,75,75,75,75,75,75,75,75,75,75,75,75,75,75,75,75,75,75,75,75,75,75,75,75,75,75,75,75,75,75,75],"relic_stats":{"counters":[20,72],"Pantograph":16,"Cursed Key":0,"obtain_stats":[{"trackpad:NeutrinoGenerator":17,"BargainBundle":20,"Calipers":26,"aspiration:AnachronicSnailShell":9,"Pantograph":24,"Red Mask":25,"Cracked Core":0,"Cursed Key":34},{"trackpad:NeutrinoGenerator":9,"BargainBundle":11,"Calipers":14,"aspiration:AnachronicSnailShell":4,"Pantograph":13,"Red Mask":14,"Cracked Core":0,"Cursed Key":17},{"trackpad:NeutrinoGenerator":31,"BargainBundle":37,"Calipers":48,"aspiration:AnachronicSnailShell":10,"Pantograph":45,"Red Mask":48,"Cracked Core":0,"Cursed Key":64}]},"card_choices":[{"not_picked":["Finesse","ReplayTheSpireMod:Trickstab"],"picked":"Specialist","floor":0.0},{"not_picked":["Hologram","Barrage","Cold Snap"],"picked":"SKIP","floor":1.0},{"not_picked":["Sweeping Beam","Barrage"],"picked":"aspiration:Polymerization","floor":3.0},{"not_picked":["FIFO Queue","Panic Button"],"picked":"Double Energy","floor":4.0},{"not_picked":["Coolheaded","Streamline"],"picked":"Tempest","floor":7.0},{"not_picked":["BasicCrystalCard","Streamline","Conserve Battery"],"picked":"SKIP","floor":10.0},{"not_picked":["Leap","Steam"],"picked":"Ball Lightning","floor":11.0},{"not_picked":["Panic Button","Meteor Strike"],"picked":"Redo","floor":13.0},{"not_picked":["Barrage","Turbo"],"picked":"Conserve Battery","floor":14.0},{"not_picked":["Biased Cognition","ReplayTheSpireMod:Omega Cannon"],"picked":"Electrodynamics","floor":16.0},{"not_picked":["Streamline+1","Turbo","BootSequence"],"picked":"SKIP","floor":18.0},{"not_picked":["Go for the Eyes","aspiration:Polymerization+1","Steam Power+1"],"picked":"SKIP","floor":19.0},{"not_picked":["Rebound+1","Doom and Gloom"],"picked":"Ball Lightning","floor":22},{"not_picked":["Cold Snap+1","Buffer","ReplayGash"],"picked":"SKIP","floor":24},{"not_picked":["Rip and Tear","Gash","aspiration:Polymerization"],"picked":"SKIP","floor":30},{"not_picked":["Undo","Cold Snap"],"picked":"Static Discharge","floor":31},{"not_picked":["Electrodynamics","Core Surge"],"picked":"Thunder Strike","floor":33},{"not_picked":["Rebound","Conserve Battery+1"],"picked":"Capacitor+1","floor":35},{"not_picked":["Turbo","ReplayTheSpireMod:GoodbyeWorld"],"picked":"FIFO Queue+1","floor":36}],"player_experience":838617,"relics_obtained":[{"floor":9.0,"key":"aspiration:AnachronicSnailShell"},{"floor":24,"key":"Pantograph"},{"floor":25,"key":"Red Mask"},{"floor":26,"key":"Calipers"}],"event_choices":[{"damage_healed":0.0,"max_hp_gain":0.0,"max_hp_loss":0.0,"gold_gain":0.0,"event_name":"Match and Keep!","player_choice":"1 cards matched","floor":5.0,"gold_loss":0.0,"damage_taken":0.0,"cards_obtained":["Zap"]},{"damage_healed":0,"gold_gain":0,"player_choice":"Ignored","damage_taken":0,"max_hp_gain":0,"max_hp_loss":0,"event_name":"betterNote:BetterNote","floor":21,"gold_loss":0,"cards_obtained":["Sadistic Nature"]},{"damage_healed":0,"gold_gain":0,"player_choice":"Fought Bandits","damage_taken":0,"max_hp_gain":0,"max_hp_loss":0,"event_name":"Masked Bandits","floor":25,"gold_loss":0},{"damage_healed":0,"gold_gain":0,"cards_transformed":["Strike_B"],"player_choice":"Transformed","damage_taken":0,"max_hp_gain":0,"max_hp_loss":0,"event_name":"Transmorgrifier","floor":27,"gold_loss":0,"cards_obtained":["All For One"]},{"damage_healed":0,"gold_gain":0,"cards_transformed":["Strike_B"],"player_choice":"Transformed","damage_taken":0,"max_hp_gain":0,"max_hp_loss":0,"event_name":"Transmorgrifier","floor":37,"gold_loss":0,"cards_obtained":["Skim"]}],"is_beta":false,"boss_relics":[{"not_picked":["Runic Dome","Astrolabe"],"picked":"trackpad:NeutrinoGenerator"},{"not_picked":["Empty Cage","trackpad:Trackpad"],"picked":"Cursed Key"}],"items_purged_floors":[20],"is_endless":false,"potions_floor_spawned":[1,4,14,18,19,24,30],"killed_by":"Spire Growth","ascension_level":0}}