{"host":"w3q5ijqu8eoknil3","time":1609192298,"event":{"mods":["AchievementEnabler","BaseMod","Block Reminder","Colored Powertips","Minty Spire (QoL Compilation)","Quick Restart","Relic Stats","ojb\u0027s Better Paths Mod","ojb\u0027s Info Mod","slay the spire mod where everything is the same but ironclad has a cowboy hat"],"gold_per_floor":[115,131,205,205,36,70,70,97,97,97,107,107,120,131,131,202,202,217,217,231,36,47,47,47,47],"floor_reached":24,"playtime":763,"items_purged":[],"score":462,"play_id":"9e0c9c6b-be65-4841-8019-457814818c28","local_time":"20201228215138","is_ascension_mode":true,"campfire_choices":[{"data":"Bash","floor":7,"key":"SMITH"},{"data":"Barricade","floor":12,"key":"SMITH"},{"data":"Immolate","floor":15,"key":"SMITH"},{"data":"Armaments","floor":23,"key":"SMITH"}],"circlet_count":0,"master_deck":["AscendersBane","Strike_R+1","Strike_R+1","Strike_R+1","Strike_R+1","Defend_R+1","Defend_R+1","Defend_R+1","Defend_R+1","Bash+1","Clothesline","Ghostly Armor","Spot Weakness","Wild Strike","Second Wind","Pommel Strike","Ghostly Armor","Iron Wave","Barricade+1","Metallicize","Rampage","Headbutt","Immolate+1","Feed","Seeing Red","Armaments+1","True Grit+1"],"relics":["Burning Blood","NeowsBlessing","Orrery","Bird Faced Urn","Charon\u0027s Ashes","Self Forming Clay","Coffee Dripper","Membership Card"],"acts_visited":["Exordium","TheCity"],"potions_floor_usage":[8,14,16,24],"damage_taken":[{"damage":0,"enemies":"Cultist","floor":1,"turns":1},{"damage":0,"enemies":"Jaw Worm","floor":2,"turns":1},{"damage":0,"enemies":"Lagavulin","floor":6,"turns":1},{"damage":8,"enemies":"Gremlin Nob","floor":8,"turns":3},{"damage":0,"enemies":"Small Slimes","floor":11,"turns":4},{"damage":0,"enemies":"Exordium Wildlife","floor":13,"turns":3},{"damage":0,"enemies":"Lots of Slimes","floor":14,"turns":2},{"damage":12,"enemies":"The Guardian","floor":16,"turns":12},{"damage":11,"enemies":"Chosen","floor":18,"turns":5},{"damage":20,"enemies":"Shell Parasite","floor":20,"turns":5},{"damage":29,"enemies":"Shelled Parasite and Fungi","floor":22,"turns":6},{"damage":54,"enemies":"Book of Stabbing","floor":24,"turns":7}],"seed_played":"-4205414459329489618","potions_obtained":[{"floor":2,"key":"SteroidPotion"},{"floor":8,"key":"Fire Potion"},{"floor":11,"key":"Explosive Potion"},{"floor":22,"key":"Strength Potion"}],"is_trial":false,"path_per_floor":["M","M","?","?","$","E","R","E","T","?","M","R","M","M","R","B",null,"M","?","M","$","M","R","E"],"character_chosen":"IRONCLAD","items_purchased":["Orrery","Membership Card","Armaments"],"campfire_rested":0,"item_purchase_floors":[5,21,21],"current_hp_per_floor":[74,75,75,80,80,80,80,78,78,78,80,80,80,80,80,74,79,77,77,67,67,48,48,0,0],"gold":47,"neow_bonus":"THREE_ENEMY_KILL","is_daily":false,"chose_seed":false,"campfire_upgraded":4,"win_rate":0.0,"timestamp":1609192298,"path_taken":["M","M","?","?","$","E","R","E","T","?","M","R","?","?","R","BOSS","M","?","M","$","M","R","E"],"items_purchased_type":["Relic","Relic","Card"],"build_version":"2020-12-22","purchased_purges":0,"victory":false,"max_hp_per_floor":[75,75,75,80,80,80,80,80,80,80,80,80,80,80,80,80,80,80,80,80,80,80,80,80,80],"relic_stats":{"counters":[12,50],"Self Forming Clay":[57],"Bird Faced Urn":[17],"Charon\u0027s Ashes":[50],"obtain_stats":[{"NeowsBlessing":0,"Self Forming Clay":9,"Bird Faced Urn":6,"Orrery":5,"Charon\u0027s Ashes":8,"Coffee Dripper":17,"Membership Card":21,"Burning Blood":0},{"NeowsBlessing":0,"Self Forming Clay":4,"Bird Faced Urn":3,"Orrery":2,"Charon\u0027s Ashes":4,"Coffee Dripper":8,"Membership Card":10,"Burning Blood":0},{"NeowsBlessing":0,"Self Forming Clay":6,"Bird Faced Urn":3,"Orrery":2,"Charon\u0027s Ashes":6,"Coffee Dripper":27,"Membership Card":37,"Burning Blood":0}],"Burning Blood":37},"card_choices":[{"not_picked":["Pommel Strike","Iron Wave"],"picked":"Clothesline","floor":1},{"not_picked":["Pummel","Flex"],"picked":"Ghostly Armor","floor":2},{"not_picked":["Hemokinesis","Clothesline"],"picked":"Spot Weakness","floor":5},{"not_picked":["Havoc","Anger"],"picked":"Wild Strike","floor":5},{"not_picked":["Body Slam","Rampage"],"picked":"Second Wind","floor":5},{"not_picked":["Combust","Dual Wield"],"picked":"Pommel Strike","floor":5},{"not_picked":["Entrench","Blood for Blood"],"picked":"Ghostly Armor","floor":5},{"not_picked":["Twin Strike","Combust"],"picked":"Iron Wave","floor":6},{"not_picked":["Clothesline","Pommel Strike"],"picked":"Barricade","floor":8},{"not_picked":["True Grit","Pommel Strike"],"picked":"Rampage","floor":11},{"not_picked":["Body Slam","Havoc"],"picked":"Headbutt","floor":13},{"not_picked":["Iron Wave","Cleave"],"picked":"Immolate","floor":14},{"not_picked":["Immolate","Exhume"],"picked":"Feed","floor":16},{"not_picked":["Heavy Blade","Warcry"],"picked":"Seeing Red","floor":18},{"not_picked":["Headbutt","Heavy Blade","Clothesline"],"picked":"SKIP","floor":20},{"not_picked":["Bloodletting","Shrug It Off"],"picked":"True Grit+1","floor":22}],"player_experience":950232,"relics_obtained":[{"floor":6,"key":"Bird Faced Urn"},{"floor":8,"key":"Charon\u0027s Ashes"},{"floor":9,"key":"Self Forming Clay"}],"event_choices":[{"damage_healed":0,"gold_gain":74,"player_choice":"Gained Gold","damage_taken":0,"max_hp_gain":0,"max_hp_loss":0,"event_name":"Golden Wing","floor":3,"gold_loss":0},{"damage_healed":0,"gold_gain":0,"player_choice":"Donut","damage_taken":0,"max_hp_gain":5,"max_hp_loss":0,"event_name":"Big Fish","floor":4,"gold_loss":0},{"damage_healed":0,"gold_gain":0,"cards_transformed":["Strike_R"],"player_choice":"Change","damage_taken":0,"max_hp_gain":0,"max_hp_loss":0,"event_name":"Living Wall","floor":10,"gold_loss":0,"cards_obtained":["Metallicize"]},{"damage_healed":0,"gold_gain":0,"player_choice":"Simplicity","damage_taken":0,"max_hp_gain":0,"max_hp_loss":0,"event_name":"Back to Basics","floor":19,"gold_loss":0,"cards_upgraded":["Strike_R","Strike_R","Strike_R","Strike_R","Defend_R","Defend_R","Defend_R","Defend_R"]}],"is_beta":false,"boss_relics":[{"not_picked":["Fusion Hammer","Astrolabe"],"picked":"Coffee Dripper"}],"items_purged_floors":[],"is_endless":false,"potions_floor_spawned":[2,8,11,22],"killed_by":"Book of Stabbing","ascension_level":20}}