{"host":"e4jlzdgap3yn3qj8","time":1609129921,"event":{"mods":["AchievementEnabler","BaseMod","Block Reminder","Colored Powertips","Curses Come First","Downfall","Highlight Path","Minty Spire (QoL Compilation)","Quick Restart","Random Character Button","Rare Cards Sparkle","StSLib"],"gold_per_floor":[99,99,99,99,92,116,116,135,162,188,222,245,245,262,282,282,282,132,157,185,198,198,198,198],"floor_reached":22,"playtime":1683,"items_purged":[],"score":190,"play_id":"efcd9d06-92d0-4423-94ae-e9b482e88404","local_time":"20201227233201","is_ascension_mode":false,"campfire_choices":[{"floor":1.0,"key":"RECALL"},{"data":"hexamod:GhostOfSpirePast","floor":18.0,"key":"SMITH"}],"circlet_count":0,"master_deck":["hexamod:Strike","hexamod:Strike","hexamod:Strike","hexamod:Strike","hexamod:Defend","hexamod:Defend+1","hexamod:Defend+1","hexamod:Defend","hexamod:Sear","hexamod:Float","hexamod:GhostShield","hexamod:SoulSteal","hexamod:SecondSeal","hexamod:FirstSeal","hexamod:StepThrough+1","hexamod:ThermalTransfer","hexamod:Firestarter","hexamod:ShieldOfDarkness","hexamod:GhostOfSpirePast+1","hexamod:FastForward","hexamod:ThirdSeal","hexamod:SixthSeal","hexamod:Haunt","hexamod:ParanormalForm+1","hexamod:BurningTouch","hexamod:HauntingEcho","hexamod:EmpoweredFlame","hexamod:GhostLash","hexamod:DynamicBlow+1","hexamod:AdvancingGuard"],"relics":["hexamod:SpiritBrand","downfall:HeartsMalice","hexamod:InflammatoryLetter","SlaversCollar","downfall:HeartBlessingRed","downfall:HeartBlessingBlue"],"acts_visited":["Exordium","TheCity"],"potions_floor_usage":[],"damage_taken":[{"damage":0.0,"enemies":"2 Louse","floor":2.0,"turns":1.0},{"damage":0.0,"enemies":"Small Slimes","floor":3.0,"turns":1.0},{"damage":0.0,"enemies":"Jaw Worm","floor":4.0,"turns":1.0},{"damage":5.0,"enemies":"downfall:FleeingMerchant","floor":5.0,"turns":4.0},{"damage":11.0,"enemies":"2 Fungi Beasts","floor":6.0,"turns":6.0},{"damage":4.0,"enemies":"Blue Slaver","floor":8.0,"turns":5.0},{"damage":4.0,"enemies":"Exordium Thugs","floor":9.0,"turns":5.0},{"damage":2.0,"enemies":"Large Slime","floor":10.0,"turns":7.0},{"damage":39.0,"enemies":"Gremlin Nob","floor":11.0,"turns":5.0},{"damage":2.0,"enemies":"2 Fungi Beasts","floor":12.0,"turns":4.0},{"damage":0.0,"enemies":"3 Louse","floor":14.0,"turns":4.0},{"damage":5.0,"enemies":"Exordium Thugs","floor":15.0,"turns":5.0},{"damage":14.0,"enemies":"downfall:Watcher","floor":16.0,"turns":15.0},{"damage":11.0,"enemies":"Chosen","floor":19.0,"turns":6.0},{"damage":28.0,"enemies":"3 Byrds","floor":20.0,"turns":10.0},{"damage":39.0,"enemies":"Centurion and Healer","floor":21.0,"turns":10.0},{"damage":40,"enemies":"Chosen and Byrds","floor":22,"turns":6}],"seed_played":"-4195548260607754485","potions_obtained":[{"floor":6.0,"key":"SkillPotion"},{"floor":9.0,"key":"Fire Potion"},{"floor":10.0,"key":"SkillPotion"},{"floor":12.0,"key":"AttackPotion"},{"floor":14.0,"key":"SpeedPotion"},{"floor":19.0,"key":"SteroidPotion"},{"floor":21.0,"key":"sneckomod:MuddlingPotion"}],"is_trial":false,"path_per_floor":["R","M","M","M","$","M","T","M","M","M","E","M","?","M","M","B",null,"R","M","M","M","M"],"character_chosen":"THE_SPIRIT","items_purchased":[],"campfire_rested":0,"item_purchase_floors":[],"current_hp_per_floor":[70,70,70,70,65,61,61,64,67,70,38,43,43,43,45,38,70,80,76,55,23,0,0,0],"gold":198,"neow_bonus":"THREE_ENEMY_KILL","is_daily":false,"chose_seed":false,"campfire_upgraded":1,"win_rate":0.0,"timestamp":1609129921,"path_taken":["R","M","M","M","$","M","T","M","M","M","E","M","?","M","M","BOSS","R","M","M","M","M"],"items_purchased_type":[],"build_version":"2020-12-22","purchased_purges":0,"victory":false,"max_hp_per_floor":[70,70,70,70,70,70,70,70,70,70,70,70,70,70,70,70,70,80,80,80,80,80,80,80],"card_choices":[{"not_picked":["hexamod:SwordOfDarkness","hexamod:NightmareGuise"],"picked":"hexamod:GhostShield","floor":2.0},{"not_picked":["hexamod:Firestarter","hexamod:Again"],"picked":"hexamod:SoulSteal","floor":3.0},{"not_picked":["hexamod:ThermalTransfer","hexamod:TimeWarp"],"picked":"hexamod:SecondSeal","floor":4.0},{"not_picked":["hexamod:GhostShield","hexamod:BurningTouch"],"picked":"hexamod:FirstSeal","floor":5.0},{"not_picked":["hexamod:BurningTouch","hexamod:BacktrackSmack"],"picked":"hexamod:StepThrough","floor":6.0},{"not_picked":["hexamod:SpectralAdrenaline","hexamod:ShieldOfDarkness"],"picked":"hexamod:ThermalTransfer","floor":8.0},{"not_picked":["hexamod:SwordOfDarkness","hexamod:ThermalTransfer"],"picked":"hexamod:Firestarter","floor":9.0},{"not_picked":["hexamod:RadiantFlame","hexamod:SwordOfDarkness"],"picked":"hexamod:ShieldOfDarkness","floor":10.0},{"not_picked":["hexamod:SkipABeat","hexamod:FastForward"],"picked":"hexamod:GhostOfSpirePast","floor":11.0},{"not_picked":["hexamod:CatchUp","hexamod:Firestarter"],"picked":"hexamod:FastForward","floor":12.0},{"not_picked":["hexamod:FastForward","hexamod:BurningTouch"],"picked":"hexamod:ThirdSeal","floor":14.0},{"not_picked":["hexamod:NightmareStrike","hexamod:CatchUp"],"picked":"hexamod:SixthSeal","floor":15.0},{"not_picked":["hexamod:FastForward","hexamod:GhostLash"],"picked":"hexamod:Haunt","floor":15.0},{"not_picked":["hexamod:SearingWound","hexamod:GhostflameInferno"],"picked":"hexamod:ParanormalForm","floor":16.0},{"not_picked":["hexamod:HeatShield","hexamod:GhostOfSpirePresent"],"picked":"hexamod:BurningTouch","floor":19.0},{"not_picked":["hexamod:Incineration","hexamod:SwordOfDarkness"],"picked":"hexamod:HauntingEcho","floor":19.0},{"not_picked":["hexamod:BacktrackSmack","hexamod:InspiringFlames+1"],"picked":"hexamod:EmpoweredFlame","floor":20.0},{"not_picked":["hexamod:ExtraCrispy","hexamod:GhostShield"],"picked":"hexamod:GhostLash","floor":20.0},{"not_picked":["hexamod:ThirdSeal","hexamod:SecondSeal"],"picked":"hexamod:DynamicBlow+1","floor":21.0},{"not_picked":["hexamod:InspiringFlames","hexamod:GhostShield+1"],"picked":"hexamod:AdvancingGuard","floor":21.0}],"player_experience":39552,"relics_obtained":[{"floor":11.0,"key":"hexamod:InflammatoryLetter"}],"event_choices":[{"damage_healed":0.0,"max_hp_gain":0.0,"max_hp_loss":0.0,"gold_gain":0.0,"event_name":"Living Wall","player_choice":"Grow","floor":13.0,"gold_loss":0.0,"damage_taken":0.0,"cards_upgraded":["hexamod:StepThrough"]}],"is_beta":false,"boss_relics":[{"not_picked":["Coffee Dripper","Fusion Hammer"],"picked":"SlaversCollar"}],"items_purged_floors":[],"is_endless":false,"potions_floor_spawned":[6,9,10,12,14,16,19,21],"killed_by":"Chosen and Byrds","ascension_level":0}}