{"host":"6d7y2d7a0xmat6il","time":1609188711,"event":{"mods":["AchievementEnabler","Aspiration","BaseMod","Better Note","Colored Map","Colored Powertips","Conspire","Highlight Path","Hubris","Infinite Spire","Marisa????????","Minty Spire (QoL Compilation)","Permanent Neow","Replay The Spire","Shop Mod","StSLib","The Wild Card","vexMod"],"gold_per_floor":[119,129,142,154,181,181,161,161,214,226,240,256,301,201,201,324,324,351,400,400,400,400,460,498,498,498,498,79,79,98,133,133,133,133],"floor_reached":33,"playtime":1889,"items_purged":["Strike_P"],"score":259,"play_id":"ad54d215-8d87-4057-89f3-da29b8d6cecc","local_time":"20201228125151","is_ascension_mode":false,"campfire_choices":[{"data":"Perseverance","floor":6,"key":"SMITH"},{"data":"Eruption","floor":8,"key":"SMITH"},{"data":"LikeWater","floor":15,"key":"SMITH"},{"floor":25,"key":"REST"},{"data":"Evaluate","floor":29,"key":"SMITH"},{"floor":32,"key":"REST"}],"circlet_count":0,"master_deck":["Strike_P","Strike_P","Strike_P","Defend_P","Defend_P","Defend_P","Defend_P","Eruption+1","Vigilance","FollowUp","Vengeance+1","Consecrate","Perseverance+1","Evaluate+1","Prostrate","CutThroughFate","LikeWater+1","Sanctity","conspire:SpireCoStock","Brilliance+1","BowlingBash","DeceiveReality+1","FlurryOfBlows+1","ReplayTheSpireMod:Trickstab","Ghostly Armor","Adaptation+1","Replay:DivineShield","Halt"],"relics":["PureWater","Cracked Core","hubris:HollowSoul","Iron Hammer","hubris:Metronome","Potion Belt","Oddly Smooth Stone","MerchantsRug","Guide Book"],"acts_visited":["Exordium","TheCity"],"potions_floor_usage":[5,12,16,16,18,23,23,33,33],"damage_taken":[{"damage":7,"enemies":"Cultist","floor":1,"turns":3},{"damage":0,"enemies":"Jaw Worm","floor":2,"turns":3},{"damage":0,"enemies":"conspire:RoseBush","floor":3,"turns":2},{"damage":0,"enemies":"Lots of Slimes","floor":4,"turns":2},{"damage":0,"enemies":"conspire:MimicChest","floor":5,"turns":3},{"damage":5,"enemies":"Blue Slaver","floor":10,"turns":3},{"damage":5,"enemies":"Large Slime","floor":11,"turns":6},{"damage":7,"enemies":"Gremlin Gang","floor":12,"turns":2},{"damage":21,"enemies":"Slime Boss","floor":16,"turns":10},{"damage":14,"enemies":"3 Byrds","floor":18,"turns":5},{"damage":1,"enemies":"Chosen","floor":19,"turns":6},{"damage":27,"enemies":"Slavers","floor":23,"turns":8},{"damage":45,"enemies":"Snecko","floor":24,"turns":6},{"damage":0,"enemies":"Snake Plant","floor":30,"turns":3},{"damage":0,"enemies":"Centurion and Healer","floor":31,"turns":4},{"damage":29,"enemies":"Collector","floor":33,"turns":3}],"seed_played":"8144796943887696840","potions_obtained":[{"floor":1,"key":"BottledMiracle"},{"floor":4,"key":"SkillPotion"},{"floor":7,"key":"Strength Potion"},{"floor":11,"key":"Dexterity Potion"},{"floor":13,"key":"SmokeBomb"},{"floor":13,"key":"FairyPotion"},{"floor":16,"key":"Reflective Coating"},{"floor":18,"key":"Swift Potion"},{"floor":19,"key":"Adrenaline Potion"},{"floor":24,"key":"Explosive Potion"},{"floor":31,"key":"BottledMiracle"}],"is_trial":false,"path_per_floor":["M","M","M","M","?","R","?","R","T","M","M","M","?","?","R","B",null,"M","M","?","?","?","E","M","R","T","?","$","R","M","M","R","B"],"character_chosen":"WATCHER","items_purchased":["Oddly Smooth Stone","Adaptation+1","MerchantsRug","Guide Book"],"campfire_rested":2,"item_purchase_floors":[28,28,28,28],"current_hp_per_floor":[65,65,65,65,65,65,65,65,72,67,62,55,55,55,55,34,79,65,64,64,56,56,29,23,46,46,46,46,46,46,46,69,0,0],"gold":133,"neow_bonus":"NOSTALGIA","is_daily":false,"chose_seed":false,"campfire_upgraded":4,"win_rate":0.0,"timestamp":1609188711,"path_taken":["M","M","M","M","?","R","?","R","T","M","M","?","?","?","R","BOSS","M","M","?","?","?","E","?","R","T","?","$","R","?","M","R","BOSS"],"items_purchased_type":["Relic","Card","Relic","Relic"],"build_version":"2020-12-22","purchased_purges":1,"victory":false,"max_hp_per_floor":[72,72,72,72,72,72,72,72,79,79,79,79,79,79,79,79,79,79,79,79,79,79,79,79,79,79,79,79,79,79,79,79,79,79],"card_choices":[{"not_picked":["TalkToTheHand","Indignation"],"picked":"FollowUp","floor":1},{"not_picked":["WreathOfFlame","Replay:Vibes"],"picked":"Vengeance","floor":2},{"not_picked":["JustLucky","FlurryOfBlows"],"picked":"Consecrate","floor":3},{"not_picked":["Indignation","Pray"],"picked":"Perseverance","floor":4},{"not_picked":["EmptyFist","Replay:Hum"],"picked":"Evaluate","floor":5},{"not_picked":["SpiritShield","Sanctity"],"picked":"Prostrate","floor":10},{"not_picked":["Prostrate","Evaluate"],"picked":"CutThroughFate","floor":11},{"not_picked":["Protect","FlyingSleeves"],"picked":"LikeWater","floor":12},{"not_picked":["FollowUp","FlyingSleeves"],"picked":"Sanctity","floor":13},{"not_picked":["Blasphemy","SpiritShield"],"picked":"Brilliance","floor":16},{"not_picked":["Perseverance","Replay:Cycle+1"],"picked":"BowlingBash","floor":18},{"not_picked":["Evaluate","CrushJoints"],"picked":"DeceiveReality+1","floor":19},{"not_picked":["BowlingBash+1","CutThroughFate"],"picked":"FlurryOfBlows+1","floor":21},{"not_picked":["theWildCard:Polydeuces","vexMod:EmailVexCard"],"picked":"ReplayTheSpireMod:Trickstab","floor":23},{"not_picked":["Intimidate","BasicCrystalCard"],"picked":"Ghostly Armor","floor":24},{"not_picked":["MentalFortress","LikeWater"],"picked":"Replay:DivineShield","floor":30},{"not_picked":["EmptyFist","Replay:Cycle"],"picked":"Halt","floor":31}],"player_experience":155742,"relics_obtained":[{"floor":5,"key":"Boot"},{"floor":9,"key":"Strawberry"},{"floor":21,"key":"PrismaticShard"},{"floor":23,"key":"Iron Hammer"},{"floor":26,"key":"hubris:Metronome"}],"event_choices":[{"damage_healed":0,"gold_gain":0,"player_choice":"Bought 1 Potion","damage_taken":0,"max_hp_gain":0,"max_hp_loss":0,"event_name":"The Woman in Blue","floor":7,"gold_loss":0},{"damage_healed":0,"gold_gain":0,"player_choice":"Invest 2","damage_taken":0,"max_hp_gain":0,"max_hp_loss":0,"event_name":"conspire:Investor","floor":14,"gold_loss":0},{"damage_healed":0,"gold_gain":0,"player_choice":"Ignored","damage_taken":0,"max_hp_gain":0,"max_hp_loss":0,"event_name":"betterNote:BetterNote","floor":20,"gold_loss":0,"cards_obtained":["Ghostly"]},{"damage_healed":0,"gold_gain":0,"player_choice":"Got Potions","damage_taken":0,"max_hp_gain":0,"max_hp_loss":0,"event_name":"Lab","floor":22,"gold_loss":0},{"cards_removed":["conspire:SpireCoStock"],"damage_healed":0,"gold_gain":0,"player_choice":"Gave Card","damage_taken":0,"relics_obtained":["Potion Belt"],"max_hp_gain":0,"max_hp_loss":0,"event_name":"WeMeetAgain","floor":27,"gold_loss":0}],"is_beta":false,"boss_relics":[{"not_picked":["Ring of Chaos","SacredBark"],"picked":"hubris:HollowSoul"}],"items_purged_floors":[28],"is_endless":false,"potions_floor_spawned":[1,4,11,16,18,19,24,31],"killed_by":"Collector","ascension_level":0}}