{"host":"7nu0fnckee4tlfez","time":1609184396,"event":{"mods":["2.2 Compatiblity","AchievementEnabler","Astrologer","BaseMod","CapriCore","Colored Map","Downfall","Hermit","Lobotomy","Marisa£¨Ùöéë¡¡Øª×âÞÞ£©","Minty Spire (QoL Compilation)","Quick Restart","StSLib","SuperFastMode","The Cursed","The Hierophant","The Immortal"],"gold_per_floor":[99,99,99,127,145,161,161,171,171,196,213,313,52,37,60,163,163,163,188,198,216,228,228,228],"floor_reached":23,"playtime":2050,"items_purged":[],"score":246,"play_id":"85476c8f-3eb0-44cb-9137-ad292f0e6f02","local_time":"20201229043956","is_ascension_mode":false,"campfire_choices":[{"data":"sneckomod:Unknown","floor":1.0,"key":"SMITH"},{"data":"sneckomod:UnknownCommonAttack","floor":3.0,"key":"SMITH"},{"data":"sneckomod:UnknownClassPURPLE","floor":9.0,"key":"SMITH"},{"data":"sneckomod:SoulExchange","floor":18.0,"key":"SMITH"}],"circlet_count":0,"master_deck":["sneckomod:Strike+1","sneckomod:Strike","sneckomod:Strike","sneckomod:Defend","sneckomod:Defend","sneckomod:Defend","sneckomod:TailWhip","sneckomod:SnekBite","sneckomod:Unknown+1","sneckomod:Unknown","sneckomod:UnknownCommonAttack+1","sneckomod:UnknownRareAttack+1","sneckomod:Unknown1Cost","sneckomod:UnknownClassPURPLE+1","sneckomod:UnknownExhaust","sneckomod:UnknownUncommonAttack","sneckomod:UnknownRareAttack+1","sneckomod:SoulExchange+1","sneckomod:SoulDraw+1","sneckomod:UnknownEthereal","sneckomod:RainOfDice+1"],"relics":["sneckomod:SneckoSoul","downfall:HeartsMalice","Whetstone","Bronze Scales","MealTicket","Molten Egg 2","Sozu","Eternal Feather"],"acts_visited":["Exordium","TheCity"],"potions_floor_usage":[],"damage_taken":[{"damage":0.0,"enemies":"Jaw Worm","floor":2.0,"turns":1.0},{"damage":0.0,"enemies":"Lagavulin","floor":4.0,"turns":1.0},{"damage":0.0,"enemies":"Cultist","floor":5.0,"turns":2.0},{"damage":2.0,"enemies":"Small Slimes","floor":6.0,"turns":3.0},{"damage":0.0,"enemies":"2 Fungi Beasts","floor":8.0,"turns":3.0},{"damage":28.0,"enemies":"Gremlin Nob","floor":10.0,"turns":4.0},{"damage":12.0,"enemies":"Blue Slaver","floor":11.0,"turns":2.0},{"damage":0.0,"enemies":"downfall:FleeingMerchant","floor":13.0,"turns":4.0},{"damage":5.0,"enemies":"downfall:FleeingMerchant","floor":14.0,"turns":4.0},{"damage":10.0,"enemies":"Exordium Thugs","floor":15.0,"turns":3.0},{"damage":39.0,"enemies":"downfall:CharBossSilent","floor":16.0,"turns":5.0},{"damage":21.0,"enemies":"Book of Stabbing","floor":19.0,"turns":4.0},{"damage":30,"enemies":"Spheric Guardian","floor":20,"turns":6},{"damage":3,"enemies":"Cultist and Chosen","floor":21,"turns":6},{"damage":20,"enemies":"Centurion and Healer","floor":22,"turns":5},{"damage":28,"enemies":"Snake Plant","floor":23,"turns":2}],"seed_played":"65342384636979194","potions_obtained":[{"floor":4.0,"key":"Regen Potion"},{"floor":10.0,"key":"Dexterity Potion"},{"floor":11.0,"key":"SneckoOil"},{"floor":15.0,"key":"EntropicBrew"}],"is_trial":false,"path_per_floor":["R","M","R","E","M","M","T","M","R","E","M","?","$","$","M","B",null,"R","E","M","M","M","M"],"character_chosen":"THE_SNECKO","items_purchased":["Molten Egg 2"],"campfire_rested":0,"item_purchase_floors":[13],"current_hp_per_floor":[90,91,91,92,93,92,92,93,93,65,54,54,69,79,70,31,97,97,76,46,44,24,0,0],"gold":228,"neow_bonus":"THREE_ENEMY_KILL","is_daily":false,"chose_seed":false,"campfire_upgraded":4,"win_rate":0.0,"timestamp":1609184396,"path_taken":["R","M","R","E","M","M","T","M","R","E","M","?","$","$","M","BOSS","R","E","M","M","?","M"],"items_purchased_type":["Relic"],"build_version":"2020-12-22","purchased_purges":0,"victory":false,"max_hp_per_floor":[90,91,91,92,93,94,94,95,95,95,96,96,96,96,97,97,97,97,97,97,98,98,98,98],"card_choices":[{"not_picked":["sneckomod:SoulRoll","sneckomod:Unknown1Cost"],"picked":"sneckomod:UnknownCommonAttack","floor":2.0},{"not_picked":["sneckomod:RainOfDice","sneckomod:QuickBite"],"picked":"sneckomod:UnknownRareAttack","floor":4.0},{"not_picked":["sneckomod:UnknownX","sneckomod:QuickBite"],"picked":"sneckomod:Unknown1Cost","floor":5.0},{"not_picked":["sneckomod:UnknownEthereal","sneckomod:UnknownClassGREEN"],"picked":"sneckomod:UnknownClassPURPLE","floor":6.0},{"not_picked":["sneckomod:SnakeSap","sneckomod:WideSting"],"picked":"sneckomod:UnknownExhaust","floor":8.0},{"not_picked":["sneckomod:Nope","sneckomod:UnknownClassBLUE","sneckomod:UnknownClassRED"],"picked":"SKIP","floor":10.0},{"not_picked":["sneckomod:Nope","sneckomod:UnknownClassBLUE","sneckomod:UnknownClassRED"],"picked":"SKIP","floor":10.0},{"not_picked":["sneckomod:Unknown1Cost","sneckomod:UnknownX"],"picked":"sneckomod:UnknownUncommonAttack","floor":11.0},{"not_picked":["sneckomod:SnekBeam+1","sneckomod:UnknownClassMARISA_COLOR"],"picked":"sneckomod:UnknownRareAttack+1","floor":15.0},{"not_picked":["sneckomod:UnknownRarePower","sneckomod:DangerNoodle+1"],"picked":"sneckomod:SoulExchange","floor":16.0},{"not_picked":["sneckomod:UnknownClassBLUE+1","sneckomod:QuickBite+1","sneckomod:IronFang+1"],"picked":"SKIP","floor":19.0},{"not_picked":["sneckomod:IronFang+1","sneckomod:UnknownStrike+1"],"picked":"sneckomod:SoulDraw+1","floor":20},{"not_picked":["sneckomod:UnknownClassRED","sneckomod:UnknownVulnerable"],"picked":"sneckomod:UnknownEthereal","floor":21},{"not_picked":["sneckomod:UnknownUncommonSkill","sneckomod:SoulExchange"],"picked":"sneckomod:RainOfDice+1","floor":22}],"player_experience":85683,"relics_obtained":[{"floor":4.0,"key":"Whetstone"},{"floor":7.0,"key":"Bronze Scales"},{"floor":10.0,"key":"MealTicket"},{"floor":19.0,"key":"Eternal Feather"}],"event_choices":[],"is_beta":false,"boss_relics":[{"not_picked":["sneckomod:SuperSneckoSoul","Runic Pyramid"],"picked":"Sozu"}],"items_purged_floors":[],"is_endless":false,"potions_floor_spawned":[4,10,11,15,20,22],"killed_by":"Snake Plant","ascension_level":0}}