{"host":"30jsp143e4v19aze","time":1609114493,"event":{"mods":["BaseMod","Colored Map","Colored Powertips","Curses Come First","DeckTracker","Highlight Path","Minty Spire (QoL Compilation)","Quick Restart","Relic Stats","StSLib","everything is the same but u backflip on backflip","slay the spire mod where everything is the same but ironclad has a cowboy hat"],"gold_per_floor":[118,118,133,33,33,33,49,84,133,176,176,176,176],"floor_reached":12,"playtime":295,"items_purged":[],"score":142,"play_id":"7bd4f37f-0e2d-4294-ab8f-6589f6e68b32","local_time":"20201228011453","is_ascension_mode":true,"campfire_choices":[{"data":"Sweeping Beam","floor":6,"key":"SMITH"}],"circlet_count":0,"master_deck":["AscendersBane","Strike_B","Strike_B","Strike_B+1","Defend_B","Defend_B","Defend_B","Zap","Dualcast","Defragment","Stack","Streamline+1","Capacitor","Sweeping Beam+1","Ball Lightning+1","Self Repair","Steam Power"],"relics":["Cracked Core","Golden Idol","Boot","Whetstone","Unceasing Top"],"acts_visited":["Exordium"],"potions_floor_usage":[8,10,12],"damage_taken":[{"damage":5,"enemies":"2 Louse","floor":1,"turns":3},{"damage":4,"enemies":"Jaw Worm","floor":3,"turns":3},{"damage":2,"enemies":"Small Slimes","floor":7,"turns":2},{"damage":32,"enemies":"Gremlin Nob","floor":8,"turns":4},{"damage":16,"enemies":"Lagavulin","floor":10,"turns":6},{"damage":16,"enemies":"Gremlin Nob","floor":12,"turns":2}],"seed_played":"2021171647103681908","potions_obtained":[{"floor":1,"key":"PowerPotion"},{"floor":8,"key":"Block Potion"}],"is_trial":false,"path_per_floor":["M","?","M","$","?","R","M","E","T","E","?","E"],"character_chosen":"DEFECT","items_purchased":["Sweeping Beam","Fire Potion"],"campfire_rested":0,"item_purchase_floors":[4,4],"current_hp_per_floor":[63,63,59,59,59,59,57,25,25,16,9,0,0],"gold":176,"neow_bonus":"TRANSFORM_TWO_CARDS","is_daily":false,"chose_seed":false,"campfire_upgraded":1,"win_rate":0.0,"timestamp":1609114493,"path_taken":["M","?","M","$","?","R","M","E","T","E","?","E"],"items_purchased_type":["Card","Potion"],"build_version":"2020-12-22","purchased_purges":0,"victory":false,"max_hp_per_floor":[75,69,69,69,69,69,69,69,69,69,69,69,69],"relic_stats":{"counters":[6,20],"Golden Idol":22,"Whetstone":["Ball Lightning","Strike_B"],"Boot":[3],"obtain_stats":[{"Golden Idol":2,"Whetstone":9,"Cracked Core":0,"Boot":8,"Unceasing Top":10},{"Golden Idol":1,"Whetstone":4,"Cracked Core":0,"Boot":4,"Unceasing Top":5},{"Golden Idol":3,"Whetstone":12,"Cracked Core":0,"Boot":12,"Unceasing Top":18}],"Unceasing Top":[0]},"card_choices":[{"not_picked":["Redo","Lockon"],"picked":"Streamline","floor":1},{"not_picked":["Genetic Algorithm","Defragment"],"picked":"Capacitor","floor":3},{"not_picked":["Blizzard","Compile Driver"],"picked":"Ball Lightning","floor":7},{"not_picked":["Glacier","Streamline"],"picked":"Self Repair","floor":8},{"not_picked":["Consume","Streamline"],"picked":"Steam Power","floor":10}],"player_experience":3280053,"relics_obtained":[{"floor":8,"key":"Boot"},{"floor":9,"key":"Whetstone"},{"floor":10,"key":"Unceasing Top"}],"event_choices":[{"damage_healed":0,"gold_gain":0,"player_choice":"Lose Max HP","damage_taken":0,"relics_obtained":["Golden Idol"],"max_hp_gain":0,"max_hp_loss":6,"event_name":"Golden Idol","floor":2,"gold_loss":0},{"damage_healed":0,"gold_gain":0,"player_choice":"Grow","damage_taken":0,"max_hp_gain":0,"max_hp_loss":0,"event_name":"Living Wall","floor":5,"gold_loss":0,"cards_upgraded":["Streamline"]},{"cards_removed":["Decay"],"damage_healed":0,"gold_gain":0,"player_choice":"Card Removal","damage_taken":7,"max_hp_gain":0,"max_hp_loss":0,"event_name":"Golden Wing","floor":11,"gold_loss":0}],"is_beta":false,"boss_relics":[],"items_purged_floors":[],"is_endless":false,"potions_floor_spawned":[1,7,8],"killed_by":"Gremlin Nob","ascension_level":13}}