{"host":"kos1s9q8ffr8fqos","time":1609189623,"event":{"mods":["BaseMod","Bestiary","Better Altar","Better Match","Better Note","Better Sensory Stone","Better Skull","Better Third Choice","Better Vampires","Colored Map","Colored Powertips","Curses Come First","Downfall","Hermit","Infinite Spire","Minty Spire (QoL Compilation)","Quick Restart","Random Character Button","Relic Stats","Replay The Spire","StSLib","The Blue Laboratory","The Disciple"],"gold_per_floor":[99,109,109,126,145,595,595,595,22,57,57,82,82,67,82,179,179,29,43,43,118,138,138,138,151,76,76,239,239,269,289,304,315,411,411,411,431,450,503,196,196,222,222,252,277,4,4,4,72,91,91,91,117,69,69,69],"floor_reached":57,"playtime":4384,"items_purged":["Regret","sneckomod:Strike","sneckomod:Strike"],"score":1258,"play_id":"11b5615f-4f92-40f1-983c-3f77cb800850","local_time":"20201228150703","is_ascension_mode":false,"campfire_choices":[{"floor":1.0,"key":"RECALL"},{"floor":11.0,"key":"REST"},{"data":"sneckomod:CheapStock","floor":11.0,"key":"SMITH"},{"data":"expansioncontent:DashGenerateEvil","floor":18.0,"key":"SMITH"},{"data":"sneckomod:Nope","floor":23.0,"key":"SMITH"},{"data":"sneckomod:UnknownUncommonPower","floor":26.0,"key":"SMITH"},{"data":"sneckomod:UnknownRareAttack","floor":36.0,"key":"SMITH"},{"data":"sneckomod:SnekBeam","floor":41.0,"key":"SMITH"},{"data":"sneckomod:MorePower","floor":43.0,"key":"SMITH"},{"floor":47.0,"key":"REST"},{"data":"Mind Blast","floor":47.0,"key":"SMITH"},{"floor":55.0,"key":"REST"},{"data":"Seek","floor":55.0,"key":"SMITH"}],"circlet_count":0,"master_deck":["sneckomod:Defend+1","sneckomod:Defend+1","sneckomod:TailWhip","sneckomod:SnekBite","sneckomod:Unknown","sneckomod:Unknown+1","sneckomod:WideSting","sneckomod:Nope+1","sneckomod:Unknown1Cost","Slimebound:Icky","Slimebound:Icky","Slimebound:Icky","sneckomod:UnknownUncommonAttack","expansioncontent:DashGenerateEvil+1","sneckomod:CheapStock+1","sneckomod:UnknownUncommonPower+1","sneckomod:UnknownVulnerable","ReplayTheSpireMod:Splinters","sneckomod:ImprovisedAttack","sneckomod:UnknownClassCHRONO_GOLD","Seek+1","sneckomod:DiceBlock","sneckomod:SnakeSap+1","sneckomod:Unknown2Cost","sneckomod:UnknownRareAttack+1","Deep Breath","sneckomod:CheapStock","sneckomod:Unknown3Cost+1","sneckomod:Nope+1","sneckomod:UnknownClassCHRONO_GOLD","sneckomod:UnknownExhaust+1","sneckomod:Rotation","sneckomod:UnknownX+1","sneckomod:SoulExchange","sneckomod:SnekBeam+1","sneckomod:UnknownStrike+1","sneckomod:UnknownBlock+1","sneckomod:UnknownVulnerable+1","sneckomod:Unknown0Cost+1","sneckomod:UnknownClassPURPLE+1","Mind Blast+1","sneckomod:DiceCrush+1","sneckomod:Restock","sneckomod:DiceBlock+1","sneckomod:DiceBlock+1","sneckomod:UnknownCommonSkill"],"relics":["sneckomod:SneckoSoul","infinitespire:Magic Flask","WingedGreaves","Divine Protection","infinitespire:EmpoweringShard","Du-Vu Doll","m_SnakeBloodCore","Philosopher\u0027s Stone","downfall:HeartBlessingRed","downfall:HeartBlessingGreen","infinitespire:CursedDice","sneckomod:SuperSneckoSoul","downfall:HeartBlessingBlue","Ornamental Fan","Empty Cage","ReplayTheSpireMod:Lightbulb","Ice Cream","Omamori","infinitespire:CheckeredPen","Pear","Thread and Needle"],"acts_visited":["Exordium","TheCity","TheBeyond","TheEnding"],"potions_floor_usage":[56,56],"damage_taken":[{"damage":6.0,"enemies":"Jaw Worm","floor":2.0,"turns":3.0},{"damage":3.0,"enemies":"Small Slimes","floor":4.0,"turns":2.0},{"damage":0.0,"enemies":"2 Louse","floor":5.0,"turns":2.0},{"damage":8.0,"enemies":"downfall:FleeingMerchant","floor":9.0,"turns":4.0},{"damage":19.0,"enemies":"Lagavulin","floor":10.0,"turns":6.0},{"damage":2.0,"enemies":"Gremlin Nob","floor":12.0,"turns":4.0},{"damage":0.0,"enemies":"downfall:FleeingMerchant","floor":14.0,"turns":4.0},{"damage":0.0,"enemies":"Large Slime","floor":15.0,"turns":3.0},{"damage":39.0,"enemies":"downfall:Silent","floor":16.0,"turns":8.0},{"damage":28.0,"enemies":"3 Byrds","floor":19.0,"turns":4.0},{"damage":8.0,"enemies":"Snecko","floor":22.0,"turns":3.0},{"damage":0.0,"enemies":"Chosen and Byrds","floor":25.0,"turns":4.0},{"damage":25.0,"enemies":"downfall:FleeingMerchant","floor":28.0,"turns":4.0},{"damage":20.0,"enemies":"Book of Stabbing","floor":30.0,"turns":5.0},{"damage":0.0,"enemies":"Snake Plant","floor":31.0,"turns":5.0},{"damage":0.0,"enemies":"Snecko","floor":32.0,"turns":4.0},{"damage":0.0,"enemies":"Sentry and Sphere","floor":33.0,"turns":4.0},{"damage":25.0,"enemies":"downfall:Watcher","floor":34.0,"turns":4.0},{"damage":0.0,"enemies":"Orb Walker","floor":37.0,"turns":2.0},{"damage":0.0,"enemies":"3 Darklings","floor":38.0,"turns":1.0},{"damage":5.0,"enemies":"Sphere and 2 Shapes","floor":44.0,"turns":3.0},{"damage":121.0,"enemies":"Nightmare","floor":45.0,"turns":8.0},{"damage":0.0,"enemies":"Maw","floor":50.0,"turns":4.0},{"damage":19.0,"enemies":"downfall:Defect","floor":51.0,"turns":7.0},{"damage":53.0,"enemies":"downfall:CharBossMerchant","floor":53.0,"turns":7.0},{"damage":64,"enemies":"downfall:NeowBoss","floor":56,"turns":24}],"seed_played":"-2333613600303283450","potions_obtained":[{"floor":2.0,"key":"Slimebound:ThreeZeroPotion"},{"floor":10.0,"key":"Fruit Juice"},{"floor":12.0,"key":"Doom Potion"},{"floor":16.0,"key":"PowerPotion"},{"floor":19.0,"key":"blueLaboratory:AbyssPotion"},{"floor":21.0,"key":"downfall:CursedFountainPotion"},{"floor":25.0,"key":"blueLaboratory:LouseDecoction"},{"floor":30.0,"key":"Flashbang"},{"floor":32.0,"key":"FearPotion"},{"floor":33.0,"key":"Death Potion"},{"floor":34.0,"key":"blueLaboratory:EnragingPotion"},{"floor":38.0,"key":"ColorlessPotion"},{"floor":49.0,"key":"Explosive Potion"},{"floor":50.0,"key":"PowerPotion"},{"floor":53.0,"key":"blueLaboratory:BottleOfVodka"}],"is_trial":false,"path_per_floor":["R","M","?","M","M","?","T","T","$","E","R","E","?","$","M","B",null,"R","M","AVR","?","M","R","T","M","R","?","$","?","E","M","M","M","B",null,"R","M","M","?","$","R","T","R","M","NM","$","R","?","?","M","B",null,"E","$","R","B",null],"character_chosen":"THE_SNECKO","items_purchased":["expansioncontent:DashGenerateEvil","sneckomod:CheapStock","Divine Protection","sneckomod:CheapStock","Ice Cream","Mind Blast","infinitespire:BlackPotion","sneckomod:DiceCrush+1","sneckomod:UnknownCommonSkill"],"campfire_rested":3,"item_purchase_floors":[9,9,9,28,40,46,46,46,54],"current_hp_per_floor":[99,93,93,90,91,91,91,91,84,71,103,102,102,105,109,73,109,109,88,102,123,118,118,118,122,132,133,126,126,110,114,118,138,117,139,139,139,140,140,140,140,140,140,142,26,26,69,69,79,94,100,154,104,105,151,92],"gold":69,"neow_bonus":"TEN_PERCENT_HP_BONUS","is_daily":false,"chose_seed":false,"campfire_upgraded":9,"win_rate":0.0,"timestamp":1609189623,"path_taken":["R","M","?","M","M","?","T","?","$","E","R","E","?","$","M","BOSS","R","M","AVR","?","M","R","T","?","R","?","$","?","E","M","M","M","BOSS","R","M","M","?","$","R","T","R","M","NM","$","R","?","?","M","BOSS","E","$","R","BOSS"],"items_purchased_type":["Card","Card","Relic","Card","Relic","Card","Potion","Card","Card"],"build_version":"2020-12-22","purchased_purges":3,"victory":true,"max_hp_per_floor":[99,99,99,99,100,100,100,100,101,107,107,108,108,108,109,109,109,109,109,123,123,123,123,123,124,134,135,135,135,136,137,138,138,139,139,139,139,140,140,140,140,140,140,142,144,144,144,144,154,154,154,154,154,155,155,155],"relic_stats":{"counters":[26,129],"Ornamental Fan":[96],"obtain_stats":[{"Ice Cream":40,"Divine Protection":9,"Pear":49,"downfall:HeartBlessingRed":18,"infinitespire:CursedDice":20,"downfall:HeartBlessingGreen":18,"Thread and Needle":53,"Omamori":42,"infinitespire:Magic Flask":7,"infinitespire:CheckeredPen":45,"sneckomod:SneckoSoul":0,"Empty Cage":35,"Du-Vu Doll":12,"sneckomod:SuperSneckoSoul":20,"m_SnakeBloodCore":13,"downfall:HeartBlessingBlue":26,"Ornamental Fan":30,"Philosopher\u0027s Stone":17,"WingedGreaves":8,"infinitespire:EmpoweringShard":10,"ReplayTheSpireMod:Lightbulb":39},{"Ice Cream":20,"Divine Protection":4,"Pear":22,"downfall:HeartBlessingRed":9,"infinitespire:CursedDice":10,"downfall:HeartBlessingGreen":9,"Thread and Needle":25,"Omamori":20,"infinitespire:Magic Flask":3,"infinitespire:CheckeredPen":22,"sneckomod:SneckoSoul":0,"Empty Cage":18,"Du-Vu Doll":6,"sneckomod:SuperSneckoSoul":10,"m_SnakeBloodCore":6,"downfall:HeartBlessingBlue":12,"Ornamental Fan":14,"Philosopher\u0027s Stone":9,"WingedGreaves":3,"infinitespire:EmpoweringShard":5,"ReplayTheSpireMod:Lightbulb":20},{"Ice Cream":76,"Divine Protection":11,"Pear":87,"downfall:HeartBlessingRed":36,"infinitespire:CursedDice":40,"downfall:HeartBlessingGreen":36,"Thread and Needle":105,"Omamori":76,"infinitespire:Magic Flask":7,"infinitespire:CheckeredPen":87,"sneckomod:SneckoSoul":0,"Empty Cage":73,"Du-Vu Doll":21,"sneckomod:SuperSneckoSoul":40,"m_SnakeBloodCore":21,"downfall:HeartBlessingBlue":47,"Ornamental Fan":56,"Philosopher\u0027s Stone":36,"WingedGreaves":7,"infinitespire:EmpoweringShard":17,"ReplayTheSpireMod:Lightbulb":76}]},"card_choices":[{"not_picked":["sneckomod:QuickMove","sneckomod:UnknownStrike"],"picked":"sneckomod:WideSting","floor":2.0},{"not_picked":["sneckomod:MasterEye","sneckomod:UnknownCommonAttack"],"picked":"sneckomod:Nope","floor":4.0},{"not_picked":["sneckomod:QuickBite","sneckomod:WideSting"],"picked":"sneckomod:Unknown1Cost","floor":5.0},{"not_picked":["sneckomod:IronFang","sneckomod:QuickMove"],"picked":"sneckomod:UnknownUncommonAttack","floor":9.0},{"not_picked":["sneckomod:SnakeSap","sneckomod:UnknownCommonAttack"],"picked":"sneckomod:UnknownUncommonPower","floor":10.0},{"not_picked":["sneckomod:WideSting","sneckomod:DiceCrush"],"picked":"sneckomod:UnknownVulnerable","floor":12.0},{"not_picked":["Havoc","sneckomod:IronFang"],"picked":"sneckomod:ImprovisedAttack","floor":14.0},{"not_picked":["sneckomod:UnknownStrike","Perfected Strike"],"picked":"sneckomod:UnknownClassCHRONO_GOLD","floor":15.0},{"not_picked":["sneckomod:Restock","Reboot"],"picked":"Seek","floor":16.0},{"not_picked":["sneckomod:Unknown0Cost","sneckomod:SoulDraw"],"picked":"sneckomod:DiceBlock","floor":19.0},{"not_picked":["sneckomod:SlitherStrike","sneckomod:SoulRoll"],"picked":"sneckomod:SnakeSap+1","floor":22.0},{"not_picked":["sneckomod:WideSting","sneckomod:RainOfDice"],"picked":"sneckomod:Unknown2Cost","floor":25.0},{"not_picked":["sneckomod:UnknownVulnerable","sneckomod:UnknownEthereal"],"picked":"sneckomod:MorePower","floor":28.0},{"not_picked":["sneckomod:UnknownClassGREEN+1","sneckomod:UnknownVulnerable+1"],"picked":"sneckomod:Unknown3Cost+1","floor":30.0},{"not_picked":["sneckomod:Unknown1Cost","sneckomod:UnknownBlock"],"picked":"sneckomod:Nope+1","floor":30.0},{"not_picked":["sneckomod:SoulRoll+1","sneckomod:DiceBlock+1"],"picked":"sneckomod:UnknownClassCHRONO_GOLD","floor":31.0},{"not_picked":["sneckomod:UnknownWeak+1","sneckomod:UnknownClassCHRONO_GOLD+1"],"picked":"sneckomod:UnknownExhaust+1","floor":32.0},{"not_picked":["sneckomod:UnknownCommonAttack","sneckomod:UnknownWeak"],"picked":"sneckomod:Rotation","floor":32.0},{"not_picked":["sneckomod:UnknownCommonSkill","sneckomod:UnknownStrike","sneckomod:Mudshield"],"picked":"SKIP","floor":33.0},{"not_picked":["sneckomod:UnknownClassCHRONO_GOLD+1","sneckomod:Unknown2Cost+1"],"picked":"sneckomod:UnknownX+1","floor":34.0},{"not_picked":["sneckomod:UnlimitedRolls","sneckomod:DangerNoodle"],"picked":"sneckomod:SoulExchange","floor":34.0},{"not_picked":["sneckomod:QuickBite","sneckomod:UnknownStrike"],"picked":"sneckomod:SnekBeam","floor":37.0},{"not_picked":["sneckomod:DiceBoulder+1","sneckomod:CheapStock+1"],"picked":"sneckomod:UnknownStrike+1","floor":38.0},{"not_picked":["sneckomod:MasterEye","sneckomod:Unknown1Cost+1"],"picked":"sneckomod:UnknownBlock+1","floor":44.0},{"not_picked":["sneckomod:UnknownStrike+1","sneckomod:Unknown1Cost+1"],"picked":"sneckomod:UnknownVulnerable+1","floor":44.0},{"not_picked":["sneckomod:UnknownUncommonPower+1","sneckomod:UnknownClassCHRONO_GOLD+1"],"picked":"sneckomod:Unknown0Cost+1","floor":45.0},{"not_picked":["sneckomod:Unknown0Cost+1","sneckomod:Nope+1"],"picked":"sneckomod:UnknownClassPURPLE+1","floor":45.0},{"not_picked":["sneckomod:SnakeSap","sneckomod:SoulRoll"],"picked":"sneckomod:Restock","floor":49.0},{"not_picked":["sneckomod:UnknownClassRED","sneckomod:UnknownVulnerable+1"],"picked":"sneckomod:DiceBlock+1","floor":50.0},{"not_picked":["sneckomod:SoulRoll+1","sneckomod:UnknownEthereal"],"picked":"sneckomod:DiceBlock+1","floor":53.0}],"player_experience":1259705,"relics_obtained":[{"floor":7.0,"key":"infinitespire:Magic Flask"},{"floor":8.0,"key":"WingedGreaves"},{"floor":10.0,"key":"infinitespire:EmpoweringShard"},{"floor":12.0,"key":"Du-Vu Doll"},{"floor":30.0,"key":"Ornamental Fan"},{"floor":39.0,"key":"ReplayTheSpireMod:Lightbulb"},{"floor":42.0,"key":"Omamori"},{"floor":45.0,"key":"infinitespire:CheckeredPen"},{"floor":49.0,"key":"Pear"},{"floor":53.0,"key":"Thread and Needle"}],"event_choices":[{"cards_removed":["sneckomod:Strike"],"damage_healed":0.0,"max_hp_gain":0.0,"max_hp_loss":0.0,"gold_gain":0.0,"event_name":"betterNote:BetterNote","player_choice":"Give","floor":29.0,"gold_loss":0.0,"damage_taken":0.0,"cards_obtained":["hexamod:Strike"]},{"cards_removed":["sneckomod:MorePower"],"damage_healed":0.0,"max_hp_gain":0.0,"max_hp_loss":0.0,"gold_gain":0.0,"event_name":"Falling","player_choice":"Removed Power","floor":48.0,"gold_loss":0.0,"damage_taken":0.0}],"is_beta":false,"boss_relics":[{"not_picked":["Replay:Wanted Poster","Busted Crown"],"picked":"Philosopher\u0027s Stone"},{"not_picked":["Runic Dome","Coffee Dripper"],"picked":"Empty Cage"}],"items_purged_floors":[9,20,28],"is_endless":false,"potions_floor_spawned":[2,10,12,16,19,30,32,33,34,38,50,53],"ascension_level":0}}