{"host":"fbjkyf8096sobcph","time":1609189564,"event":{"mods":["2.2 Compatiblity","AchievementEnabler","Aspiration","BaseMod","Better Altar","Better Match","Better Note","Better Sensory Stone","Better Skull","Better Third Choice","BetterRewards","CCEM","Clawfect","Colored Map","Conspire","Downfall","GifTheSpireLib","Halation","Highlight Path","Hubris","Infinite Spire","Mimic Mod","Minty Spire (QoL Compilation)","Permanent Neow","Replay The Spire","Shop Mod","Spicy Shops","StSLib","Stuff the Spire","Unceasing Turn Reminder","Waifu the Spire","everything is the same but u backflip on backflip","slay the spire mod where everything is the same but ironclad has a cowboy hat"],"gold_per_floor":[0,16,36,36,50,35,59,79,92,92,121,46,64,74,89,89,89,89],"floor_reached":16,"playtime":1351,"items_purged":[],"score":106,"play_id":"e5be3b85-ffae-43c8-96ff-0382742ec995","local_time":"20201228220604","is_ascension_mode":false,"campfire_choices":[{"data":"Apotheosis","floor":1,"key":"SMITH"},{"data":"champ:IgnorePain","floor":12,"key":"SMITH"}],"circlet_count":0,"master_deck":["champ:Strike","champ:Strike","champ:Strike","champ:Strike","champ:Defend","champ:Defend","champ:Defend","champ:Execute","champ:Taunt","Apotheosis+1","champ:EnGarde","champ:Circumvent","champ:FalseCounter","champ:RisingSlash","Pot Of Greed","Pot Of Greed","champ:IgnorePain+1","champ:ArenaPreparation","champ:Duel","champ:StanceDance"],"relics":["champ:ChampionCrown","Grinning Jar","downfall:HeartBlessingBlue"],"acts_visited":["Exordium"],"potions_floor_usage":[11,16,16,16],"damage_taken":[{"damage":19,"enemies":"Jaw Worm","floor":2,"turns":5},{"damage":5,"enemies":"Cultist","floor":3,"turns":4},{"damage":8,"enemies":"Small Slimes","floor":5,"turns":5},{"damage":4,"enemies":"downfall:FleeingMerchant","floor":6,"turns":4},{"damage":21,"enemies":"Red Slaver","floor":8,"turns":2},{"damage":28,"enemies":"Lots of Slimes","floor":9,"turns":5},{"damage":25,"enemies":"3 Sentries","floor":11,"turns":8},{"damage":7,"enemies":"Exordium Wildlife","floor":13,"turns":4},{"damage":10,"enemies":"3 Louse","floor":14,"turns":3},{"damage":10,"enemies":"Red Slaver","floor":15,"turns":4},{"damage":22,"enemies":"downfall:Ironclad","floor":16,"turns":3}],"seed_played":"841292254694532501","potions_obtained":[{"floor":3,"key":"Regen Potion"},{"floor":5,"key":"Adrenaline Potion"},{"floor":9,"key":"Energy Potion"},{"floor":11,"key":"Adrenaline Potion"}],"is_trial":false,"path_per_floor":["R","M","M","?","M","$","T","M","M","?","E","R","M","M","M","B"],"character_chosen":"THE_CHAMP","items_purchased":[],"campfire_rested":0,"item_purchase_floors":[],"current_hp_per_floor":[90,79,79,79,78,78,78,57,31,31,11,21,19,19,14,0,0,0],"gold":89,"neow_bonus":"RANDOM_COLORLESS_2","is_daily":false,"chose_seed":false,"campfire_upgraded":2,"win_rate":0.0,"timestamp":1609189564,"path_taken":["R","M","M","?","?","$","T","M","M","?","E","R","?","?","M","BOSS"],"items_purchased_type":[],"build_version":"2020-12-22","purchased_purges":0,"victory":false,"max_hp_per_floor":[90,90,90,90,90,90,90,90,90,90,90,100,100,100,100,100,100,100],"card_choices":[{"not_picked":["Crow Ritual","ReplayUltimateDefense"],"picked":"Apotheosis","floor":0},{"not_picked":["champ:FaceSlap","champ:FanOfKnives"],"picked":"champ:EnGarde","floor":2},{"not_picked":["champ:AdrenalArmor","champ:DefensiveShout"],"picked":"champ:Circumvent","floor":3},{"not_picked":["champ:FocusedGladiator","champ:BringItOn"],"picked":"champ:FalseCounter","floor":5},{"not_picked":["champ:BerserkersShout","champ:Encircle"],"picked":"champ:RisingSlash","floor":6},{"not_picked":["champ:GutPunch","champ:GladiatorsShout","champ:AdrenalArmor"],"picked":"SKIP","floor":8},{"not_picked":["champ:Haymaker","champ:FlashCut","champ:FaceSlap"],"picked":"SKIP","floor":9},{"not_picked":["champ:TornadoPunch","champ:GladiatorsShout"],"picked":"champ:IgnorePain","floor":11},{"not_picked":["champ:Haymaker","champ:FanOfKnives"],"picked":"champ:ArenaPreparation","floor":13},{"not_picked":["champ:DeathBlow","champ:FlashCut"],"picked":"champ:Duel","floor":14},{"not_picked":["champ:FlashCut","champ:FocusedGladiator"],"picked":"champ:StanceDance","floor":15}],"player_experience":237426,"relics_obtained":[{"floor":11,"key":"Grinning Jar"}],"event_choices":[{"damage_healed":0,"gold_gain":0,"cards_transformed":["champ:Defend"],"player_choice":"Transformed","damage_taken":0,"max_hp_gain":0,"max_hp_loss":0,"event_name":"Transmorgrifier","floor":4,"gold_loss":0,"cards_obtained":["champ:AdrenalArmor"]},{"cards_removed":["champ:AdrenalArmor"],"damage_healed":0,"gold_gain":0,"player_choice":"Purged","damage_taken":0,"max_hp_gain":0,"max_hp_loss":0,"event_name":"Purifier","floor":10,"gold_loss":0}],"is_beta":false,"boss_relics":[],"items_purged_floors":[],"is_endless":false,"potions_floor_spawned":[3,5,9,11],"killed_by":"downfall:Ironclad","ascension_level":0}}