{"host":"islfki3h62fae8hl","time":1609115550,"event":{"mods":["BaseMod","Colored Map","Colored Powertips","Conspire","Hermit","Hubris","Infinite Spire","Minty Spire (QoL Compilation)","Quick Restart","Random Character Button","Rare Cards Sparkle","Replay The Spire","Shop Mod","StSLib","The Construct","The Cursed","The Death Knight","The Forsaken","The Hierophant","The Judge","The Mystic","The Necromancer","The Runesmith","The Servant 0.9.4","The Valiant","egg","slay the spire mod where everything is the same but ironclad has a cowboy hat"],"gold_per_floor":[117,117,35,53,73,73,83,108,135,167,167,167,167,187,187,287,287,306,317,335,335,335],"floor_reached":21,"playtime":1525,"items_purged":[],"score":191,"play_id":"cbf75e4e-bc97-4a16-a5da-ce994720c1f3","local_time":"20201227193230","is_ascension_mode":false,"campfire_choices":[{"data":"mysticmod:HeavyStrike","floor":6,"key":"SMITH"},{"floor":11,"key":"REST"},{"data":"mysticmod:ShockingGrasp","floor":13,"key":"SMITH"},{"floor":15,"key":"DIG"}],"circlet_count":0,"master_deck":["mysticmod:Strike_Mystic","mysticmod:Strike_Mystic","mysticmod:Strike_Mystic","mysticmod:Strike_Mystic","mysticmod:Defend_Mystic","mysticmod:Defend_Mystic","mysticmod:Defend_Mystic","mysticmod:Defend_Mystic","mysticmod:ArcaneDodge","mysticmod:ShockingGrasp+1","mysticmod:PunishingArmor","mysticmod:HeavyStrike+1","theForsaken:PlagueCurse","mysticmod:Riposte","mysticmod:Sideswipe","mysticmod:LightningBolt","mysticmod:CorrosiveTouch","mysticmod:Grease","mysticmod:BladedDash","mysticmod:Discipline","mysticmod:Flurry","mysticmod:SuddenClarity"],"relics":["mysticmod:SpellBook","NeowsBlessing","ReplayTheSpireMod:CursedCoin","Centennial Puzzle","hubris:Spice","Regal Pillow","conspire:TopHat","GremlinMask","hubris:CrystalStatue","Replay:Grab Bag","Fusion Hammer","conspire:SlowCooker","hubris:Backtick","Vampire_Amulet","hubris:ScarierMask"],"acts_visited":["Exordium","TheCity"],"potions_floor_usage":[8,16,18],"damage_taken":[{"damage":0,"enemies":"Jaw Worm","floor":1,"turns":1},{"damage":0,"enemies":"Cultist","floor":4,"turns":1},{"damage":0,"enemies":"2 Louse","floor":5,"turns":1},{"damage":10,"enemies":"Gremlin Gang","floor":7,"turns":3},{"damage":20,"enemies":"Lagavulin","floor":8,"turns":5},{"damage":24,"enemies":"3 Sentries","floor":10,"turns":6},{"damage":9,"enemies":"3 Louse","floor":14,"turns":3},{"damage":40,"enemies":"Fading Forest","floor":16,"turns":11},{"damage":20,"enemies":"Spheric Guardian","floor":18,"turns":4},{"damage":17,"enemies":"3 Byrds","floor":19,"turns":4},{"damage":47,"enemies":"Snake Plant","floor":20,"turns":6},{"damage":10,"enemies":"Centurion and Healer","floor":21,"turns":3}],"seed_played":"3711003283398085694","potions_obtained":[{"floor":7,"key":"LiquidBronze"},{"floor":10,"key":"Explosive Potion"},{"floor":16,"key":"Strength Potion"}],"is_trial":false,"path_per_floor":["M","?","$","M","M","R","M","E","T","E","R","?","R","M","R_BF","B",null,"M","M","M","M"],"character_chosen":"MYSTIC_CLASS","items_purchased":["mysticmod:HeavyStrike","ReplayTheSpireMod:CursedCoin","Centennial Puzzle","mysticmod:Riposte"],"campfire_rested":1,"item_purchase_floors":[3,3,3,3],"current_hp_per_floor":[77,70,70,70,70,70,60,48,48,24,64,64,64,55,55,25,85,67,54,9,0,0],"gold":335,"neow_bonus":"THREE_ENEMY_KILL","is_daily":false,"chose_seed":false,"campfire_upgraded":2,"win_rate":0.0,"timestamp":1609115550,"path_taken":["M","?","$","M","?","R","M","E","T","E","R","?","R","M","R_BF","BOSS","M","M","?","M"],"items_purchased_type":["Card","Relic","Relic","Card"],"build_version":"2020-12-22","purchased_purges":0,"victory":false,"max_hp_per_floor":[77,77,77,77,77,77,77,85,85,85,85,85,85,85,85,85,85,85,85,85,85,85],"card_choices":[{"not_picked":["mysticmod:TomeOfSpells","mysticmod:Disengage"],"picked":"mysticmod:PunishingArmor","floor":1},{"not_picked":["mysticmod:TomeOfSpells","mysticmod:EarthenWall"],"picked":"mysticmod:Sideswipe","floor":4},{"not_picked":["mysticmod:Alacrity","mysticmod:Disengage"],"picked":"mysticmod:LightningBolt","floor":5},{"not_picked":["mysticmod:PreparedCaster","mysticmod:Probe"],"picked":"mysticmod:CorrosiveTouch","floor":7},{"not_picked":["mysticmod:EbbAndFlow","mysticmod:PureInstinct"],"picked":"mysticmod:Grease","floor":8},{"not_picked":["mysticmod:Sideswipe","mysticmod:SpellCombat"],"picked":"mysticmod:BladedDash","floor":10},{"not_picked":["mysticmod:EnergizedRift","mysticmod:AllIn","mysticmod:PureInstinct"],"picked":"SKIP","floor":14},{"not_picked":["mysticmod:ObscuringMist","mysticmod:SpellRecall"],"picked":"mysticmod:Discipline","floor":16},{"not_picked":["mysticmod:PowerSlash","mysticmod:FiveFootStep"],"picked":"mysticmod:Flurry","floor":18},{"not_picked":["mysticmod:Grapple","mysticmod:Grease"],"picked":"mysticmod:SuddenClarity","floor":19},{"not_picked":["mysticmod:Fly","mysticmod:Feint","mysticmod:Flurry"],"picked":"SKIP","floor":20}],"player_experience":1611,"relics_obtained":[{"floor":8,"key":"hubris:Spice"},{"floor":9,"key":"Regal Pillow"},{"floor":10,"key":"conspire:TopHat"},{"floor":15,"key":"hubris:CrystalStatue"}],"event_choices":[{"damage_healed":0,"gold_gain":0,"player_choice":"Damaged","damage_taken":7,"max_hp_gain":0,"max_hp_loss":0,"event_name":"Wheel of Change","floor":2,"gold_loss":0},{"damage_healed":0,"gold_gain":0,"player_choice":"Trade","damage_taken":0,"relics_obtained":["GremlinMask"],"max_hp_gain":0,"max_hp_loss":0,"event_name":"FaceTrader","floor":12,"gold_loss":0}],"is_beta":false,"boss_relics":[{"not_picked":["Coffee Dripper","Cursed Key"],"picked":"Replay:Grab Bag"},{"not_picked":["Runic Dome","ReplayTheSpireMod:Onyx Gauntlets"],"picked":"Fusion Hammer"},{"not_picked":["hubris:CrackedHourglass","Runesmith:UraniumAnvil"],"picked":"conspire:SlowCooker"},{"not_picked":["SacredBark","conspire:SpecialSausage"],"picked":"hubris:Backtick"},{"not_picked":["mysticmod:BlessedBook","Calling Bell"],"picked":"hubris:ScarierMask"}],"items_purged_floors":[],"is_endless":false,"potions_floor_spawned":[7,10,16],"killed_by":"Centurion and Healer","ascension_level":0}}