{"host":"jksa5rawk3m4gilz","time":1609159359,"event":{"mods":["BaseMod","Colored Map","Highlight Path","Minty Spire (QoL Compilation)","Quick Restart"],"gold_per_floor":[115,115,130,200,73,108,108,158,158,158,182,207,244,263,263,345,345,333,383,383,383],"floor_reached":20,"playtime":3060,"items_purged":[],"score":313,"play_id":"94af8dc0-d88e-4d39-8bcb-aaa9ea3dac5d","local_time":"20201228134239","is_ascension_mode":true,"campfire_choices":[{"data":"Leg Sweep","floor":7,"key":"SMITH"},{"floor":10,"key":"REST"},{"data":"Infinite Blades","floor":15,"key":"SMITH"}],"circlet_count":0,"master_deck":["AscendersBane","Strike_G","Strike_G","Strike_G","Defend_G","Defend_G","Defend_G","Defend_G","Defend_G","Survivor","Neutralize","Clumsy","Backstab","Accuracy","Choke","Leg Sweep+1","Accuracy","Bandage Up","Blur","Dash+1","Terror","Infinite Blades+1","Predator+1","Venomology"],"relics":["Ring of the Snake","SsserpentHead","Molten Egg 2","CeramicFish","StrikeDummy","Darkstone Periapt","Snecko Eye"],"acts_visited":["Exordium","TheCity"],"potions_floor_usage":[6,13,13],"damage_taken":[{"damage":3,"enemies":"Jaw Worm","floor":1,"turns":5},{"damage":0,"enemies":"Cultist","floor":3,"turns":5},{"damage":2,"enemies":"Small Slimes","floor":4,"turns":4},{"damage":18,"enemies":"Lagavulin","floor":6,"turns":9},{"damage":1,"enemies":"2 Fungi Beasts","floor":11,"turns":5},{"damage":8,"enemies":"Large Slime","floor":12,"turns":7},{"damage":20,"enemies":"Gremlin Nob","floor":13,"turns":6},{"damage":3,"enemies":"Blue Slaver","floor":14,"turns":6},{"damage":8,"enemies":"Slime Boss","floor":16,"turns":8},{"damage":22,"enemies":"2 Thieves","floor":18,"turns":4},{"damage":0,"enemies":"Spheric Guardian","floor":20,"turns":1}],"seed_played":"-1593137648625295051","potions_obtained":[{"floor":3,"key":"Weak Potion"},{"floor":4,"key":"DistilledChaos"},{"floor":11,"key":"Block Potion"},{"floor":12,"key":"ColorlessPotion"}],"is_trial":false,"path_per_floor":["M","?","M","M","$","E","R","?","T","R","M","M","E","M","R","B",null,"M","?","M"],"character_chosen":"THE_SILENT","items_purchased":["Accuracy","Bandage Up"],"campfire_rested":1,"item_purchase_floors":[5,5],"current_hp_per_floor":[56,56,56,54,54,40,40,33,33,52,55,51,35,36,36,32,58,36,24,24,24],"gold":383,"neow_bonus":"TRANSFORM_TWO_CARDS","is_daily":false,"chose_seed":false,"campfire_upgraded":2,"win_rate":0.0,"timestamp":1609159359,"path_taken":["M","?","M","?","?","E","R","?","T","R","M","M","E","M","R","BOSS","M","?","M"],"items_purchased_type":["Card","Card"],"build_version":"2020-12-22","purchased_purges":0,"victory":false,"max_hp_per_floor":[66,66,66,66,66,66,66,66,66,66,66,66,66,66,66,66,66,66,71,71,71],"card_choices":[{"not_picked":["Bane","Backflip","Dodge and Roll"],"picked":"SKIP","floor":1},{"not_picked":["Outmaneuver","Deadly Poison"],"picked":"Choke","floor":3},{"not_picked":["Skewer","Bouncing Flask"],"picked":"Leg Sweep","floor":4},{"not_picked":["Prepared","Dagger Throw+1"],"picked":"Blur","floor":6},{"not_picked":["Flying Knee+1","Concentrate"],"picked":"Dash+1","floor":11},{"not_picked":["Choke+1","Slice+1"],"picked":"Terror","floor":12},{"not_picked":["Sucker Punch+1","Phantasmal Killer"],"picked":"Infinite Blades","floor":13},{"not_picked":["Concentrate","Caltrops"],"picked":"Predator+1","floor":14},{"not_picked":["Envenom","Malaise"],"picked":"Venomology","floor":16},{"not_picked":["Dodge and Roll","Bane+1","Quick Slash+1"],"picked":"SKIP","floor":18}],"player_experience":2078387,"relics_obtained":[{"floor":6,"key":"Molten Egg 2"},{"floor":9,"key":"StrikeDummy"},{"floor":13,"key":"Darkstone Periapt"}],"event_choices":[{"damage_healed":0,"gold_gain":0,"player_choice":"Trade","damage_taken":0,"relics_obtained":["SsserpentHead"],"max_hp_gain":0,"max_hp_loss":0,"event_name":"FaceTrader","floor":2,"gold_loss":0},{"damage_healed":0,"gold_gain":0,"player_choice":"Success","damage_taken":7,"relics_obtained":["CeramicFish"],"max_hp_gain":0,"max_hp_loss":0,"event_name":"Scrap Ooze","floor":8,"gold_loss":0},{"damage_healed":0,"gold_gain":0,"player_choice":"Shed Blood","damage_taken":17,"max_hp_gain":5,"max_hp_loss":0,"event_name":"Forgotten Altar","floor":19,"gold_loss":0}],"is_beta":false,"boss_relics":[{"not_picked":["Ectoplasm","Philosopher\u0027s Stone"],"picked":"Snecko Eye"}],"items_purged_floors":[],"is_endless":false,"potions_floor_spawned":[3,4,11,12],"killed_by":"Spheric Guardian","ascension_level":14}}