{"host":"0cm5wy4nhuju7tij","time":1609196574,"event":{"mods":["2.2 Compatiblity","AchievementEnabler","Aspiration","BaseMod","BetterRewards","CCEM","CapriCore","Colored Powertips","Custom Start","Energized Spire","Fireblade Mod","Highlight Path","Minty Spire (QoL Compilation)","Permanent Neow","Railgun Mod","Relic Stats","Shop Mod","Spicy Shops","StSLib","The Bladedancer","The Servant 0.9.4","TheSwordswoman"],"gold_per_floor":[117,135,145,159,176,176,176,176,176,176,176,176,204,221,221,322,322,335,335,60,60,73,102,102,126,201,201,236,8,8,8],"floor_reached":30,"playtime":1426,"items_purged":["Writhe"],"score":358,"play_id":"a59bbe2b-b14b-4b52-b43e-e9fc6ae7e764","local_time":"20201228180254","is_ascension_mode":true,"campfire_choices":[{"data":"Tantrum","floor":6,"key":"SMITH"},{"data":"ReachHeaven","floor":8,"key":"SMITH"},{"data":"PathToVictory","floor":10,"key":"SMITH"},{"data":"Vigilance","floor":15,"key":"SMITH"},{"floor":24,"key":"REST"},{"data":"DevaForm","floor":27,"key":"SMITH"}],"circlet_count":0,"master_deck":["Strike_P","Strike_P","Defend_P","Defend_P","Defend_P","Defend_P","Eruption+1","Vigilance+1","PathToVictory+1","ReachHeaven+1","Tantrum+1","Conclude+1","EmptyBody","ClearTheMind","EmptyBody","InnerPeace","DevaForm+1","Wallop","ThirdEye","Nirvana","FlyingSleeves","ThirdEye","PathToVictory","WindmillStrike"],"relics":["PureWater","Peace Pipe","Boot","SlaversCollar","MawBank","Toy Ornithopter","aspiration:RitualStick","aspiration:HiddenCompartment","CCEMRelics:SpiritsEdge","CCEMRelics:FryingPan","Regal Pillow","Anchor","Bag of Marbles"],"acts_visited":["Exordium","TheCity"],"potions_floor_usage":[],"damage_taken":[{"damage":0,"enemies":"Small Slimes","floor":1,"turns":2},{"damage":1,"enemies":"Jaw Worm","floor":2,"turns":3},{"damage":1,"enemies":"2 Louse","floor":3,"turns":3},{"damage":2,"enemies":"Looter","floor":4,"turns":2},{"damage":7,"enemies":"Blue Slaver","floor":5,"turns":2},{"damage":0,"enemies":"Gremlin Nob","floor":13,"turns":2},{"damage":0,"enemies":"2 Fungi Beasts","floor":14,"turns":1},{"damage":0,"enemies":"Slime Boss","floor":16,"turns":3},{"damage":18,"enemies":"2 Thieves","floor":18,"turns":3},{"damage":5,"enemies":"Chosen","floor":22,"turns":4},{"damage":19,"enemies":"Gremlin Leader","floor":23,"turns":5},{"damage":30,"enemies":"Slavers","floor":28,"turns":4}],"seed_played":"-5088540730805280170","potions_obtained":[{"floor":2,"key":"SneckoOil"},{"floor":13,"key":"PowerPotion"},{"floor":14,"key":"SteroidPotion"},{"floor":18,"key":"BottledMiracle"},{"floor":28,"key":"Fire Potion"}],"is_trial":false,"path_per_floor":["M","M","M","M","M","R","?","R","T","R","?","?","E","M","R","B",null,"M","?","$","?","M","E","R","T","T","R","E","$","?"],"character_chosen":"WATCHER","items_purchased":["Toy Ornithopter","ThirdEye","Nirvana","FlyingSleeves","Anchor","Bag of Marbles"],"campfire_rested":1,"item_purchase_floors":[20,20,20,20,29,29],"current_hp_per_floor":[72,71,70,68,61,61,61,61,61,61,66,60,60,60,60,60,77,59,59,59,44,39,20,43,43,43,43,13,13,0,0],"gold":8,"neow_bonus":"UPGRADE_CARD","is_daily":false,"chose_seed":false,"campfire_upgraded":5,"win_rate":0.0,"timestamp":1609196574,"path_taken":["M","M","M","M","M","R","?","R","T","R","?","?","E","M","R","BOSS","M","?","$","?","M","E","R","?","T","R","E","$","?"],"items_purchased_type":["Relic","Card","Card","Card","Relic","Relic"],"build_version":"2020-12-22","purchased_purges":1,"victory":false,"max_hp_per_floor":[72,72,72,72,72,72,72,72,72,72,77,77,77,77,77,77,77,77,77,77,77,77,77,77,77,77,77,77,77,82,82],"relic_stats":{"Peace Pipe":0,"Regal Pillow":0,"counters":[12,34],"Boot":[30],"MawBank":12,"obtain_stats":[{"Regal Pillow":28,"Boot":13,"MawBank":19,"aspiration:HiddenCompartment":23,"aspiration:RitualStick":21,"CCEMRelics:SpiritsEdge":25,"Peace Pipe":9,"SlaversCollar":17,"Anchor":29,"CCEMRelics:FryingPan":26,"Bag of Marbles":29,"PureWater":0,"Toy Ornithopter":20},{"Regal Pillow":12,"Boot":6,"MawBank":9,"aspiration:HiddenCompartment":11,"aspiration:RitualStick":9,"CCEMRelics:SpiritsEdge":11,"Peace Pipe":5,"SlaversCollar":8,"Anchor":12,"CCEMRelics:FryingPan":11,"Bag of Marbles":12,"PureWater":0,"Toy Ornithopter":9},{"Regal Pillow":34,"Boot":14,"MawBank":21,"aspiration:HiddenCompartment":30,"aspiration:RitualStick":21,"CCEMRelics:SpiritsEdge":30,"Peace Pipe":12,"SlaversCollar":18,"Anchor":34,"CCEMRelics:FryingPan":30,"Bag of Marbles":34,"PureWater":0,"Toy Ornithopter":21}],"Toy Ornithopter":0,"aspiration:RitualStick":[0]},"card_choices":[{"not_picked":["SashWhip","Prostrate"],"picked":"PathToVictory","floor":1},{"not_picked":["FearNoEvil","WheelKick"],"picked":"ReachHeaven","floor":2},{"not_picked":["Evaluate","FollowUp"],"picked":"Tantrum","floor":3},{"not_picked":["DeceiveReality","FlurryOfBlows"],"picked":"Conclude","floor":4},{"not_picked":["WaveOfTheHand","ForeignInfluence"],"picked":"EmptyBody","floor":5},{"not_picked":["Brilliance","Nirvana"],"picked":"EmptyBody","floor":13},{"not_picked":["Fasting2","FlurryOfBlows"],"picked":"InnerPeace","floor":14},{"not_picked":["Establishment","Brilliance"],"picked":"DevaForm","floor":16},{"not_picked":["ThirdEye+1","FlurryOfBlows"],"picked":"Wallop","floor":18},{"not_picked":["FlurryOfBlows","FlyingSleeves"],"picked":"ThirdEye","floor":22},{"not_picked":["Consecrate","Protect"],"picked":"PathToVictory","floor":23},{"not_picked":["EmptyMind","SignatureMove"],"picked":"WindmillStrike","floor":28}],"player_experience":246633,"relics_obtained":[{"floor":9,"key":"Peace Pipe"},{"floor":13,"key":"Boot"},{"floor":23,"key":"aspiration:HiddenCompartment"},{"floor":25,"key":"CCEMRelics:SpiritsEdge"},{"floor":26,"key":"CCEMRelics:FryingPan"},{"floor":28,"key":"Regal Pillow"}],"event_choices":[{"damage_healed":0,"gold_gain":0,"cards_transformed":["Strike_P"],"player_choice":"Change","damage_taken":0,"max_hp_gain":0,"max_hp_loss":0,"event_name":"Living Wall","floor":7,"gold_loss":0,"cards_obtained":["ClearTheMind"]},{"damage_healed":0,"gold_gain":0,"player_choice":"Donut","damage_taken":0,"max_hp_gain":5,"max_hp_loss":0,"event_name":"Big Fish","floor":11,"gold_loss":0},{"damage_healed":0,"gold_gain":0,"player_choice":"Opened","damage_taken":0,"relics_obtained":["MawBank"],"max_hp_gain":0,"max_hp_loss":0,"event_name":"The Mausoleum","floor":19,"gold_loss":0,"cards_obtained":["Writhe"]},{"damage_healed":0,"gold_gain":0,"player_choice":"Shed Blood","damage_taken":19,"max_hp_gain":5,"max_hp_loss":0,"event_name":"Forgotten Altar","floor":30,"gold_loss":0}],"is_beta":false,"boss_relics":[{"not_picked":["energizedSpire:BlackCloud","Cursed Key"],"picked":"SlaversCollar"}],"items_purged_floors":[20],"is_endless":false,"potions_floor_spawned":[2,13,14,18,28],"ascension_level":1}}