{"host":"ttx8tv95o5vka1nm","time":1609128862,"event":{"mods":["BaseMod","Colored Map","Downfall","Infinite Spire","Minty Spire (QoL Compilation)","Replay The Spire","Shop Mod","StSLib","The Jungle"],"gold_per_floor":[114,114,125,135,148,182,182,208,208,224,28,48,48,68,68,168,168,182,182,196,214,214,240,339,349,429,429,429],"floor_reached":27,"playtime":3197,"items_purged":["Strike_R","sneckomod:Bewildered"],"score":296,"play_id":"79b392d4-9d6b-4f5b-ab46-1825eae02f1e","local_time":"20201228141422","is_ascension_mode":true,"campfire_choices":[{"data":"Body Slam","floor":7,"key":"SMITH"},{"data":"Armaments","floor":13,"key":"SMITH"},{"floor":15,"key":"DIG"}],"circlet_count":0,"master_deck":["Strike_R","Strike_R","Strike_R","Strike_R","Defend_R","Defend_R","Defend_R","Defend_R","Bash","ReplayTheSpireMod:Private Reserves","Spot Weakness+1","Body Slam+1","Armaments","Armaments+1","Inflame","Metallicize","Flex+1","Shrug It Off+1","Shrug It Off+1","Offering+1","Clumsy","Slimebound:Icky","Metallicize","infinitespire:FutureSight+1","infinitespire:NeuralNetwork","Metallicize+1","ReplayTheSpireMod:Muscle Training+1"],"relics":["Burning Blood","infinitespire:BottledMercury","Matryoshka","Orichalcum","Toxic Egg 2","Happy Flower","Replay:Ancient Bell","infinitespire:PuzzleCube","Replay:WaspNest","Shovel","NlothsMask","Busted Crown","Blood Vial","Replay:Rubber Ducky","Mummified Hand"],"acts_visited":["Exordium","TheCity"],"potions_floor_usage":[10,23],"damage_taken":[{"damage":3,"enemies":"Jaw Worm","floor":1,"turns":4},{"damage":1,"enemies":"Cultist","floor":3,"turns":4},{"damage":11,"enemies":"2 Louse","floor":4,"turns":3},{"damage":12,"enemies":"Red Slaver","floor":5,"turns":4},{"damage":20,"enemies":"3 Sentries","floor":6,"turns":7},{"damage":18,"enemies":"Lagavulin","floor":8,"turns":6},{"damage":0,"enemies":"3 Louse","floor":10,"turns":2},{"damage":6,"enemies":"Large Slime","floor":12,"turns":5},{"damage":8,"enemies":"Exordium Wildlife","floor":14,"turns":5},{"damage":15,"enemies":"Slime Boss","floor":16,"turns":12},{"damage":7,"enemies":"Shell Parasite","floor":18,"turns":6},{"damage":29,"enemies":"Spheric Guardian","floor":20,"turns":5},{"damage":30,"enemies":"Cultist and Chosen","floor":21,"turns":6},{"damage":14,"enemies":"Slavers","floor":23,"turns":5},{"damage":24,"enemies":"Centurion and Healer","floor":25,"turns":7},{"damage":23,"enemies":"Masked Bandits","floor":27,"turns":3}],"seed_played":"-8654425091732321348","potions_obtained":[{"floor":5,"key":"Dexterity Potion"},{"floor":8,"key":"Explosive Potion"},{"floor":10,"key":"SpeedPotion"},{"floor":14,"key":"Strength Potion"},{"floor":16,"key":"infinitespire:BlackPotion"},{"floor":25,"key":"Dexterity Potion"}],"is_trial":false,"path_per_floor":["M","?","M","M","M","E","R","E","T","M","$","M","R","M","R_BF","B",null,"M","?","M","M","AVR","E","?","M","T","?"],"character_chosen":"IRONCLAD","items_purchased":["Metallicize","Flex+1"],"campfire_rested":0,"item_purchase_floors":[11,11],"current_hp_per_floor":[80,80,80,75,69,55,55,43,43,49,49,49,49,47,47,38,80,79,79,56,32,32,26,26,10,10,0,0],"gold":429,"neow_bonus":"RANDOM_COLORLESS","is_daily":false,"chose_seed":false,"campfire_upgraded":2,"win_rate":0.0,"timestamp":1609128862,"path_taken":["M","?","M","M","M","E","R","E","T","M","?","M","R","M","R_BF","BOSS","M","?","?","M","AVR","E","?","M","T","?"],"items_purchased_type":["Card","Card"],"build_version":"2020-12-22","purchased_purges":2,"victory":false,"max_hp_per_floor":[80,80,80,80,80,80,80,80,80,80,80,80,80,80,80,80,80,80,80,80,80,80,80,80,80,80,80,80],"card_choices":[{"not_picked":["Blind","expansioncontent:ChargeUp"],"picked":"ReplayTheSpireMod:Private Reserves","floor":0},{"not_picked":["Iron Wave","Twin Strike"],"picked":"Spot Weakness","floor":1},{"not_picked":["Havoc","Rupture"],"picked":"Body Slam","floor":3},{"not_picked":["Sword Boomerang","Run Through"],"picked":"Armaments","floor":4},{"not_picked":["ReplayTheSpireMod:Limb From Limb","Rupture","Abandon"],"picked":"SKIP","floor":5},{"not_picked":["Replay:Undeath\u0027s Touch","Clothesline"],"picked":"Armaments","floor":6},{"not_picked":["Burning Pact","Anger","Havoc"],"picked":"SKIP","floor":8},{"not_picked":["Anger","Rupture"],"picked":"Inflame","floor":10},{"not_picked":["Cleave","Metallicize"],"picked":"Shrug It Off+1","floor":12},{"not_picked":["Power Through+1","Thunderclap"],"picked":"Shrug It Off+1","floor":14},{"not_picked":["Corruption","Exhume+1"],"picked":"Offering+1","floor":16},{"not_picked":["Parasite","Injury"],"picked":"sneckomod:Bewildered","floor":17},{"not_picked":["Regret","Overencumbered"],"picked":"Clumsy","floor":17},{"not_picked":["Pain","Looming Evil"],"picked":"Slimebound:Icky","floor":17},{"not_picked":["ReplayTheSpireMod:Corrosion Curse+1","Seeing Red+1"],"picked":"Metallicize","floor":18},{"not_picked":["Bludgeon","Replay:Undeath\u0027s Touch","Uppercut"],"picked":"SKIP","floor":20},{"not_picked":["Pommel Strike","Havoc+1","Replay:Undeath\u0027s Touch"],"picked":"SKIP","floor":21},{"not_picked":[],"picked":"Metallicize+1","floor":23},{"not_picked":[],"picked":"ReplayTheSpireMod:Muscle Training+1","floor":25}],"player_experience":478886,"relics_obtained":[{"floor":6,"key":"infinitespire:BottledMercury"},{"floor":8,"key":"Matryoshka"},{"floor":9,"key":"Orichalcum"},{"floor":9,"key":"Toxic Egg 2"},{"floor":15,"key":"Happy Flower"},{"floor":23,"key":"Replay:Rubber Ducky"},{"floor":26,"key":"Mummified Hand"}],"event_choices":[{"damage_healed":0,"gold_gain":0,"player_choice":"Forge","damage_taken":0,"max_hp_gain":0,"max_hp_loss":0,"event_name":"Accursed Blacksmith","floor":2,"gold_loss":0,"cards_upgraded":["Spot Weakness"]},{"damage_healed":0,"gold_gain":0,"player_choice":"Trade","damage_taken":0,"relics_obtained":["NlothsMask"],"max_hp_gain":0,"max_hp_loss":0,"event_name":"FaceTrader","floor":19,"gold_loss":0},{"damage_healed":0,"gold_gain":99,"player_choice":"Stole From Cult","damage_taken":0,"max_hp_gain":0,"max_hp_loss":0,"event_name":"Nest","floor":24,"gold_loss":0},{"damage_healed":0,"gold_gain":0,"player_choice":"Fought Bandits","damage_taken":0,"max_hp_gain":0,"max_hp_loss":0,"event_name":"Masked Bandits","floor":27,"gold_loss":0}],"is_beta":false,"boss_relics":[{"not_picked":["ReplayTheSpireMod:DimensionalGlitch","Snecko Eye"],"picked":"Replay:Ancient Bell"},{"not_picked":["Blue Doll","King of Hearts"],"picked":"infinitespire:PuzzleCube"},{"not_picked":["ReplayTheSpireMod:Ninjato","Pear"],"picked":"Replay:WaspNest"},{"not_picked":["Durian","Ice Cream"],"picked":"Shovel"}],"items_purged_floors":[11,22],"is_endless":false,"potions_floor_spawned":[5,8,10,14,16,18,25],"killed_by":"Masked Bandits","ascension_level":4}}