{"host":"rvgqag7mtxu5qaaz","time":1609184570,"event":{"mods":["AchievementEnabler","BaseMod","Downfall","Hermit","Hubris","Minty Spire (QoL Compilation)","Replay The Spire","StSLib","SuperFastMode","The Animator","The Construct","The Cursed","The Disciple","The Necromancer"],"gold_per_floor":[118,132,132,147,160,191,191,19,19,39,39,60,60,73,73,177,177,195,205,205,16,26,26,41,61,61,133,149,149,9,9,9,104,104,114,132,132,184,28,28,28,56,56,21,48,67,78,95,95,95],"floor_reached":51,"playtime":4731,"items_purged":["sneckomod:Bewildered","Regret"],"score":934,"play_id":"3d1737c4-7989-4bb8-bc6a-ef09a33ec8b6","local_time":"20201228144250","is_ascension_mode":false,"campfire_choices":[{"floor":7.0,"key":"REST"},{"floor":15.0,"key":"REST"},{"floor":23.0,"key":"REST"},{"floor":32.0,"key":"REST"},{"floor":41,"key":"REST"},{"floor":49,"key":"REST"}],"circlet_count":0,"master_deck":["Strike_P","Strike_P","Strike_P","Strike_P","Defend_P","Defend_P","Defend_P","Eruption","Vigilance","Judgement","Sanctity","CutThroughFate","Weave","EmptyMind","JustLucky","Weave","Replay:Hum","DeusExMachina","Replay:ManipulateFuture","Crescendo","EmptyBody","Replay:Cycle+1","RitualDagger","Nirvana","EmptyFist","InnerPeace","JustLucky","Writhe","DeusExMachina","DevaForm","Nirvana+1","hubris:DuctTapeCard","JustLucky+1","Writhe","ThirdEye","Nirvana","Adaptation","Weave","ThirdEye+1"],"relics":["PureWater","StoneCalendar","Lizard Tail","ReplayTheSpireMod:CursedCoin","Potion Belt","hubris:ScarierMask","Mummified Hand","Replay:Accelerometer","hubris:DuctTape","hubris:Icosahedron","hubris:VirtuousBlindfold","Dead Branch","Torii","Counterbalance"],"acts_visited":["Exordium","TheCity","TheBeyond"],"potions_floor_usage":[36,38,40,42,42,47,48,48],"damage_taken":[{"damage":1.0,"enemies":"Jaw Worm","floor":1.0,"turns":2.0},{"damage":0.0,"enemies":"Cultist","floor":2.0,"turns":1.0},{"damage":0.0,"enemies":"2 Louse","floor":4.0,"turns":3.0},{"damage":0.0,"enemies":"Exordium Wildlife","floor":5.0,"turns":2.0},{"damage":21.0,"enemies":"Lagavulin","floor":6.0,"turns":6.0},{"damage":6.0,"enemies":"Lots of Slimes","floor":10.0,"turns":4.0},{"damage":16.0,"enemies":"3 Louse","floor":14.0,"turns":3.0},{"damage":6.0,"enemies":"Slime Boss","floor":16.0,"turns":7.0},{"damage":2.0,"enemies":"3 Byrds","floor":18.0,"turns":3.0},{"damage":26.0,"enemies":"Shell Parasite","floor":19.0,"turns":4.0},{"damage":10.0,"enemies":"3 Cultists","floor":22.0,"turns":3.0},{"damage":16.0,"enemies":"Centurion and Healer","floor":24.0,"turns":6.0},{"damage":5.0,"enemies":"Shelled Parasite and Fungi","floor":25.0,"turns":5.0},{"damage":0.0,"enemies":"Sentry and Sphere","floor":28.0,"turns":2.0},{"damage":59.0,"enemies":"Pondfish","floor":33.0,"turns":7.0},{"damage":33.0,"enemies":"3 Shapes","floor":35.0,"turns":3.0},{"damage":14,"enemies":"3 Darklings","floor":36,"turns":5},{"damage":11,"enemies":"2 Orb Walkers","floor":38,"turns":3},{"damage":10,"enemies":"Nemesis","floor":40,"turns":3},{"damage":16,"enemies":"Reptomancer","floor":42,"turns":5},{"damage":7,"enemies":"4 Shapes","floor":46,"turns":4},{"damage":10,"enemies":"Jaw Worm Horde","floor":47,"turns":5},{"damage":8,"enemies":"Writhing Mass","floor":48,"turns":5},{"damage":35,"enemies":"Awakened One","floor":50,"turns":8}],"seed_played":"2422186462952851633","potions_obtained":[{"floor":1.0,"key":"Strength Potion"},{"floor":10.0,"key":"Elixir"},{"floor":14.0,"key":"AttackPotion"},{"floor":16.0,"key":"Block Potion"},{"floor":22.0,"key":"champ:CounterPotion"},{"floor":25.0,"key":"SpeedPotion"},{"floor":33.0,"key":"construct:ShiftPotion"},{"floor":35.0,"key":"FearPotion"},{"floor":38,"key":"Dexterity Potion"},{"floor":47,"key":"BottledMiracle"}],"is_trial":false,"path_per_floor":["M","M","?","M","M","E","R","$","T","M","?","$","?","M","R","B",null,"M","M","?","$","M","R","M","M","T","T","M","?","$","?","R","B",null,"M","M","?","?","$","E","R","E","T","$","T","M","M","M","R","B",null],"character_chosen":"WATCHER","items_purchased":["Weave","FairyPotion","ReplayTheSpireMod:CursedCoin","Replay:ManipulateFuture","Nirvana","EmptyFist","DeusExMachina","Nirvana","DistilledChaos","Weave"],"campfire_rested":6,"item_purchase_floors":[8,8,12,12,21,21,30,39,39,44],"current_hp_per_floor":[50,50,50,50,50,29,50,50,50,44,44,44,44,28,49,43,72,70,44,38,38,28,49,33,28,28,28,28,28,28,28,49,11,72,39,25,43,32,32,22,43,27,27,27,27,20,10,2,23,26],"gold":95,"neow_bonus":"THREE_RARE_CARDS","is_daily":false,"chose_seed":false,"campfire_upgraded":0,"win_rate":0.0,"timestamp":1609184570,"path_taken":["M","M","?","?","M","E","R","?","T","M","?","$","?","M","R","BOSS","M","M","?","$","M","R","M","M","T","?","?","?","$","?","R","BOSS","M","M","?","?","$","E","R","E","T","?","?","?","M","M","R","BOSS"],"items_purchased_type":["Card","Potion","Relic","Card","Card","Card","Card","Card","Potion","Card"],"build_version":"2020-12-22","purchased_purges":2,"victory":true,"max_hp_per_floor":[72,72,72,72,72,72,72,72,72,72,72,72,72,72,72,72,72,72,72,72,72,72,72,72,72,72,72,72,72,72,72,72,72,72,72,72,72,72,72,72,72,72,72,72,72,72,72,72,72,72],"card_choices":[{"not_picked":["Blasphemy","MasterReality"],"picked":"Judgement","floor":0.0},{"not_picked":["CrushJoints","Replay:AtTheReady"],"picked":"Sanctity","floor":1.0},{"not_picked":["FlyingSleeves","Halt"],"picked":"CutThroughFate","floor":2.0},{"not_picked":["Replay:ManipulateFuture","InnerPeace"],"picked":"Weave","floor":4.0},{"not_picked":["Brilliance","FlurryOfBlows"],"picked":"EmptyMind","floor":5.0},{"not_picked":["FollowUp","Replay:ManipulateFuture"],"picked":"JustLucky","floor":6.0},{"not_picked":["Replay:AtTheReady","Replay:Anticipation"],"picked":"Replay:Hum","floor":10.0},{"not_picked":["Replay:AtTheReady","FollowUp"],"picked":"Crescendo","floor":14.0},{"not_picked":["Brilliance","Judgement"],"picked":"ConjureBlade","floor":16.0},{"not_picked":["FollowUp+1","Protect"],"picked":"EmptyBody","floor":18.0},{"not_picked":["FollowUp+1","JustLucky+1"],"picked":"Replay:Cycle+1","floor":19.0},{"not_picked":["Replay:DivineShield","ForeignInfluence"],"picked":"Collect","floor":22.0},{"not_picked":["WaveOfTheHand","Swivel","Tantrum"],"picked":"SKIP","floor":24.0},{"not_picked":["Sanctity","Replay:AtTheReady"],"picked":"InnerPeace","floor":25.0},{"not_picked":["SashWhip","Indignation"],"picked":"JustLucky","floor":28.0},{"not_picked":["Vault","LessonLearned"],"picked":"DevaForm","floor":33.0},{"not_picked":["Pray+1","TalkToTheHand+1"],"picked":"Nirvana+1","floor":35.0},{"not_picked":["Consecrate+1","FlyingSleeves+1"],"picked":"JustLucky+1","floor":36},{"not_picked":["Prostrate","Replay:Anticipation"],"picked":"ThirdEye","floor":38},{"not_picked":["Fasting2","Replay:Battleflow"],"picked":"Adaptation","floor":42},{"not_picked":["Consecrate","PathToVictory+1","ClearTheMind+1"],"picked":"SKIP","floor":46},{"not_picked":["Fasting2","JustLucky+1","Consecrate"],"picked":"SKIP","floor":47},{"not_picked":["Perseverance+1","ReachHeaven"],"picked":"ThirdEye+1","floor":48}],"player_experience":328207,"relics_obtained":[{"floor":6.0,"key":"StoneCalendar"},{"floor":9.0,"key":"Lizard Tail"},{"floor":26.0,"key":"Mummified Hand"},{"floor":27.0,"key":"Replay:Accelerometer"},{"floor":38,"key":"Dead Branch"},{"floor":42,"key":"Torii"},{"floor":43,"key":"Counterbalance"}],"event_choices":[{"cards_removed":["Defend_P"],"damage_healed":0.0,"max_hp_gain":0.0,"max_hp_loss":0.0,"gold_gain":0.0,"event_name":"Purifier","player_choice":"Purged","floor":3.0,"gold_loss":0.0,"damage_taken":0.0},{"damage_healed":0.0,"max_hp_gain":0.0,"max_hp_loss":0.0,"gold_gain":0.0,"event_name":"Big Fish","player_choice":"Box","floor":13.0,"gold_loss":0.0,"damage_taken":0.0,"relics_obtained":["Potion Belt"],"cards_obtained":["Regret"]},{"damage_healed":0.0,"max_hp_gain":0.0,"max_hp_loss":0.0,"gold_gain":0.0,"event_name":"Nest","player_choice":"Joined the Cult","floor":20.0,"gold_loss":0.0,"damage_taken":6.0,"cards_obtained":["RitualDagger"]},{"damage_healed":0.0,"max_hp_gain":0.0,"max_hp_loss":0.0,"gold_gain":0.0,"event_name":"The Mausoleum","player_choice":"Opened","floor":29.0,"gold_loss":0.0,"damage_taken":0.0,"relics_obtained":["hubris:DuctTape"],"cards_obtained":["Writhe"]},{"damage_healed":18,"gold_gain":0,"player_choice":"Writhe","damage_taken":0,"max_hp_gain":0,"max_hp_loss":0,"event_name":"Winding Halls","floor":37,"gold_loss":0,"cards_obtained":["Writhe"]},{"damage_healed":0,"gold_gain":0,"player_choice":"Fight","damage_taken":0,"max_hp_gain":0,"max_hp_loss":0,"event_name":"Mysterious Sphere","floor":38,"gold_loss":0}],"is_beta":false,"boss_relics":[{"not_picked":["hubris:Backtick","SlaversCollar"],"picked":"hubris:ScarierMask"},{"not_picked":["Runic Pyramid","Velvet Choker"],"picked":"hubris:VirtuousBlindfold"}],"items_purged_floors":[12,21],"is_endless":false,"potions_floor_spawned":[1,10,14,16,22,25,33,35,38,40,47],"ascension_level":0}}