{"host":"lpze9ywvzk5bsxql","time":1609183490,"event":{"mods":["2.2 Compatiblity","BaseMod","Bestiary","Better Third Choice","Colored Map","Downfall","Hermit","Ironclad Rager","Minty Spire (QoL Compilation)","Replay The Spire","StSLib","The Hierophant"],"gold_per_floor":[113,131,147,161,178,178,213,232,232,291,291,320,245,262,262,358,408,419,419,419,437,172,172,197,197,197,222,222,253,269,269,269,366,366,376,376,395,295,295,295],"floor_reached":41,"playtime":3459,"items_purged":["hermit:Covet","ReplayTheSpireMod:Doomed"],"score":734,"play_id":"7000127d-394c-4fad-ab26-f65ae95218a4","local_time":"20201228202450","is_ascension_mode":false,"campfire_choices":[{"floor":6,"key":"REST"},{"data":"hermit:Maintenance","floor":11,"key":"SMITH"},{"data":"hermit:Determination","floor":15,"key":"SMITH"},{"data":"hermit:EternalForm","floor":23,"key":"SMITH"},{"floor":25,"key":"REST"},{"floor":28,"key":"REST"},{"floor":32,"key":"RECALL"}],"circlet_count":0,"master_deck":["hermit:Strike_Hermit","hermit:Strike_Hermit+1","hermit:Strike_Hermit","hermit:Strike_Hermit","hermit:Defend_Hermit","hermit:Defend_Hermit","hermit:Defend_Hermit","hermit:Defend_Hermit","hermit:Snapshot","hermit:Desperado","hermit:Maintenance+1","hermit:Dive","hermit:Coalescence","hermit:GoldenBullet","hermit:HighNoon","hermit:Dive","hermit:Brawl","hermit:Determination+1","hermit:Virtue","hermit:EternalForm+1","hermit:HighCaliber","hermit:Shortfuse","hermit:Virtue+1","hermit:Showdown","hermit:LowProfile+1","hermit:BodyArmor","hermit:GhostlyPresence+1","Finesse","Clumsy","AbeCurse","CurseOfTheBell","hermit:Quickdraw+1","hermit:CalledShot+1"],"relics":["hermit:BartenderGlass","Iron Hammer","Blue Doll","Du-Vu Doll","Happy Flower","Tiny House","MutagenicStrength","Darkstone Periapt","Mirror","Anchor","Lantern","Bronze Scales","ReplayTheSpireMod:Lightbulb","Replay:Ancient Bell","Bag of Preparation","Letter Opener","Pondfish Scales"],"acts_visited":["Exordium","TheCity","TheBeyond"],"potions_floor_usage":[7,7,7,8,10,10,10,12,12,16,16,16,18,18,24,24,27,29,29,29,33,33,33,33,37,40,40,40,40],"damage_taken":[{"damage":0,"enemies":"2 Louse","floor":1,"turns":2},{"damage":8,"enemies":"Small Slimes","floor":2,"turns":3},{"damage":0,"enemies":"Cultist","floor":3,"turns":2},{"damage":1,"enemies":"2 Fungi Beasts","floor":4,"turns":3},{"damage":12,"enemies":"Exordium Thugs","floor":5,"turns":6},{"damage":5,"enemies":"Lagavulin","floor":7,"turns":10},{"damage":1,"enemies":"Blue Slaver","floor":8,"turns":2},{"damage":3,"enemies":"Gremlin Nob","floor":10,"turns":4},{"damage":0,"enemies":"Replay:BlueRogue","floor":12,"turns":6},{"damage":0,"enemies":"2 Fungi Beasts","floor":14,"turns":6},{"damage":0,"enemies":"Slime Boss","floor":16,"turns":7},{"damage":14,"enemies":"2 Thieves","floor":18,"turns":4},{"damage":0,"enemies":"Chosen","floor":21,"turns":3},{"damage":21,"enemies":"Slavers","floor":24,"turns":6},{"damage":10,"enemies":"Book of Stabbing","floor":27,"turns":5},{"damage":3,"enemies":"Slavers","floor":29,"turns":3},{"damage":0,"enemies":"Snake Plant","floor":30,"turns":4},{"damage":30,"enemies":"Champ","floor":33,"turns":9},{"damage":25,"enemies":"3 Shapes","floor":35,"turns":4},{"damage":0,"enemies":"Orb Walker","floor":37,"turns":3},{"damage":47,"enemies":"Donu and Deca","floor":40,"turns":8}],"seed_played":"-5713058222747583537","potions_obtained":[{"floor":2,"key":"FairyPotion"},{"floor":3,"key":"hermit:Tonic"},{"floor":5,"key":"hermit:Tonic"},{"floor":10,"key":"Explosive Potion"},{"floor":14,"key":"AttackPotion"},{"floor":16,"key":"Energy Potion"},{"floor":17,"key":"Adrenaline Potion"},{"floor":27,"key":"Toxic Potion"},{"floor":30,"key":"Milkshake"},{"floor":33,"key":"Dexterity Potion"},{"floor":35,"key":"AttackPotion"},{"floor":37,"key":"EssenceOfSteel"}],"is_trial":false,"path_per_floor":["M","M","M","M","M","R","E","M","T","?","R","E","$","M","R","B",null,"M","?","?","M","$","R","E","R","T","E","R","E","M","?","R_BF","B",null,"M","?","M","$","?","B",null],"character_chosen":"HERMIT","items_purchased":["Mirror","hermit:Showdown"],"campfire_rested":3,"item_purchase_floors":[22,22],"current_hp_per_floor":[75,67,67,66,54,75,70,69,69,66,66,66,66,66,66,66,80,66,66,72,72,72,72,51,76,76,66,86,83,83,83,83,53,104,79,79,79,79,79,32],"gold":295,"neow_bonus":"BOSS_RELIC","is_daily":false,"chose_seed":false,"campfire_upgraded":3,"win_rate":0.0,"timestamp":1609183490,"path_taken":["M","M","M","M","M","R","E","M","T","?","R","E","$","M","R","BOSS","M","?","?","M","$","R","E","R","T","E","R","E","M","?","R_BF","BOSS","M","?","M","$","?","BOSS"],"items_purchased_type":["Relic","Card"],"build_version":"2020-12-22","purchased_purges":2,"victory":true,"max_hp_per_floor":[75,75,75,75,75,75,75,75,75,75,75,75,75,75,75,75,80,80,80,86,86,86,86,86,86,86,86,86,86,86,86,86,86,104,104,104,104,104,104,104],"card_choices":[{"not_picked":["hermit:Glare","hermit:Ricochet"],"picked":"hermit:Desperado","floor":1},{"not_picked":["hermit:Midnight","hermit:Glare"],"picked":"hermit:Maintenance","floor":2},{"not_picked":["hermit:Manifest","hermit:WideOpen"],"picked":"hermit:Dive","floor":3},{"not_picked":["hermit:Snipe","hermit:Misfire"],"picked":"hermit:Coalescence","floor":4},{"not_picked":["hermit:NoHoldsBarred","hermit:Ricochet"],"picked":"hermit:GoldenBullet","floor":5},{"not_picked":["hermit:Spite","hermit:HoleUp"],"picked":"hermit:HighNoon","floor":7},{"not_picked":["hermit:Manifest","hermit:LowProfile"],"picked":"hermit:Dive","floor":8},{"not_picked":["hermit:Spite","hermit:Dive"],"picked":"hermit:Brawl","floor":10},{"not_picked":["hermit:SprayPray","hermit:Brawl"],"picked":"hermit:Determination","floor":12},{"not_picked":["hermit:Feint","hermit:Quickdraw"],"picked":"hermit:Virtue","floor":14},{"not_picked":["hermit:BlackWind","hermit:RoundhouseKick"],"picked":"hermit:EternalForm","floor":16},{"not_picked":["hermit:FullyLoaded","hermit:Roulette"],"picked":"hermit:HighCaliber","floor":17},{"not_picked":["hermit:Dive+1","hermit:Combo"],"picked":"hermit:Shortfuse","floor":18},{"not_picked":["hermit:HighCaliber","hermit:Dive"],"picked":"hermit:Virtue+1","floor":21},{"not_picked":["hermit:Midnight","hermit:Dissolve"],"picked":"hermit:LowProfile+1","floor":24},{"not_picked":["hermit:TakeCover+1","hermit:Magnum"],"picked":"hermit:BodyArmor","floor":27},{"not_picked":["hermit:LowProfile+1","hermit:Ricochet"],"picked":"hermit:GhostlyPresence+1","floor":29},{"not_picked":["hermit:ShadowCloak","hermit:LowProfile","hermit:LoneWolf"],"picked":"SKIP","floor":30},{"not_picked":["Replay:Hysterical Blindness","Decay"],"picked":"Clumsy","floor":34},{"not_picked":["Languid","hexamod:Haunted"],"picked":"AbeCurse","floor":34},{"not_picked":["Regret","Voices"],"picked":"CurseOfTheBell","floor":34},{"not_picked":["hermit:Vantage","hermit:Showdown+1"],"picked":"hermit:Quickdraw+1","floor":35},{"not_picked":["hermit:Scavenge","hermit:Horror"],"picked":"hermit:CalledShot+1","floor":37}],"player_experience":303028,"relics_obtained":[{"floor":7,"key":"Iron Hammer"},{"floor":9,"key":"Blue Doll"},{"floor":10,"key":"Du-Vu Doll"},{"floor":12,"key":"Happy Flower"},{"floor":24,"key":"Anchor"},{"floor":26,"key":"Lantern"},{"floor":27,"key":"Bronze Scales"},{"floor":29,"key":"ReplayTheSpireMod:Lightbulb"}],"event_choices":[{"damage_healed":0,"gold_gain":0,"player_choice":"Searched \u00271\u0027 times","damage_taken":0,"max_hp_gain":0,"max_hp_loss":0,"event_name":"Dead Adventurer","floor":10,"gold_loss":0},{"damage_healed":0,"gold_gain":0,"player_choice":"Inject Mutagens","damage_taken":0,"relics_obtained":["MutagenicStrength"],"max_hp_gain":0,"max_hp_loss":0,"event_name":"Drug Dealer","floor":19,"gold_loss":0},{"damage_healed":0,"gold_gain":0,"player_choice":"1 cards matched","damage_taken":0,"max_hp_gain":0,"max_hp_loss":0,"event_name":"Match and Keep!","floor":31,"gold_loss":0,"cards_obtained":["Finesse"]},{"damage_healed":0,"gold_gain":0,"player_choice":"1 cards matched","damage_taken":0,"max_hp_gain":0,"max_hp_loss":0,"event_name":"Match and Keep!","floor":31,"gold_loss":0,"cards_obtained":["Finesse"]},{"damage_healed":0,"gold_gain":0,"player_choice":"Ignored","damage_taken":0,"max_hp_gain":0,"max_hp_loss":0,"event_name":"Tomb of Lord Red Mask","floor":36,"gold_loss":0},{"damage_healed":0,"gold_gain":0,"player_choice":"Portal","damage_taken":0,"max_hp_gain":0,"max_hp_loss":0,"event_name":"betterThird:BetterPortal","floor":39,"gold_loss":0}],"is_beta":false,"boss_relics":[{"not_picked":["ReplayTheSpireMod:DimensionalGlitch","Cursed Key"],"picked":"Tiny House"},{"not_picked":["ChewingGum","hermit:DentedPlate"],"picked":"Replay:Ancient Bell"},{"not_picked":["Nunchaku","Gremlin Food"],"picked":"Bag of Preparation"},{"not_picked":["Eternal Feather","Quantum Egg"],"picked":"Letter Opener"},{"not_picked":["Unceasing Top","Pocketwatch"],"picked":"Pondfish Scales"}],"items_purged_floors":[13,38],"is_endless":false,"potions_floor_spawned":[2,3,5,10,14,16,24,27,30,33,35,37],"ascension_level":0}}