{"host":"cv77zuuuekizn3ic","time":1609172377,"event":{"mods":["AchievementEnabler","BaseMod","Marisa£®ÏF”Í°°ƒß¿Ì…≥£©","Minty Spire (QoL Compilation)","StSLib","Waifu the Spire","everything is the same but u backflip on backflip","slay the spire mod where everything is the same but ironclad has a cowboy hat"],"gold_per_floor":[111,128,203,217,167,201,214,233,312,132,166,185,205,238,238,333,333,353,253,253,46,0,0,31,130,179,212,212,240,260,275,275,378,378,398,92,105,105,118,150,150,184,184,216,216,231,246,246,246,246,246,246,71,102,102],"floor_reached":56,"playtime":4222,"items_purged":["Strike_G","Strike_G","Strike_G","Defend_G","Backstab+1"],"score":2352,"play_id":"05fdce75-97df-47f0-9284-ef64257aab5e","local_time":"20201229001937","is_ascension_mode":true,"campfire_choices":[{"data":"Concentrate","floor":15.0,"key":"SMITH"},{"data":"Expertise","floor":23.0,"key":"SMITH"},{"data":"Reflex","floor":32.0,"key":"SMITH"},{"floor":41.0,"key":"RECALL"}],"circlet_count":0,"master_deck":["AscendersBane","Defend_G+1","Defend_G+1","Defend_G+1","Defend_G+1","Survivor+1","Neutralize+1","Deadly Poison+1","Backflip+1","Noxious Fumes+1","Blur+1","Acrobatics+1","Footwork+1","Expertise+1","Doppelganger+1","Backflip+1","Concentrate+1","Corpse Explosion+1","Footwork+1","Eviscerate+1","Backflip+1","Reflex+1","Reflex+1","Parasite"],"relics":["SlaversCollar","Gambling Chip","CaptainsWheel","Strawberry","Busted Crown","Gremlin Horn","Akabeko","Molten Egg 2","Potion Belt","Coffee Dripper","DollysMirror","Mark of the Bloom","Centennial Puzzle","StoneCalendar","Pen Nib","Eternal Feather","Mummified Hand","Bag of Marbles"],"acts_visited":["Exordium","TheCity","TheBeyond","TheEnding"],"potions_floor_usage":[55,55,55],"damage_taken":[{"damage":2.0,"enemies":"Jaw Worm","floor":1.0,"turns":6.0},{"damage":0.0,"enemies":"2 Louse","floor":2.0,"turns":3.0},{"damage":1.0,"enemies":"Cultist","floor":4.0,"turns":4.0},{"damage":18.0,"enemies":"Lagavulin","floor":6.0,"turns":10.0},{"damage":6.0,"enemies":"3 Louse","floor":7.0,"turns":4.0},{"damage":2.0,"enemies":"Looter","floor":8.0,"turns":5.0},{"damage":3.0,"enemies":"3 Sentries","floor":11.0,"turns":11.0},{"damage":2.0,"enemies":"Gremlin Gang","floor":12.0,"turns":5.0},{"damage":0.0,"enemies":"3 Louse","floor":13.0,"turns":4.0},{"damage":0.0,"enemies":"Lagavulin","floor":14.0,"turns":8.0},{"damage":3.0,"enemies":"Hexaghost","floor":16.0,"turns":11.0},{"damage":6.0,"enemies":"Shell Parasite","floor":18.0,"turns":8.0},{"damage":3.0,"enemies":"2 Thieves","floor":22.0,"turns":4.0},{"damage":28.0,"enemies":"Slavers","floor":24.0,"turns":3.0},{"damage":16.0,"enemies":"Gremlin Leader","floor":27.0,"turns":6.0},{"damage":6.0,"enemies":"Slavers","floor":29.0,"turns":5.0},{"damage":8.0,"enemies":"Cultist and Chosen","floor":30.0,"turns":3.0},{"damage":3.0,"enemies":"Sentry and Sphere","floor":31.0,"turns":4.0},{"damage":0.0,"enemies":"Automaton","floor":33.0,"turns":11.0},{"damage":9.0,"enemies":"3 Shapes","floor":35.0,"turns":3.0},{"damage":0.0,"enemies":"3 Darklings","floor":37.0,"turns":1.0},{"damage":0.0,"enemies":"Transient","floor":39.0,"turns":5.0},{"damage":0.0,"enemies":"Giant Head","floor":40.0,"turns":8.0},{"damage":0.0,"enemies":"Nemesis","floor":42.0,"turns":7.0},{"damage":0.0,"enemies":"Giant Head","floor":44.0,"turns":5.0},{"damage":3.0,"enemies":"4 Shapes","floor":46.0,"turns":2.0},{"damage":0.0,"enemies":"Writhing Mass","floor":47.0,"turns":3.0},{"damage":0.0,"enemies":"Donu and Deca","floor":50.0,"turns":5.0},{"damage":0.0,"enemies":"Shield and Spear","floor":54.0,"turns":4.0},{"damage":0,"enemies":"The Heart","floor":55,"turns":11}],"seed_played":"3350695692290330198","potions_obtained":[{"floor":2.0,"key":"Swift Potion"},{"floor":8.0,"key":"Ancient Potion"},{"floor":11.0,"key":"PowerPotion"},{"floor":13.0,"key":"Energy Potion"},{"floor":16.0,"key":"Ancient Potion"},{"floor":29.0,"key":"SteroidPotion"},{"floor":30.0,"key":"Energy Potion"},{"floor":33.0,"key":"FairyPotion"}],"is_trial":false,"path_per_floor":["M","M","?","M","?","E","M","M","T","$","E","M","M","E","R","B",null,"M","$","?","$","M","R","E","?","T","E","?","E","M","M","R","B",null,"M","$","M","?","M","E","R","E","T","E","T","M","M","?","R","B",null,"R","$","E","B",null],"character_chosen":"THE_SILENT","items_purchased":["Footwork","Expertise","Footwork","DollysMirror"],"campfire_rested":0,"item_purchase_floors":[10,10,21,36],"current_hp_per_floor":[61,61,50,49,49,31,25,23,23,23,20,18,18,25,25,22,63,57,57,77,77,74,74,46,46,46,30,30,24,16,13,13,13,61,52,52,52,52,52,52,52,52,52,52,52,49,49,49,49,49,49,49,49,49,49],"gold":102,"neow_bonus":"BOSS_RELIC","is_daily":false,"chose_seed":false,"campfire_upgraded":3,"win_rate":0.0,"timestamp":1609172377,"path_taken":["M","M","?","M","?","E","M","M","T","?","E","M","M","E","R","BOSS","M","$","?","$","?","R","E","?","T","E","?","E","?","M","R","BOSS","M","$","M","?","M","E","R","E","T","E","?","M","?","?","R","BOSS","R","$","E","BOSS"],"items_purchased_type":["Card","Card","Card","Relic"],"build_version":"2020-12-22","purchased_purges":5,"victory":true,"max_hp_per_floor":[70,70,70,70,70,70,70,70,70,70,70,70,70,77,77,77,77,77,77,77,77,77,77,77,77,77,77,77,77,77,77,77,77,77,77,77,77,77,77,77,77,77,77,77,77,77,77,77,77,77,77,77,77,77,77],"card_choices":[{"not_picked":["PiercingWail","Slice"],"picked":"Backstab","floor":1.0},{"not_picked":["Underhanded Strike","Caltrops"],"picked":"Deadly Poison","floor":2.0},{"not_picked":["PiercingWail","Predator"],"picked":"Backflip","floor":4.0},{"not_picked":["Accuracy","Flechettes"],"picked":"Noxious Fumes","floor":6.0},{"not_picked":["Poisoned Stab","Leg Sweep"],"picked":"Blur","floor":7.0},{"not_picked":["Deadly Poison","Flechettes"],"picked":"Acrobatics","floor":8.0},{"not_picked":["Glass Knife","PiercingWail"],"picked":"Doppelganger","floor":11.0},{"not_picked":["Dagger Spray","Noxious Fumes"],"picked":"Choke","floor":12.0},{"not_picked":["Underhanded Strike","Outmaneuver"],"picked":"Backflip","floor":13.0},{"not_picked":["Blade Dance","All Out Attack"],"picked":"Concentrate","floor":14.0},{"not_picked":["Unload","Envenom"],"picked":"Corpse Explosion","floor":16.0},{"not_picked":["Caltrops"],"picked":"SKIP","floor":18.0},{"not_picked":[],"picked":"Eviscerate","floor":22.0},{"not_picked":[],"picked":"Backflip","floor":24.0},{"not_picked":["Outmaneuver"],"picked":"SKIP","floor":27.0},{"not_picked":["Outmaneuver"],"picked":"SKIP","floor":27.0},{"not_picked":[],"picked":"Reflex","floor":29.0},{"not_picked":["PiercingWail"],"picked":"SKIP","floor":30.0},{"not_picked":["Bane+1"],"picked":"SKIP","floor":31.0},{"not_picked":["Dodge and Roll+1"],"picked":"SKIP","floor":35.0},{"not_picked":["Backflip"],"picked":"SKIP","floor":37.0},{"not_picked":["Backflip"],"picked":"SKIP","floor":37.0},{"not_picked":["Quick Slash+1"],"picked":"SKIP","floor":39.0},{"not_picked":["Blade Dance"],"picked":"SKIP","floor":40.0},{"not_picked":["Crippling Poison"],"picked":"SKIP","floor":42.0},{"not_picked":["Dagger Throw+1"],"picked":"SKIP","floor":44.0},{"not_picked":["Terror"],"picked":"SKIP","floor":46.0},{"not_picked":["Riddle With Holes+1"],"picked":"SKIP","floor":47.0},{"not_picked":["Bane+1"],"picked":"SKIP","floor":54.0}],"player_experience":678858,"relics_obtained":[{"floor":6.0,"key":"Gambling Chip"},{"floor":11.0,"key":"CaptainsWheel"},{"floor":14.0,"key":"Strawberry"},{"floor":24.0,"key":"Gremlin Horn"},{"floor":26.0,"key":"Akabeko"},{"floor":27.0,"key":"Molten Egg 2"},{"floor":29.0,"key":"Potion Belt"},{"floor":40.0,"key":"Centennial Puzzle"},{"floor":42.0,"key":"StoneCalendar"},{"floor":43.0,"key":"Pen Nib"},{"floor":44.0,"key":"Eternal Feather"},{"floor":45.0,"key":"Mummified Hand"},{"floor":54.0,"key":"Bag of Marbles"}],"event_choices":[{"damage_healed":0.0,"max_hp_gain":0.0,"max_hp_loss":0.0,"gold_gain":75.0,"event_name":"World of Goop","player_choice":"Gather Gold","floor":3.0,"gold_loss":0.0,"damage_taken":11.0},{"cards_removed":["Strike_G"],"damage_healed":0.0,"max_hp_gain":0.0,"max_hp_loss":0.0,"gold_gain":0.0,"event_name":"The Cleric","player_choice":"Card Removal","floor":5.0,"gold_loss":50.0,"damage_taken":0.0},{"cards_removed":["Choke"],"damage_healed":20.0,"max_hp_gain":0.0,"max_hp_loss":0.0,"gold_gain":0.0,"event_name":"Bonfire Elementals","player_choice":"Offered Uncommon","floor":20.0,"gold_loss":0.0,"damage_taken":0.0},{"damage_healed":0.0,"max_hp_gain":0.0,"max_hp_loss":0.0,"gold_gain":99.0,"event_name":"Nest","player_choice":"Stole From Cult","floor":25.0,"gold_loss":0.0,"damage_taken":0.0},{"cards_removed":["Strike_G"],"damage_healed":0.0,"max_hp_gain":0.0,"max_hp_loss":0.0,"gold_gain":0.0,"event_name":"Purifier","player_choice":"Purged","floor":28.0,"gold_loss":0.0,"damage_taken":0.0},{"damage_healed":0.0,"max_hp_gain":0.0,"max_hp_loss":0.0,"gold_gain":0.0,"event_name":"MindBloom","player_choice":"Upgrade","floor":38.0,"gold_loss":0.0,"damage_taken":0.0,"cards_upgraded":["Defend_G","Defend_G","Defend_G","Defend_G","Survivor","Neutralize","Backstab","Deadly Poison","Backflip","Noxious Fumes","Blur","Acrobatics","Footwork","Doppelganger","Backflip","Corpse Explosion","Footwork","Eviscerate","Backflip"],"relics_obtained":["Mark of the Bloom"]},{"damage_healed":0.0,"max_hp_gain":0.0,"max_hp_loss":0.0,"gold_gain":0.0,"event_name":"Accursed Blacksmith","player_choice":"Ignored","floor":48.0,"gold_loss":0.0,"damage_taken":0.0}],"is_beta":false,"boss_relics":[{"not_picked":["Fusion Hammer","WristBlade"],"picked":"Busted Crown"},{"not_picked":["Cursed Key","SacredBark"],"picked":"Coffee Dripper"}],"items_purged_floors":[10,19,21,36,53],"is_endless":false,"potions_floor_spawned":[2,8,11,13,16,27,29,30,33,37,40,44],"ascension_level":11}}