{"host":"7rbm8f2f6g6gk634","time":1609153273,"event":{"mods":["BaseMod","Colored Map","Filter the Spire","Minty Spire (QoL Compilation)","Relic Stats","StSLib"],"gold_per_floor":[119,142,153,103,73,105,122,149,149,175,175,29,104,104,104,233,233,246,246,281,296,312,347,368,399,451,366,410,410,449,469,469,597,597,613,613,638,654,673,707,707,738,738,769,610,610,633,7,7,7,7,7,7,40,40],"floor_reached":56,"playtime":6287,"items_purged":[],"score":1627,"play_id":"2e051a83-2e11-4ba8-95b1-1af2f8a61441","local_time":"20201228120113","is_ascension_mode":true,"campfire_choices":[{"data":"Bash","floor":11,"key":"SMITH"},{"floor":15,"key":"REST"},{"data":"Dual Wield","floor":29,"key":"SMITH"},{"floor":32,"key":"REST"},{"data":"Spot Weakness","floor":41,"key":"SMITH"},{"floor":49,"key":"RECALL"},{"data":"Dual Wield","floor":52,"key":"SMITH"}],"circlet_count":0,"master_deck":["Bash+1","Offering","Spot Weakness","Headbutt+1","Clothesline+1","Immolate+1","Corruption","Twin Strike+1","Brutality","Infernal Blade","Immolate+1","Reaper+1","Shockwave+1","Pommel Strike+1","Hemokinesis+1","Heavy Blade+1","Spot Weakness+1","Clothesline+1","Dual Wield+1","Impervious","True Grit+1","Second Wind","Shrug It Off","Blood for Blood+1","Ghostly Armor+1","Sentinel+1","Rage+1","Impervious+1","Warcry+1","Blood for Blood+1","Heavy Blade+1","True Grit+1","Uppercut+1","Double Tap","Dual Wield+1","Bludgeon+1","Feel No Pain","Shrug It Off+1","True Grit+1","Sever Soul+1","Barricade","Impervious","Seeing Red"],"relics":["Snecko Eye","Strawberry","Tiny Chest","Molten Egg 2","Question Card","Regal Pillow","Golden Idol","Pandora\u0027s Box","Centennial Puzzle","Red Mask","Juzu Bracelet","Blue Candle","PreservedInsect","Prayer Wheel","Bottled Lightning","Dream Catcher","Astrolabe","Meat on the Bone","Mercury Hourglass","Ornamental Fan","Singing Bowl","Happy Flower","War Paint","Eternal Feather"],"acts_visited":["Exordium","TheCity","TheBeyond","TheEnding"],"potions_floor_usage":[8,16,18,20,31,35,42,50,55,55],"damage_taken":[{"damage":0,"enemies":"Cultist","floor":1,"turns":2},{"damage":9,"enemies":"Jaw Worm","floor":3,"turns":3},{"damage":0,"enemies":"Gremlin Nob","floor":6,"turns":2},{"damage":7,"enemies":"Small Slimes","floor":7,"turns":3},{"damage":7,"enemies":"3 Sentries","floor":8,"turns":4},{"damage":6,"enemies":"Gremlin Nob","floor":10,"turns":2},{"damage":18,"enemies":"The Guardian","floor":16,"turns":5},{"damage":6,"enemies":"2 Thieves","floor":18,"turns":1},{"damage":19,"enemies":"Masked Bandits","floor":20,"turns":3},{"damage":6,"enemies":"Spheric Guardian","floor":21,"turns":2},{"damage":21,"enemies":"Cultist and Chosen","floor":22,"turns":4},{"damage":31,"enemies":"Book of Stabbing","floor":23,"turns":3},{"damage":6,"enemies":"Snake Plant","floor":24,"turns":1},{"damage":18,"enemies":"Gremlin Leader","floor":25,"turns":3},{"damage":16,"enemies":"Book of Stabbing","floor":28,"turns":2},{"damage":6,"enemies":"Gremlin Leader","floor":30,"turns":1},{"damage":8,"enemies":"Chosen and Byrds","floor":31,"turns":3},{"damage":29,"enemies":"Champ","floor":33,"turns":4},{"damage":3,"enemies":"3 Shapes","floor":35,"turns":2},{"damage":10,"enemies":"Orb Walker","floor":37,"turns":3},{"damage":0,"enemies":"Sphere and 2 Shapes","floor":38,"turns":3},{"damage":0,"enemies":"Spire Growth","floor":39,"turns":2},{"damage":16,"enemies":"Nemesis","floor":40,"turns":5},{"damage":19,"enemies":"Giant Head","floor":42,"turns":5},{"damage":7,"enemies":"Reptomancer","floor":44,"turns":3},{"damage":6,"enemies":"4 Shapes","floor":47,"turns":3},{"damage":23,"enemies":"Time Eater","floor":50,"turns":9},{"damage":5,"enemies":"Shield and Spear","floor":54,"turns":4},{"damage":49,"enemies":"The Heart","floor":55,"turns":9}],"seed_played":"8731596981819260717","potions_obtained":[{"floor":3,"key":"Fire Potion"},{"floor":5,"key":"HeartOfIron"},{"floor":5,"key":"Block Potion"},{"floor":10,"key":"DuplicationPotion"},{"floor":16,"key":"PowerPotion"},{"floor":21,"key":"FearPotion"},{"floor":22,"key":"ElixirPotion"},{"floor":24,"key":"AttackPotion"},{"floor":25,"key":"SteroidPotion"},{"floor":33,"key":"AttackPotion"},{"floor":37,"key":"Ancient Potion"},{"floor":42,"key":"Block Potion"}],"is_trial":false,"path_per_floor":["M","T","M","?","?","E","M","E","T","E","R","$","?","?","R","B",null,"M","T","?","M","M","E","M","E","T","?","E","R","E","M","R","B",null,"M","?","M","M","M","E","R","E","T","E","$","T","M","$","R","B",null,"R","$","E","B",null],"character_chosen":"IRONCLAD","items_purchased":["Immolate+1","Bludgeon+1","Feel No Pain","Happy Flower","Sever Soul+1","War Paint","Barricade","Impervious"],"campfire_rested":2,"item_purchase_floors":[12,45,45,48,48,48,48,48],"current_hp_per_floor":[80,87,78,78,78,78,71,64,64,58,58,58,47,26,67,49,87,87,87,82,76,71,42,49,52,52,52,36,36,30,32,73,44,87,84,84,74,74,74,74,74,78,78,71,71,71,65,65,65,60,87,87,87,82,87],"gold":40,"neow_bonus":"BOSS_RELIC","is_daily":false,"chose_seed":false,"campfire_upgraded":4,"win_rate":0.0,"timestamp":1609153273,"path_taken":["M","?","M","?","?","E","?","E","T","E","R","$","?","?","R","BOSS","M","?","?","M","M","E","M","E","T","?","E","R","E","M","R","BOSS","M","?","M","M","M","E","R","E","T","E","$","?","M","$","R","BOSS","R","$","E","BOSS"],"items_purchased_type":["Card","Card","Card","Relic","Card","Relic","Card","Card"],"build_version":"2020-12-22","purchased_purges":0,"victory":true,"max_hp_per_floor":[80,87,87,87,87,87,87,87,87,87,87,87,87,87,87,87,87,87,87,87,87,87,87,87,87,87,87,87,87,87,87,87,87,87,87,87,87,87,87,87,87,87,87,87,87,87,87,87,87,87,87,87,87,87,87],"relic_stats":{"Regal Pillow":30,"Singing Bowl":0,"Happy Flower":[7],"counters":[29,95],"Golden Idol":204,"Blue Candle":[0],"Astrolabe":["Blood for Blood","Ghostly Armor","Sentinel"],"Eternal Feather":0,"PreservedInsect":381,"Juzu Bracelet":1,"War Paint":["Impervious","Shockwave"],"Question Card":29,"Mercury Hourglass":[104],"Centennial Puzzle":[57],"Dream Catcher":1,"Ornamental Fan":[52],"Snecko Eye":[196,192,214,208],"Tiny Chest":2,"Pandora\u0027s Box":["Twin Strike","Brutality","Corruption","Infernal Blade","Immolate","Fire Breathing","Reaper","Shockwave"],"Prayer Wheel":6,"obtain_stats":[{"Regal Pillow":10,"Singing Bowl":46,"Juzu Bracelet":23,"Burning Blood":0,"Centennial Puzzle":19,"Dream Catcher":30,"Strawberry":2,"Tiny Chest":6,"Prayer Wheel":27,"Red Mask":20,"Happy Flower":48,"Golden Idol":14,"Blue Candle":25,"Astrolabe":34,"Eternal Feather":54,"PreservedInsect":26,"War Paint":48,"Question Card":9,"Mercury Hourglass":42,"Ornamental Fan":44,"Snecko Eye":0,"Molten Egg 2":8,"Pandora\u0027s Box":17,"Bottled Lightning":28,"Meat on the Bone":40},{"Regal Pillow":6,"Singing Bowl":25,"Juzu Bracelet":12,"Burning Blood":0,"Centennial Puzzle":8,"Dream Catcher":16,"Strawberry":1,"Tiny Chest":3,"Prayer Wheel":14,"Red Mask":9,"Happy Flower":26,"Golden Idol":6,"Blue Candle":14,"Astrolabe":18,"Eternal Feather":28,"PreservedInsect":14,"War Paint":26,"Question Card":5,"Mercury Hourglass":24,"Ornamental Fan":25,"Snecko Eye":0,"Molten Egg 2":5,"Pandora\u0027s Box":7,"Bottled Lightning":15,"Meat on the Bone":23},{"Regal Pillow":16,"Singing Bowl":71,"Juzu Bracelet":34,"Burning Blood":0,"Centennial Puzzle":22,"Dream Catcher":41,"Strawberry":2,"Tiny Chest":7,"Prayer Wheel":38,"Red Mask":25,"Happy Flower":73,"Golden Idol":16,"Blue Candle":38,"Astrolabe":48,"Eternal Feather":86,"PreservedInsect":38,"War Paint":73,"Question Card":14,"Mercury Hourglass":68,"Ornamental Fan":71,"Snecko Eye":0,"Molten Egg 2":14,"Pandora\u0027s Box":21,"Bottled Lightning":40,"Meat on the Bone":63}],"Meat on the Bone":0},"card_choices":[{"not_picked":["Rupture","Iron Wave"],"picked":"Pommel Strike","floor":1},{"not_picked":["Iron Wave","Wild Strike"],"picked":"Clothesline","floor":3},{"not_picked":["Anger","Headbutt"],"picked":"Offering","floor":6},{"not_picked":["Power Through","Cleave"],"picked":"Spot Weakness","floor":7},{"not_picked":["Warcry","Rampage+1"],"picked":"Headbutt+1","floor":8},{"not_picked":["Wild Strike+1","Evolve","Iron Wave+1"],"picked":"Clothesline+1","floor":10},{"not_picked":["Brutality","Limit Break","Reaper+1"],"picked":"Corruption","floor":16},{"not_picked":["Searing Blow+1","Shockwave","Warcry"],"picked":"Pommel Strike+1","floor":18},{"not_picked":["Burning Pact","Twin Strike+1","Rampage+1"],"picked":"Hemokinesis+1","floor":20},{"not_picked":["Twin Strike+1","Iron Wave+1","Headbutt+1"],"picked":"Heavy Blade+1","floor":21},{"not_picked":["Bloodletting","Iron Wave+1","True Grit","Warcry"],"picked":"SKIP","floor":22},{"not_picked":["Sword Boomerang+1","Power Through","True Grit"],"picked":"Spot Weakness","floor":23},{"not_picked":["Cleave+1","Body Slam+1","Twin Strike+1"],"picked":"Clothesline+1","floor":24},{"not_picked":["Anger+1","Armaments","Metallicize","Battle Trance"],"picked":"SKIP","floor":25},{"not_picked":["Clash+1","Fire Breathing","Hemokinesis+1"],"picked":"Dual Wield","floor":28},{"not_picked":["Cleave+1","Sword Boomerang+1","Power Through"],"picked":"Impervious","floor":30},{"not_picked":["Perfected Strike+1","Sword Boomerang+1","Second Wind+1"],"picked":"True Grit+1","floor":31},{"not_picked":["Combust","Hemokinesis+1","Perfected Strike+1"],"picked":"Second Wind","floor":31},{"not_picked":["Pummel+1","Searing Blow+1","Clash+1"],"picked":"Shrug It Off","floor":32},{"not_picked":["Reckless Charge+1","Combust","Searing Blow+1"],"picked":"Rage+1","floor":35},{"not_picked":["Dropkick+1","Sword Boomerang+1","Cleave+1","Searing Blow+1"],"picked":"SKIP","floor":35},{"not_picked":["Havoc+1","Clothesline+1","Anger+1"],"picked":"Impervious","floor":37},{"not_picked":["Pommel Strike+1","Rampage+1","Power Through+1"],"picked":"Warcry+1","floor":37},{"not_picked":["Armaments+1","Rampage+1","Shrug It Off"],"picked":"Blood for Blood+1","floor":38},{"not_picked":["Anger+1","Metallicize","Perfected Strike+1","Rupture+1"],"picked":"SKIP","floor":38},{"not_picked":["Battle Trance","Shrug It Off","Pummel+1"],"picked":"Heavy Blade+1","floor":39},{"not_picked":["Fire Breathing","Sword Boomerang+1","Perfected Strike+1"],"picked":"True Grit+1","floor":39},{"not_picked":["Shockwave","Wild Strike+1","Body Slam+1"],"picked":"Uppercut+1","floor":40},{"not_picked":["Clash+1","Pommel Strike+1","Ghostly Armor"],"picked":"Double Tap","floor":42},{"not_picked":["Perfected Strike+1","Clothesline+1","Combust+1"],"picked":"Dual Wield","floor":44},{"not_picked":["Whirlwind+1","Warcry+1","Perfected Strike+1"],"picked":"Shrug It Off+1","floor":47},{"not_picked":["Pommel Strike+1","Dropkick+1","Flex"],"picked":"True Grit+1","floor":47},{"not_picked":["Twin Strike+1","Rampage+1","Dual Wield"],"picked":"Seeing Red","floor":54}],"player_experience":344889,"relics_obtained":[{"floor":2,"key":"Strawberry"},{"floor":6,"key":"Tiny Chest"},{"floor":8,"key":"Molten Egg 2"},{"floor":9,"key":"Question Card"},{"floor":10,"key":"Regal Pillow"},{"floor":19,"key":"Centennial Puzzle"},{"floor":20,"key":"Red Mask"},{"floor":23,"key":"Juzu Bracelet"},{"floor":25,"key":"Blue Candle"},{"floor":26,"key":"PreservedInsect"},{"floor":28,"key":"Bottled Lightning"},{"floor":30,"key":"Dream Catcher"},{"floor":40,"key":"Meat on the Bone"},{"floor":42,"key":"Mercury Hourglass"},{"floor":44,"key":"Ornamental Fan"},{"floor":46,"key":"Singing Bowl"},{"floor":54,"key":"Eternal Feather"}],"event_choices":[{"cards_removed":["Strike_R"],"damage_healed":0,"gold_gain":0,"player_choice":"Card Removal","damage_taken":0,"max_hp_gain":0,"max_hp_loss":0,"event_name":"The Cleric","floor":4,"gold_loss":50},{"damage_healed":0,"gold_gain":0,"player_choice":"Bought 2 Potions","damage_taken":0,"max_hp_gain":0,"max_hp_loss":0,"event_name":"The Woman in Blue","floor":5,"gold_loss":0},{"damage_healed":0,"gold_gain":75,"player_choice":"Gather Gold","damage_taken":11,"max_hp_gain":0,"max_hp_loss":0,"event_name":"World of Goop","floor":13,"gold_loss":0},{"damage_healed":0,"gold_gain":0,"player_choice":"Take Damage","damage_taken":21,"relics_obtained":["Golden Idol"],"max_hp_gain":0,"max_hp_loss":0,"event_name":"Golden Idol","floor":14,"gold_loss":0},{"damage_healed":0,"gold_gain":0,"player_choice":"Fought Bandits","damage_taken":0,"max_hp_gain":0,"max_hp_loss":0,"event_name":"Masked Bandits","floor":20,"gold_loss":0},{"damage_healed":0,"gold_gain":0,"player_choice":"Obtained Relic","damage_taken":0,"relics_obtained":["Prayer Wheel"],"max_hp_gain":0,"max_hp_loss":0,"event_name":"Addict","floor":27,"gold_loss":85},{"cards_removed":["Corruption"],"damage_healed":0,"gold_gain":0,"player_choice":"Purged","damage_taken":0,"max_hp_gain":0,"max_hp_loss":0,"event_name":"Purifier","floor":36,"gold_loss":0}],"is_beta":false,"boss_relics":[{"not_picked":["Velvet Choker","Runic Dome"],"picked":"Pandora\u0027s Box"},{"not_picked":["Empty Cage","Tiny House"],"picked":"Astrolabe"}],"items_purged_floors":[],"is_endless":false,"potions_floor_spawned":[3,10,16,21,22,24,25,30,33,37,38,42],"ascension_level":4}}