{"host":"9ylwqx3xq4e4v98b","time":1609139625,"event":{"mods":["AchievementEnabler","BaseMod","Colored Map","DeckTracker","Minty Spire (QoL Compilation)","Permanent Neow","StSLib","SuperFastMode","Td1madao Mod","The Animator"],"gold_per_floor":[111,111,122,133,147,147,1,13,13,13,13,13,13,29,29,124,124,140,140,140,140,140,140,154,154,154,54,68,80,80,99,99,99,99],"floor_reached":33,"playtime":916,"items_purged":["Strike_R","Defend_R"],"score":262,"play_id":"cb0128a8-d57e-4148-ab64-ce2875c95790","local_time":"20201227231345","is_ascension_mode":false,"campfire_choices":[{"data":"Flame Barrier","floor":6,"key":"SMITH"},{"data":"Flex","floor":11,"key":"SMITH"},{"data":"Double Tap","floor":15,"key":"SMITH"},{"data":"Inflame","floor":23,"key":"SMITH"},{"data":"Flex","floor":25,"key":"SMITH"},{"data":"Iron Wave","floor":30,"key":"SMITH"},{"data":"Juggernaut","floor":32,"key":"SMITH"}],"circlet_count":0,"master_deck":["Defend_R","Defend_R","Defend_R","Bash","Double Tap+1","Heavy Blade","Sword Boomerang","Dropkick","Flame Barrier+1","Blood for Blood","Flex+1","Intimidate","Juggernaut+1","Iron Wave+1","Bite","Bite","Bite","Bite","Bite","Inflame+1","Flex+1","Flex+1"],"relics":["Burning Blood"],"acts_visited":["Exordium","TheCity"],"potions_floor_usage":[16,18,33,33,33],"damage_taken":[{"damage":6,"enemies":"Cultist","floor":1,"turns":3},{"damage":5,"enemies":"Small Slimes","floor":3,"turns":3},{"damage":1,"enemies":"Jaw Worm","floor":4,"turns":3},{"damage":12,"enemies":"3 Louse","floor":5,"turns":4},{"damage":9,"enemies":"2 Fungi Beasts","floor":8,"turns":3},{"damage":0,"enemies":"Looter","floor":14,"turns":3},{"damage":59,"enemies":"Slime Boss","floor":16,"turns":9},{"damage":10,"enemies":"Spheric Guardian","floor":18,"turns":5},{"damage":23,"enemies":"Chosen","floor":24,"turns":6},{"damage":39,"enemies":"Centurion and Healer","floor":28,"turns":6},{"damage":20,"enemies":"Snecko","floor":29,"turns":4},{"damage":10,"enemies":"Snake Plant","floor":31,"turns":4},{"damage":52,"enemies":"Champ","floor":33,"turns":7}],"seed_played":"1203612825587210662","potions_obtained":[{"floor":1,"key":"AttackPotion"},{"floor":4,"key":"Explosive Potion"},{"floor":14,"key":"Dexterity Potion"},{"floor":18,"key":"LiquidBronze"},{"floor":29,"key":"Ancient Potion"},{"floor":31,"key":"Block Potion"}],"is_trial":false,"path_per_floor":["M","?","M","M","M","R","$","M","T","$","R","?","$","M","R","B",null,"M","?","?","?","T","R","M","R","T","$","M","M","R","M","R","B"],"character_chosen":"IRONCLAD","items_purchased":["Blood for Blood"],"campfire_rested":0,"item_purchase_floors":[7],"current_hp_per_floor":[80,80,80,80,74,74,74,71,71,71,71,71,71,77,77,24,80,76,67,56,56,56,56,49,49,49,49,30,24,24,32,32,0,0],"gold":99,"neow_bonus":"ONE_RANDOM_RARE_CARD","is_daily":false,"chose_seed":false,"campfire_upgraded":7,"win_rate":0.0,"timestamp":1609139625,"path_taken":["M","?","M","M","M","R","$","M","T","?","R","?","$","M","R","BOSS","M","?","?","?","?","R","?","R","T","$","?","M","R","M","R","BOSS"],"items_purchased_type":["Card"],"build_version":"2020-12-22","purchased_purges":2,"victory":false,"max_hp_per_floor":[80,80,80,80,80,80,80,80,80,80,80,80,80,80,80,80,80,80,80,56,56,56,56,56,56,56,56,56,56,56,56,56,56,56],"card_choices":[{"not_picked":["Whirlwind","Feel No Pain"],"picked":"Heavy Blade","floor":1},{"not_picked":["Shrug It Off","Body Slam","Perfected Strike"],"picked":"SKIP","floor":3},{"not_picked":["Havoc","Battle Trance"],"picked":"Dropkick","floor":4},{"not_picked":["Clash","Iron Wave"],"picked":"Flame Barrier","floor":5},{"not_picked":["Clash","Perfected Strike"],"picked":"Flex","floor":8},{"not_picked":["True Grit","Cleave"],"picked":"Intimidate","floor":14},{"not_picked":["Bludgeon","Offering"],"picked":"Juggernaut","floor":16},{"not_picked":["Whirlwind","Wild Strike"],"picked":"Iron Wave","floor":18},{"not_picked":["Clash","Sword Boomerang"],"picked":"Flex","floor":24},{"not_picked":["Dark Embrace+1","Perfected Strike","Feel No Pain"],"picked":"SKIP","floor":28},{"not_picked":["Clothesline","Second Wind","Flex"],"picked":"SKIP","floor":29},{"not_picked":["Sword Boomerang","Cleave"],"picked":"Flex+1","floor":31}],"player_experience":179049,"relics_obtained":[],"event_choices":[{"damage_healed":0,"gold_gain":0,"cards_transformed":["Strike_R"],"player_choice":"Transformed","damage_taken":0,"max_hp_gain":0,"max_hp_loss":0,"event_name":"Transmorgrifier","floor":2,"gold_loss":0,"cards_obtained":["Sword Boomerang"]},{"damage_healed":0,"gold_gain":0,"player_choice":"Ignored","damage_taken":0,"max_hp_gain":0,"max_hp_loss":0,"event_name":"Liars Game","floor":12,"gold_loss":0},{"damage_healed":0,"gold_gain":0,"player_choice":"Stopped","damage_taken":9,"max_hp_gain":0,"max_hp_loss":0,"event_name":"Cursed Tome","floor":19,"gold_loss":0},{"damage_healed":0,"gold_gain":0,"player_choice":"Became a vampire","damage_taken":0,"max_hp_gain":0,"max_hp_loss":24,"event_name":"Vampires","floor":20,"gold_loss":0,"cards_obtained":["Bite","Bite","Bite","Bite","Bite"]},{"damage_healed":0,"gold_gain":0,"player_choice":"Read","damage_taken":0,"max_hp_gain":0,"max_hp_loss":0,"event_name":"The Library","floor":21,"gold_loss":0,"cards_obtained":["Inflame"]}],"is_beta":false,"boss_relics":[{"not_picked":["Cursed Key","Calling Bell","Fusion Hammer"]}],"items_purged_floors":[7,27],"is_endless":false,"potions_floor_spawned":[1,4,14,18,29,31],"killed_by":"Champ","ascension_level":0}}