{"host":"grli52lbdph2722t","time":1609172888,"event":{"mods":["AchievementEnabler","BaseMod","Downfall","Minty Spire (QoL Compilation)","Quick Restart","StSLib"],"gold_per_floor":[0,12,28,48,58,58,58,78,93,93,93,93],"floor_reached":10,"playtime":348,"items_purged":[],"score":93,"play_id":"55ce1453-ae40-4ca4-900d-b35eeb745635","local_time":"20201228172808","is_ascension_mode":true,"campfire_choices":[{"data":"champ:Execute","floor":1,"key":"SMITH"},{"data":"Panache","floor":6,"key":"SMITH"}],"circlet_count":0,"master_deck":["AscendersBane","champ:Strike","champ:Strike","champ:Strike","champ:Strike","champ:Defend","champ:Defend","champ:Defend","champ:Defend","champ:Execute+1","champ:Taunt","Panache+1","champ:ArenaPreparation","champ:FlashCut","champ:ArenaPreparation","champ:Lariat","champ:AdrenalArmor"],"relics":["champ:ChampionCrown","champ:SpectersHand"],"acts_visited":["Exordium"],"potions_floor_usage":[10],"damage_taken":[{"damage":15,"enemies":"Cultist","floor":2,"turns":5},{"damage":30,"enemies":"2 Louse","floor":3,"turns":3},{"damage":5,"enemies":"Small Slimes","floor":4,"turns":3},{"damage":34,"enemies":"3 Louse","floor":5,"turns":3},{"damage":30,"enemies":"Exordium Wildlife","floor":8,"turns":1},{"damage":39,"enemies":"Red Slaver","floor":9,"turns":4},{"damage":54,"enemies":"Gremlin Nob","floor":10,"turns":2}],"seed_played":"-8733978236412523202","potions_obtained":[{"floor":3,"key":"SpeedPotion"},{"floor":9,"key":"Swift Potion"}],"is_trial":false,"path_per_floor":["R","M","M","M","M","R","T","M","M","E"],"character_chosen":"THE_CHAMP","items_purchased":[],"campfire_rested":0,"item_purchase_floors":[],"current_hp_per_floor":[81,71,65,65,58,58,58,58,54,0,0,0],"gold":93,"neow_bonus":"RANDOM_COLORLESS_2","is_daily":false,"chose_seed":false,"campfire_upgraded":2,"win_rate":0.0,"timestamp":1609172888,"path_taken":["R","M","M","?","M","R","T","M","M","E"],"items_purchased_type":[],"build_version":"2020-12-22","purchased_purges":0,"victory":false,"max_hp_per_floor":[90,90,90,90,90,90,90,90,90,90,90,90],"card_choices":[{"not_picked":["expansioncontent:Corrupt","Violence"],"picked":"Panache","floor":0},{"not_picked":["champ:PerfectedStrike","champ:Haymaker"],"picked":"champ:ArenaPreparation","floor":2},{"not_picked":["champ:ShieldSigil","champ:PerfectedStrike"],"picked":"champ:FlashCut","floor":3},{"not_picked":["champ:FocusedGladiator","champ:ShieldSigil"],"picked":"champ:ArenaPreparation","floor":4},{"not_picked":["champ:SkillfulDodge","champ:DefensiveShout"],"picked":"champ:Lariat","floor":5},{"not_picked":["champ:Shatter","champ:BerserkersShout"],"picked":"champ:AdrenalArmor","floor":8},{"not_picked":["champ:BladeFlurry","champ:FlashCut","champ:BerserkersShout"],"picked":"SKIP","floor":9}],"player_experience":4889311,"relics_obtained":[{"floor":7,"key":"champ:SpectersHand"}],"event_choices":[],"is_beta":false,"boss_relics":[],"items_purged_floors":[],"is_endless":false,"potions_floor_spawned":[3,9],"killed_by":"Gremlin Nob","ascension_level":10}}