{"host":"zt8a6xk8zi449pm4","time":1609183479,"event":{"mods":["AchievementEnabler","Aspiration","BaseMod","Conspire","Energized Spire","Infinite Spire","Minty Spire (QoL Compilation)","Rare Cards Sparkle","Relic Stats","Replay The Spire","StSLib"],"gold_per_floor":[117,67,67,84,84,109,125,125,125,125,158,176,176,195,195,297,297,316,316,316,334,352,352,352,384,384,409,37,71,87,115,115,218,218,232,248,265,265,265,265,265,265,312,345,345,375,389,406,406,504,504,516,691,691,690,701,724,734,740,765,776,781,731,731,731,731,811,811,816,741,741,760,742,755,164,155,155,155,155,158,158,608,608,683,683,689,683,683,683,643,643,651,627,639,651,673,685,684,684],"floor_reached":98,"playtime":8596,"items_purged":["Eruption","Strike_P","Strike_P"],"score":2092,"play_id":"60b2158d-0827-4d09-afca-405c36e841df","local_time":"20201228192439","is_ascension_mode":true,"campfire_choices":[{"data":"Judgement","floor":8,"key":"SMITH"},{"data":"Collect","floor":10,"key":"SMITH"},{"floor":13,"key":"REST"},{"data":"Prostrate","floor":15,"key":"SMITH"},{"data":"infinitespire:Collect","floor":23,"key":"SMITH"},{"floor":32,"key":"REST"},{"data":"Alpha","floor":40,"key":"SMITH"},{"data":"DevaForm","floor":42,"key":"SMITH"},{"floor":45,"key":"REST"},{"floor":49,"key":"REST"},{"data":"infinitespire:Punishment","floor":64,"key":"SMITH"},{"data":"Judgement","floor":79,"key":"SMITH"},{"data":"Vault","floor":81,"key":"SMITH"},{"data":"DeusExMachina","floor":83,"key":"SMITH"},{"data":"Omniscience","floor":91,"key":"SMITH"},{"data":"Pot Of Greed","floor":95,"key":"SMITH"},{"data":"Pot Of Greed","floor":97,"key":"SMITH"}],"circlet_count":0,"master_deck":["Strike_P","Alpha+1","Prostrate+1","Prostrate","Judgement+1","Collect+1","DeusExMachina+1","Replay:Vibes","infinitespire:Collect+1","infinitespire:Punishment+1","Replay:DivineShield","Alpha+1","Replay:Vibes","Dramatic Entrance","Evaluate","Worship","DevaForm+1","Collect","Replay:Hum","Calculated Gamble","Calculated Gamble","Vault+1","Judgement+1","Worship+1","Replay:DivineShield","Omniscience+1","FlurryOfBlows","Worship","ReplayTheSpireMod:Haul","Evaluate","JustLucky+1","Study+1","Thinking Ahead","Pot Of Greed+1","Pot Of Greed+1","Pot Of Greed+1","WheelKick+1","ReplayTheSpireMod:Faulty Equipment","Pot Of Greed+1","MasterReality+1","Ragnarok+1","Madness","Madness","Worship+1","Protect+1","Prostrate"],"relics":["PureWater","InkBottle","Replay:Ringing Soul","Vajra","energizedSpire:DeadBattery","Enchiridion","Nloth\u0027s Gift","infinitespire:Lucky Rock","Divine Protection","Dead Branch","Strawberry","aspiration:HiddenCompartment","Bottled Lightning","Sozu","Ring of Hypnosis","Ring of Fury","Orichalcum","ReplayFunnel","Replay:Accelerometer","Philosopher\u0027s Stone","Bronze Scales","Frozen Egg 2","infinitespire:Beetle Shell","Molten Egg 2","Gambling Chip","Coffee Dripper","Onion Ring","Grinning Jar","Replay:Wax Seal","Smiling Mask","infinitespire:Broken Mirror","infinitespire:WardingShard","Durian","conspire:SpecialSausage","MawBank","Blue Doll"],"acts_visited":["Exordium","TheCity","TheBeyond","Exordium","TheCity","TheBeyond"],"potions_floor_usage":[18,27,27,29,29,35,46],"damage_taken":[{"damage":6,"enemies":"Jaw Worm","floor":1,"turns":3},{"damage":0,"enemies":"conspire:RoseBush","floor":4,"turns":4},{"damage":9,"enemies":"3 Sentries","floor":6,"turns":3},{"damage":0,"enemies":"Cultist","floor":7,"turns":3},{"damage":15,"enemies":"conspire:MimicChest","floor":11,"turns":4},{"damage":2,"enemies":"3 Louse","floor":12,"turns":5},{"damage":0,"enemies":"Blue Slaver","floor":14,"turns":3},{"damage":31,"enemies":"Slime Boss","floor":16,"turns":4},{"damage":5,"enemies":"Shell Parasite","floor":18,"turns":3},{"damage":0,"enemies":"2 Thieves","floor":21,"turns":2},{"damage":0,"enemies":"Cultist and Chosen","floor":22,"turns":3},{"damage":6,"enemies":"conspire:SneckoGhost","floor":25,"turns":4},{"damage":0,"enemies":"Nightmare","floor":27,"turns":4},{"damage":0,"enemies":"Gremlin Leader","floor":29,"turns":4},{"damage":2,"enemies":"Snecko","floor":30,"turns":3},{"damage":14,"enemies":"Slavers","floor":31,"turns":3},{"damage":3,"enemies":"Collector","floor":33,"turns":6},{"damage":0,"enemies":"Orb Walker","floor":35,"turns":1},{"damage":0,"enemies":"3 Shapes","floor":36,"turns":2},{"damage":0,"enemies":"Spire Growth","floor":37,"turns":1},{"damage":76,"enemies":"Reptomancer","floor":44,"turns":4},{"damage":0,"enemies":"Nemesis","floor":46,"turns":7},{"damage":6,"enemies":"Maw","floor":47,"turns":4},{"damage":0,"enemies":"Sphere and 2 Shapes","floor":48,"turns":3},{"damage":6,"enemies":"infinitespire:MassOfShapes","floor":50,"turns":6},{"damage":0,"enemies":"2 Louse","floor":52,"turns":2},{"damage":0,"enemies":"Cultist","floor":55,"turns":1},{"damage":0,"enemies":"Small Slimes","floor":56,"turns":1},{"damage":0,"enemies":"Replay:BlueRogue","floor":57,"turns":1},{"damage":0,"enemies":"3 Louse","floor":58,"turns":1},{"damage":0,"enemies":"Red Slaver","floor":59,"turns":1},{"damage":0,"enemies":"Lagavulin","floor":61,"turns":4},{"damage":0,"enemies":"Blue Slaver","floor":62,"turns":1},{"damage":7,"enemies":"The Guardian","floor":67,"turns":4},{"damage":0,"enemies":"Shell Parasite","floor":69,"turns":2},{"damage":0,"enemies":"Spheric Guardian","floor":72,"turns":1},{"damage":0,"enemies":"3 Cultists","floor":73,"turns":4},{"damage":2,"enemies":"Book of Stabbing","floor":74,"turns":2},{"damage":0,"enemies":"conspire:Head Lice","floor":76,"turns":3},{"damage":25,"enemies":"Gremlin Leader","floor":80,"turns":3},{"damage":4,"enemies":"Automaton","floor":84,"turns":4},{"damage":0,"enemies":"Orb Walker","floor":86,"turns":2},{"damage":20,"enemies":"3 Darklings","floor":87,"turns":2},{"damage":84,"enemies":"R_Hoarder","floor":92,"turns":3},{"damage":0,"enemies":"Transient","floor":93,"turns":3},{"damage":0,"enemies":"Writhing Mass","floor":96,"turns":1},{"damage":73,"enemies":"Nemesis","floor":98,"turns":2}],"seed_played":"1839410613584769979","potions_obtained":[{"floor":4,"key":"SmokeBomb"},{"floor":7,"key":"LiquidBronze"},{"floor":11,"key":"AttackPotion"},{"floor":14,"key":"Block Potion"},{"floor":18,"key":"Block Potion"},{"floor":21,"key":"DistilledChaos"},{"floor":27,"key":"Weak Potion"},{"floor":31,"key":"StancePotion"},{"floor":33,"key":"PowerPotion"}],"is_trial":false,"path_per_floor":["M","?","?","M","?","E","M","R","T","R","?","M","R","M","R","B",null,"M","?","AVR","M","M","R","?","E","T","NM","$","E","M","E","R","B",null,"M","M","M","?","?","R","?","R","T","E","R","E","M","M","R","B",null,"M","?","?","M","M","E","M","M","T","E","M","?","R","T","R","B",null,"M","?","?","M","M","E","$","E","T","?","R","E","R","?","R","B",null,"M","M","?","?","?","R","E","M","T","R","M","R","E"],"character_chosen":"WATCHER","items_purchased":["Replay:Vibes","Dramatic Entrance","Strawberry","Study+1","Thinking Ahead","Grinning Jar","Replay:Wax Seal"],"campfire_rested":4,"item_purchase_floors":[28,28,28,75,75,75,75],"current_hp_per_floor":[66,66,66,66,66,57,57,57,57,57,42,40,61,61,61,33,75,73,57,60,63,63,63,63,60,60,60,70,70,71,60,90,90,106,109,109,112,112,112,112,115,115,115,42,77,80,77,80,118,112,127,127,130,130,133,136,139,139,139,139,142,142,142,142,142,135,131,145,145,145,155,158,161,159,162,165,165,168,168,151,151,99,99,98,181,181,161,141,141,141,141,60,63,63,63,66,66,0,0],"gold":684,"neow_bonus":"ONE_RANDOM_RARE_CARD","is_daily":false,"chose_seed":false,"campfire_upgraded":13,"win_rate":0.0,"timestamp":1609183479,"path_taken":["M","?","?","?","?","E","?","R","T","R","?","M","R","M","R","BOSS","M","?","AVR","M","M","R","?","E","T","NM","$","E","?","E","R","BOSS","M","M","M","?","?","R","?","R","T","E","R","E","M","?","R","BOSS","M","?","?","M","M","E","?","M","T","E","M","?","R","?","R","BOSS","M","?","?","?","M","E","$","E","T","?","R","E","R","?","R","BOSS","M","M","?","?","?","R","E","?","T","R","M","R","E"],"items_purchased_type":["Card","Card","Relic","Card","Card","Relic","Relic"],"build_version":"2020-12-22","purchased_purges":3,"victory":false,"max_hp_per_floor":[72,72,72,72,72,72,72,72,72,72,72,72,72,72,72,75,75,78,78,81,84,84,84,84,87,87,87,97,97,100,103,103,106,106,109,109,112,112,112,112,115,115,115,118,118,121,124,127,127,127,127,127,130,130,133,136,139,139,139,139,142,142,142,142,142,142,145,145,145,145,155,158,161,161,164,167,167,170,170,178,178,178,178,181,181,181,181,184,184,184,184,187,190,190,190,193,193,193,193],"relic_stats":{"Sozu":13,"counters":[47,137],"Dead Branch":[272],"Bronze Scales":[42],"Gambling Chip":[28],"Nloth\u0027s Gift":10,"Orichalcum":[144],"Smiling Mask":0,"MawBank":72,"obtain_stats":[{"ReplayFunnel":44,"Divine Protection":26,"Replay:Accelerometer":46,"Vajra":11,"Enchiridion":19,"conspire:SpecialSausage":85,"Blue Doll":94,"Smiling Mask":76,"Sozu":34,"Replay:Ringing Soul":9,"Strawberry":28,"Gambling Chip":65,"Philosopher\u0027s Stone":51,"Replay:Wax Seal":75,"InkBottle":6,"Ring of Hypnosis":38,"Dead Branch":27,"infinitespire:Beetle Shell":60,"infinitespire:Lucky Rock":25,"Orichalcum":43,"Frozen Egg 2":57,"energizedSpire:DeadBattery":17,"aspiration:HiddenCompartment":29,"MawBank":92,"Anchor":20,"infinitespire:WardingShard":78,"infinitespire:Broken Mirror":77,"Bronze Scales":54,"Ring of Fury":38,"Molten Egg 2":61,"Onion Ring":74,"Nloth\u0027s Gift":24,"Coffee Dripper":68,"Durian":80,"Bottled Lightning":31,"PureWater":0,"Grinning Jar":75},{"ReplayFunnel":21,"Divine Protection":12,"Replay:Accelerometer":22,"Vajra":5,"Enchiridion":9,"conspire:SpecialSausage":41,"Blue Doll":45,"Smiling Mask":39,"Sozu":17,"Replay:Ringing Soul":4,"Strawberry":13,"Gambling Chip":33,"Philosopher\u0027s Stone":25,"Replay:Wax Seal":38,"InkBottle":3,"Ring of Hypnosis":20,"Dead Branch":13,"infinitespire:Beetle Shell":31,"infinitespire:Lucky Rock":12,"Orichalcum":20,"Frozen Egg 2":29,"energizedSpire:DeadBattery":8,"aspiration:HiddenCompartment":14,"MawBank":44,"Anchor":9,"infinitespire:WardingShard":39,"infinitespire:Broken Mirror":39,"Bronze Scales":26,"Ring of Fury":20,"Molten Egg 2":32,"Onion Ring":38,"Nloth\u0027s Gift":11,"Coffee Dripper":34,"Durian":40,"Bottled Lightning":16,"PureWater":0,"Grinning Jar":38},{"ReplayFunnel":69,"Divine Protection":41,"Replay:Accelerometer":76,"Vajra":17,"Enchiridion":32,"conspire:SpecialSausage":124,"Blue Doll":134,"Smiling Mask":117,"Sozu":61,"Replay:Ringing Soul":13,"Strawberry":45,"Gambling Chip":101,"Philosopher\u0027s Stone":89,"Replay:Wax Seal":114,"InkBottle":10,"Ring of Hypnosis":65,"Dead Branch":45,"infinitespire:Beetle Shell":96,"infinitespire:Lucky Rock":41,"Orichalcum":65,"Frozen Egg 2":94,"energizedSpire:DeadBattery":29,"aspiration:HiddenCompartment":49,"MawBank":131,"Anchor":32,"infinitespire:WardingShard":117,"infinitespire:Broken Mirror":117,"Bronze Scales":91,"Ring of Fury":65,"Molten Egg 2":100,"Onion Ring":114,"Nloth\u0027s Gift":37,"Coffee Dripper":105,"Durian":120,"Bottled Lightning":55,"PureWater":0,"Grinning Jar":114}],"InkBottle":[75]},"card_choices":[{"not_picked":["TalkToTheHand","Worship"],"picked":"Prostrate","floor":1},{"not_picked":["LikeWater","Crescendo"],"picked":"Prostrate","floor":4},{"not_picked":["Nirvana","EmptyMind"],"picked":"Judgement","floor":6},{"not_picked":["SignatureMove","Meditate"],"picked":"Collect","floor":7},{"not_picked":["Consecrate","EmptyMind","PathToVictory"],"picked":"SKIP","floor":12},{"not_picked":["Replay:ManipulateFuture","Adaptation","EmptyBody"],"picked":"SKIP","floor":14},{"not_picked":["Replay:LoomingThreat","Vault"],"picked":"DeusExMachina","floor":16},{"not_picked":["Replay:BluntJabs","EmptyFist"],"picked":"Replay:Vibes","floor":18},{"not_picked":["Weave","BowlingBash"],"picked":"Replay:DivineShield","floor":21},{"not_picked":["SashWhip+1","FlyingSleeves+1","Wallop"],"picked":"SKIP","floor":22},{"not_picked":["Crescendo","Devotion"],"picked":"Alpha","floor":25},{"not_picked":["PathToVictory","FlyingSleeves+1","Replay:Hum"],"picked":"SKIP","floor":27},{"not_picked":["PathToVictory","InnerPeace","Establishment"],"picked":"SKIP","floor":29},{"not_picked":["SashWhip","JustLucky"],"picked":"Evaluate","floor":30},{"not_picked":["Replay:AllIn","DeceiveReality"],"picked":"Worship","floor":31},{"not_picked":["Vault","Scrawl"],"picked":"DevaForm","floor":33},{"not_picked":["Replay:ManipulateFuture+1","ReachHeaven"],"picked":"Collect","floor":35},{"not_picked":["TalkToTheHand","Nirvana","InnerPeace+1"],"picked":"SKIP","floor":36},{"not_picked":["Ragnarok","EmptyBody+1"],"picked":"Replay:Hum","floor":37},{"not_picked":["Halt","Consecrate"],"picked":"Vault","floor":44},{"not_picked":["Perseverance+1","Crescendo"],"picked":"Judgement","floor":46},{"not_picked":["Replay:ManipulateFuture","Conclude+1"],"picked":"Worship+1","floor":47},{"not_picked":["Replay:Cycle","PathToVictory"],"picked":"FlurryOfBlows+1","floor":48},{"not_picked":["CrushJoints","WreathOfFlame","ThirdEye"],"picked":"SKIP","floor":52},{"not_picked":["Replay:Cycle","Crescendo"],"picked":"Replay:DivineShield","floor":55},{"not_picked":["FlurryOfBlows","Meditate"],"picked":"Omniscience","floor":56},{"not_picked":["ReachHeaven","Crescendo"],"picked":"FlurryOfBlows","floor":57},{"not_picked":["Replay:Hum","Replay:ManipulateFuture","PathToVictory"],"picked":"SKIP","floor":58},{"not_picked":["Consecrate","FollowUp","Adaptation+1"],"picked":"SKIP","floor":59},{"not_picked":["Blasphemy","Replay:LoomingThreat+1"],"picked":"Worship","floor":61},{"not_picked":["FlyingSleeves+1","FollowUp+1","CrushJoints+1"],"picked":"SKIP","floor":62},{"not_picked":["infinitespire:Gouge","infinitespire:DeathsTouch"],"picked":"ReplayTheSpireMod:Haul","floor":67},{"not_picked":["Omniscience","Replay:AllIn"],"picked":"MasterReality+1","floor":67},{"not_picked":["FlyingSleeves+1","Fasting2+1","CrushJoints+1"],"picked":"SKIP","floor":69},{"not_picked":["Replay:Anticipation","WreathOfFlame"],"picked":"Evaluate","floor":72},{"not_picked":["FlyingSleeves+1","Replay:Battleflow"],"picked":"JustLucky+1","floor":73},{"not_picked":["TalkToTheHand+1","FlyingSleeves+1","Indignation"],"picked":"SKIP","floor":74},{"not_picked":["PathToVictory+1","Ragnarok+1"],"picked":"WheelKick+1","floor":76},{"not_picked":["WreathOfFlame","SashWhip+1"],"picked":"MasterReality+1","floor":80},{"not_picked":["ConjureBlade","Blasphemy"],"picked":"Ragnarok+1","floor":84},{"not_picked":["Halt+1","PathToVictory","EmptyBody"],"picked":"SKIP","floor":86},{"not_picked":["EmptyBody+1","FollowUp+1","EmptyMind+1"],"picked":"SKIP","floor":87},{"not_picked":["Wireheading+1","EmptyBody"],"picked":"Worship+1","floor":92},{"not_picked":["FollowUp+1","ThirdEye+1"],"picked":"Protect+1","floor":93},{"not_picked":["BowlingBash+1","Replay:Battleflow"],"picked":"Prostrate","floor":96}],"player_experience":284385,"relics_obtained":[{"floor":6,"key":"InkBottle"},{"floor":9,"key":"Replay:Ringing Soul"},{"floor":11,"key":"Vajra"},{"floor":19,"key":"Enchiridion"},{"floor":25,"key":"infinitespire:Lucky Rock"},{"floor":26,"key":"Divine Protection"},{"floor":27,"key":"Dead Branch"},{"floor":29,"key":"aspiration:HiddenCompartment"},{"floor":31,"key":"Bottled Lightning"},{"floor":38,"key":"Ring of Hypnosis"},{"floor":38,"key":"Ring of Fury"},{"floor":43,"key":"Orichalcum"},{"floor":44,"key":"ReplayFunnel"},{"floor":46,"key":"Replay:Accelerometer"},{"floor":57,"key":"Frozen Egg 2"},{"floor":60,"key":"infinitespire:Beetle Shell"},{"floor":61,"key":"Molten Egg 2"},{"floor":65,"key":"Gambling Chip"},{"floor":74,"key":"Onion Ring"},{"floor":76,"key":"Smiling Mask"},{"floor":77,"key":"infinitespire:Broken Mirror"},{"floor":80,"key":"Durian"},{"floor":92,"key":"MawBank"},{"floor":94,"key":"Blue Doll"}],"event_choices":[{"cards_removed":["Vigilance"],"damage_healed":0,"gold_gain":0,"player_choice":"Card Removal","damage_taken":0,"max_hp_gain":0,"max_hp_loss":0,"event_name":"The Cleric","floor":2,"gold_loss":50},{"damage_healed":0,"gold_gain":0,"player_choice":"Upgraded","damage_taken":0,"max_hp_gain":0,"max_hp_loss":0,"event_name":"Upgrade Shrine","floor":5,"gold_loss":0,"cards_upgraded":["Alpha"]},{"damage_healed":0,"gold_gain":0,"player_choice":"Obtained Book","damage_taken":16,"max_hp_gain":0,"max_hp_loss":0,"event_name":"Cursed Tome","floor":19,"gold_loss":0},{"damage_healed":0,"gold_gain":0,"player_choice":"Traded Relic","damage_taken":0,"relics_obtained":["Nloth\u0027s Gift"],"max_hp_gain":0,"max_hp_loss":0,"event_name":"N\u0027loth","floor":24,"relics_lost":["Anchor"],"gold_loss":0},{"damage_healed":0,"gold_gain":175,"player_choice":"AGREE","damage_taken":0,"max_hp_gain":0,"max_hp_loss":0,"event_name":"Liars Game","floor":53,"gold_loss":0,"cards_obtained":["Doubt"]},{"cards_removed":["FlurryOfBlows"],"damage_healed":0,"gold_gain":0,"player_choice":"Gave Card","damage_taken":0,"relics_obtained":["Bronze Scales"],"max_hp_gain":0,"max_hp_loss":0,"event_name":"WeMeetAgain","floor":54,"gold_loss":0},{"cards_removed":["Doubt"],"damage_healed":0,"gold_gain":0,"player_choice":"Card Removal","damage_taken":0,"max_hp_gain":0,"max_hp_loss":0,"event_name":"The Cleric","floor":63,"gold_loss":50},{"cards_removed":["ReplayTheSpireMod:Shiv Toss"],"damage_healed":0,"gold_gain":0,"player_choice":"Card Removal","damage_taken":7,"max_hp_gain":0,"max_hp_loss":0,"event_name":"Golden Wing","floor":66,"gold_loss":0},{"cards_removed":["Strike_P"],"damage_healed":0,"gold_gain":0,"player_choice":"Gave Gold","damage_taken":0,"max_hp_gain":0,"max_hp_loss":0,"event_name":"Beggar","floor":70,"gold_loss":75},{"cards_removed":["MasterReality"],"damage_healed":0,"gold_gain":0,"player_choice":"Offered Rare","damage_taken":0,"max_hp_gain":10,"max_hp_loss":0,"event_name":"Bonfire Elementals","floor":71,"gold_loss":0},{"damage_healed":0,"gold_gain":450,"player_choice":"GOLD GOLD GOLD POTION GOLD GOLD ","damage_taken":52,"max_hp_gain":0,"max_hp_loss":0,"event_name":"Knowing Skull","floor":82,"potions_obtained":[],"gold_loss":0,"cards_obtained":[]},{"damage_healed":0,"gold_gain":0,"player_choice":"Embrace Madness","damage_taken":23,"max_hp_gain":0,"max_hp_loss":0,"event_name":"Winding Halls","floor":88,"gold_loss":0,"cards_obtained":["Madness","Madness"]},{"damage_healed":0,"gold_gain":0,"player_choice":"Ignored","damage_taken":0,"max_hp_gain":0,"max_hp_loss":0,"event_name":"Tomb of Lord Red Mask","floor":89,"gold_loss":0},{"damage_healed":0,"gold_gain":0,"player_choice":"Upgraded Two","damage_taken":0,"max_hp_gain":0,"max_hp_loss":0,"event_name":"Designer","floor":90,"gold_loss":40,"cards_upgraded":["Pot Of Greed","Pot Of Greed"]}],"is_beta":false,"boss_relics":[{"not_picked":["conspire:SpecialSausage","energizedSpire:HugeHouse"],"picked":"energizedSpire:DeadBattery"},{"not_picked":["energizedSpire:MagnifyingGlass","conspire:RoyalGoblet"],"picked":"Sozu"},{"not_picked":["Velvet Choker","aspiration:SecretTechniqueScroll"],"picked":"Philosopher\u0027s Stone"},{"not_picked":["SlaversCollar","infinitespire:Cupcake"],"picked":"Coffee Dripper"},{"not_picked":["Astrolabe","aspiration:SecretTechniqueScroll"],"picked":"conspire:SpecialSausage"}],"items_purged_floors":[20,28,75],"is_endless":true,"potions_floor_spawned":[4,7,11,14,18,21,27,31,33,35,36,46,48,52,56,62,67,74,84,86,92],"killed_by":"Nemesis","ascension_level":1}}