{"host":"6dypmz777xraikqf","time":1609161765,"event":{"mods":["AchievementEnabler","BaseMod","BetterRewards","Colored Map","Colored Powertips","Downfall","Highlight Path","Hubris","Infinite Spire","Minty Spire (QoL Compilation)","Replay The Spire","StSLib"],"gold_per_floor":[110,120,120,45,45,72,72,99,99,110,110,10,10,29,29,128,128,141,157,40,55,0,0,28,28,74,89,89,103,120,131,131,226,226,238,238,238,258,269,269,298,311,311,411,411,445,445,445,445,445],"floor_reached":51,"playtime":3937,"items_purged":["Strike_R","Strike_R"],"score":614,"play_id":"72273eb0-1615-43ee-a5de-ad140fac87da","local_time":"20201228132245","is_ascension_mode":true,"campfire_choices":[{"floor":7,"key":"REST"},{"data":"Armaments","floor":11,"key":"SMITH"},{"data":"Massacre","floor":23,"key":"SMITH"},{"floor":32,"key":"REST"},{"data":"Mind Blast","floor":40,"key":"SMITH"},{"data":"Body Slam","floor":45,"key":"SMITH"},{"data":"Demon Form","floor":47,"key":"SMITH"},{"data":"Jack Of All Trades","floor":49,"key":"SMITH"}],"circlet_count":0,"master_deck":["Strike_R","Strike_R","Defend_R+1","Defend_R","Defend_R+1","Defend_R","Bash","Pommel Strike","Twin Strike+1","Offering","Armaments+1","Demon Form+1","Feed","Shrug It Off","Sword Boomerang+1","Ghostly Armor+1","Massacre+1","Bloodletting","Shrug It Off+1","Sword Boomerang+1","Shrug It Off","Headbutt","Reaper","ReplayReversal+1","Jack Of All Trades+1","Mind Blast+1","Bandage Up","Rage+1","Intimidate+1","Body Slam+1","Warcry","Battle Trance","Mind Blast+1"],"relics":["Burning Blood","Replay:Kaleidoscope","Strawberry","Kunai","War Paint","Honey Jar","Shuriken","infinitespire:Lucky Rock","hubris:VirtuousBlindfold","Juzu Bracelet","infinitespire:Lychee Nut","Oddly Smooth Stone"],"acts_visited":["Exordium","TheCity","TheBeyond"],"potions_floor_usage":[13,16,16,16,33,41,46,46,46,46,46,50,50,50,50,50,50,50,50],"damage_taken":[{"damage":8,"enemies":"Jaw Worm","floor":1,"turns":6},{"damage":6,"enemies":"Cultist","floor":2,"turns":3},{"damage":51,"enemies":"3 Sentries","floor":6,"turns":12},{"damage":34,"enemies":"Replay:BlueRogue","floor":8,"turns":7},{"damage":2,"enemies":"Small Slimes","floor":10,"turns":4},{"damage":6,"enemies":"2 Fungi Beasts","floor":14,"turns":2},{"damage":48,"enemies":"Hexaghost","floor":16,"turns":5},{"damage":16,"enemies":"Shell Parasite","floor":18,"turns":6},{"damage":10,"enemies":"Chosen","floor":19,"turns":5},{"damage":6,"enemies":"Snake Plant","floor":21,"turns":4},{"damage":49,"enemies":"Slavers","floor":24,"turns":5},{"damage":6,"enemies":"Shelled Parasite and Fungi","floor":27,"turns":7},{"damage":3,"enemies":"Snecko","floor":29,"turns":5},{"damage":0,"enemies":"Centurion and Healer","floor":30,"turns":4},{"damage":15,"enemies":"3 Cultists","floor":31,"turns":5},{"damage":48,"enemies":"Collector","floor":33,"turns":7},{"damage":0,"enemies":"Orb Walker","floor":35,"turns":3},{"damage":16,"enemies":"3 Shapes","floor":38,"turns":6},{"damage":11,"enemies":"Spire Growth","floor":39,"turns":4},{"damage":9,"enemies":"Reptomancer","floor":41,"turns":5},{"damage":13,"enemies":"Maw","floor":42,"turns":6},{"damage":11,"enemies":"Giant Head","floor":46,"turns":8},{"damage":20,"enemies":"Replay:Hell Engine","floor":50,"turns":8}],"seed_played":"-3464470353654714325","potions_obtained":[{"floor":1,"key":"Ancient Potion"},{"floor":10,"key":"hexamod:EctoCoolerPotion"},{"floor":13,"key":"Fruit Juice"},{"floor":13,"key":"champ:CounterPotion"},{"floor":13,"key":"Strength Potion"},{"floor":18,"key":"Elixir"},{"floor":24,"key":"FearPotion"},{"floor":29,"key":"Adrenaline Potion"},{"floor":33,"key":"Energy Potion"},{"floor":35,"key":"EntropicBrew"},{"floor":38,"key":"Block Potion"},{"floor":41,"key":"LifebloodPotion"}],"is_trial":false,"path_per_floor":["M","M","?","$","?","E","R","E","T","M","R","$","?","M","R_BF","B",null,"M","M","$","M","?","R","E","?","T","M","?","M","M","M","R","B",null,"M","?","?","M","M","R","E","M","T","?","R","E","R","?","R","B",null],"character_chosen":"IRONCLAD","items_purchased":["Ghostly Armor","Massacre"],"campfire_rested":2,"item_purchase_floors":[20,20],"current_hp_per_floor":[78,78,78,78,71,33,59,31,31,35,35,35,40,40,67,25,92,86,82,82,85,85,85,45,45,45,49,49,55,61,56,89,47,113,113,103,108,116,119,119,120,117,90,90,90,90,90,90,90,90],"gold":445,"neow_bonus":"ONE_RARE_RELIC","is_daily":false,"chose_seed":false,"campfire_upgraded":6,"win_rate":0.0,"timestamp":1609161765,"path_taken":["M","M","?","?","?","E","R","E","T","M","R","$","?","M","R_BF","BOSS","M","?","$","M","?","R","E","?","T","M","?","M","?","M","R","BOSS","M","?","?","M","M","R","E","M","T","?","R","E","R","?","R","BOSS"],"items_purchased_type":["Card","Card"],"build_version":"2020-12-22","purchased_purges":2,"victory":true,"max_hp_per_floor":[80,80,80,80,80,87,87,87,87,87,87,87,92,92,92,92,92,96,96,96,99,99,99,102,102,102,106,106,109,109,113,113,113,113,113,113,113,116,120,120,120,120,90,90,90,90,90,90,90,90],"card_choices":[{"not_picked":["hubris:ReadiedAction","Inflame"],"picked":"Pommel Strike","floor":1},{"not_picked":["Sword Boomerang","Body Slam","hubris:CleavingFinish"],"picked":"SKIP","floor":2},{"not_picked":["Rupture","Flex"],"picked":"Twin Strike","floor":6},{"not_picked":["Warcry","Clash"],"picked":"Offering","floor":8},{"not_picked":["Intimidate","hubris:ReadiedAction"],"picked":"Armaments","floor":10},{"not_picked":["Pommel Strike","Heavy Blade"],"picked":"Demon Form","floor":14},{"not_picked":["Demon Form","Demonic Infusion"],"picked":"Feed","floor":16},{"not_picked":["Sword Boomerang","Searing Blow","Burning Pact"],"picked":"Shrug It Off","floor":18},{"not_picked":["hubris:CleavingFinish","Clash","Defy Death+1"],"picked":"Sword Boomerang+1","floor":19},{"not_picked":["Clothesline","Berserk","Disarm"],"picked":"Bloodletting","floor":21},{"not_picked":["Bloodletting+1","True Grit","Clash"],"picked":"Shrug It Off+1","floor":24},{"not_picked":["ReplayTheSpireMod:Strike From Hell+1","Perfected Strike","Carnage"],"picked":"Sword Boomerang+1","floor":27},{"not_picked":["Run Through","Thunderclap","Pommel Strike"],"picked":"Shrug It Off","floor":29},{"not_picked":["Demon Form","Anger","Run Through+1"],"picked":"Headbutt","floor":30},{"not_picked":["Perfected Strike","Abandon","ReplayTheSpireMod:LeadingStrike"],"picked":"Sword Boomerang","floor":31},{"not_picked":["Hemogenesis","Berserk","Fiend Fire"],"picked":"Reaper","floor":33},{"not_picked":["Sword Boomerang","Iron Wave+1","True Grit"],"picked":"ReplayReversal+1","floor":35},{"not_picked":["expansioncontent:CaCaw","Transmutation","Swift Strike"],"picked":"Jack Of All Trades","floor":36},{"not_picked":["Panache","expansioncontent:Corrupt","Discovery"],"picked":"Mind Blast","floor":36},{"not_picked":["Magnetism","Panacea","expansioncontent:DefensiveStance"],"picked":"Bandage Up","floor":36},{"not_picked":["Clash","Hemokinesis+1","Perfected Strike+1"],"picked":"Rage+1","floor":38},{"not_picked":["Body Slam+1","Bloodletting","Rupture"],"picked":"Intimidate+1","floor":39},{"not_picked":["Second Wind","Blood for Blood","Clash"],"picked":"Body Slam","floor":41},{"not_picked":["Carnage+1","hubris:ReadiedAction","Run Through"],"picked":"Warcry","floor":42},{"not_picked":["Pommel Strike","Dual Wield","Clothesline"],"picked":"Battle Trance","floor":46}],"player_experience":15531,"relics_obtained":[{"floor":6,"key":"Strawberry"},{"floor":8,"key":"Kunai"},{"floor":9,"key":"War Paint"},{"floor":24,"key":"Shuriken"},{"floor":26,"key":"infinitespire:Lucky Rock"},{"floor":41,"key":"Juzu Bracelet"},{"floor":43,"key":"infinitespire:Lychee Nut"},{"floor":46,"key":"Oddly Smooth Stone"}],"event_choices":[{"cards_removed":["Languid"],"damage_healed":0,"gold_gain":0,"player_choice":"Purged","damage_taken":0,"max_hp_gain":0,"max_hp_loss":0,"event_name":"Purifier","floor":3,"gold_loss":0},{"cards_removed":["Strike_R"],"damage_healed":0,"gold_gain":0,"player_choice":"Card Removal","damage_taken":7,"max_hp_gain":0,"max_hp_loss":0,"event_name":"Golden Wing","floor":5,"gold_loss":0},{"damage_healed":0,"gold_gain":0,"player_choice":"Got Potions","damage_taken":0,"max_hp_gain":0,"max_hp_loss":0,"event_name":"Lab","floor":13,"gold_loss":0},{"damage_healed":0,"gold_gain":0,"player_choice":"Paid Fearfully","damage_taken":0,"max_hp_gain":0,"max_hp_loss":0,"event_name":"Masked Bandits","floor":22,"gold_loss":55},{"damage_healed":0,"gold_gain":0,"player_choice":"Forge","damage_taken":0,"max_hp_gain":0,"max_hp_loss":0,"event_name":"Accursed Blacksmith","floor":28,"gold_loss":0,"cards_upgraded":["Ghostly Armor"]},{"damage_healed":0,"gold_gain":0,"player_choice":"Memory 3","damage_taken":10,"max_hp_gain":0,"max_hp_loss":0,"event_name":"SensoryStone","floor":36,"gold_loss":0},{"cards_removed":["Sword Boomerang"],"damage_healed":5,"gold_gain":0,"player_choice":"Offered Common","damage_taken":0,"max_hp_gain":0,"max_hp_loss":0,"event_name":"Bonfire Elementals","floor":37,"gold_loss":0},{"cards_removed":["Sword Boomerang"],"damage_healed":5,"gold_gain":0,"player_choice":"Offered Special","damage_taken":0,"max_hp_gain":0,"max_hp_loss":0,"event_name":"Bonfire Elementals","floor":37,"gold_loss":0},{"damage_healed":0,"gold_gain":100,"player_choice":"Pray","damage_taken":0,"max_hp_gain":0,"max_hp_loss":0,"event_name":"Golden Shrine","floor":44,"gold_loss":0},{"damage_healed":0,"gold_gain":0,"player_choice":"Copied","damage_taken":0,"max_hp_gain":0,"max_hp_loss":0,"event_name":"Duplicator","floor":48,"gold_loss":0,"cards_obtained":["Mind Blast"]}],"is_beta":false,"boss_relics":[{"not_picked":["infinitespire:Cupcake","Coffee Dripper"],"picked":"Honey Jar"},{"not_picked":["SlaversCollar","Mark of Pain"],"picked":"hubris:VirtuousBlindfold"}],"items_purged_floors":[4,12],"is_endless":false,"potions_floor_spawned":[1,10,18,24,29,33,35,38,41],"ascension_level":1}}