{"host":"pynofkhbweftzsaw","time":1609159721,"event":{"mods":["BaseMod","Colored Map","Minty Spire (QoL Compilation)","StSLib"],"gold_per_floor":[118,131,131,56,56,81,81,92,92,106,106,126,153,53,53,156,156,171,151,26,26,42,77,77,110,165,165,165],"floor_reached":27,"playtime":2128,"items_purged":["Regret","Strike_G","Defend_G"],"score":286,"play_id":"7cd2cda2-fa9b-4325-9f01-6f2c270f9156","local_time":"20201228204841","is_ascension_mode":false,"campfire_choices":[{"data":"Neutralize","floor":11,"key":"SMITH"},{"floor":15,"key":"REST"}],"circlet_count":0,"master_deck":["Strike_G","Strike_G","Strike_G","Strike_G","Defend_G","Defend_G","Defend_G","Survivor","Neutralize+1","Tactician","Skewer+1","Prepared","Leg Sweep","Adrenaline","Backstab","Outmaneuver","Adrenaline"],"relics":["Velvet Choker","Gambling Chip","Boot","Centennial Puzzle","Sozu","Bottled Lightning","Ancient Tea Set","Anchor"],"acts_visited":["Exordium","TheCity"],"potions_floor_usage":[6,13,16],"damage_taken":[{"damage":0,"enemies":"Small Slimes","floor":1,"turns":4},{"damage":0,"enemies":"2 Louse","floor":2,"turns":3},{"damage":36,"enemies":"3 Sentries","floor":6,"turns":9},{"damage":0,"enemies":"Cultist","floor":8,"turns":2},{"damage":3,"enemies":"Lots of Slimes","floor":10,"turns":4},{"damage":0,"enemies":"Blue Slaver","floor":12,"turns":2},{"damage":0,"enemies":"Lagavulin","floor":13,"turns":6},{"damage":27,"enemies":"Slime Boss","floor":16,"turns":11},{"damage":10,"enemies":"Chosen","floor":18,"turns":2},{"damage":3,"enemies":"2 Thieves","floor":19,"turns":4},{"damage":6,"enemies":"Centurion and Healer","floor":22,"turns":2},{"damage":24,"enemies":"Slavers","floor":23,"turns":8},{"damage":25,"enemies":"Book of Stabbing","floor":25,"turns":5},{"damage":2,"enemies":"3 Cultists","floor":27,"turns":2}],"seed_played":"840730727909911779","potions_obtained":[{"floor":1,"key":"Poison Potion"},{"floor":8,"key":"FearPotion"},{"floor":13,"key":"Ancient Potion"}],"is_trial":false,"path_per_floor":["M","M","?","$","?","E","?","M","T","M","R","M","E","$","R","B",null,"M","M","$","?","M","E","$","E","T","M"],"character_chosen":"THE_SILENT","items_purchased":[],"campfire_rested":1,"item_purchase_floors":[],"current_hp_per_floor":[70,70,70,70,63,27,27,27,27,24,24,24,24,24,45,18,70,60,57,57,57,51,27,27,2,2,0,0],"gold":165,"neow_bonus":"BOSS_RELIC","is_daily":false,"chose_seed":false,"campfire_upgraded":1,"win_rate":0.0,"timestamp":1609159721,"path_taken":["M","M","?","$","?","E","?","M","T","M","R","M","E","$","R","BOSS","M","M","$","?","M","E","?","E","T","?"],"items_purchased_type":[],"build_version":"2020-12-22","purchased_purges":3,"victory":false,"max_hp_per_floor":[70,70,70,70,70,70,70,70,70,70,70,70,70,70,70,70,70,70,70,70,70,70,70,70,70,70,70,70],"card_choices":[{"not_picked":["Backstab","Distraction"],"picked":"Tactician","floor":1},{"not_picked":["Masterful Stab","Infinite Blades"],"picked":"Skewer","floor":2},{"not_picked":["Cloak And Dagger","Blade Dance","Slice"],"picked":"SKIP","floor":6},{"not_picked":["Blade Dance","Bane"],"picked":"Prepared","floor":8},{"not_picked":["Escape Plan","Backflip","Dodge and Roll"],"picked":"SKIP","floor":10},{"not_picked":["Calculated Gamble","Blur"],"picked":"Leg Sweep","floor":12},{"not_picked":["Bane","Backflip","Envenom"],"picked":"SKIP","floor":13},{"not_picked":["Doppelganger","Die Die Die"],"picked":"Adrenaline","floor":16},{"not_picked":["Blade Dance","Finisher+1"],"picked":"Backstab","floor":18},{"not_picked":["PiercingWail","Acrobatics+1"],"picked":"Outmaneuver","floor":19},{"not_picked":["Slice+1","Sucker Punch+1","Escape Plan"],"picked":"SKIP","floor":22},{"not_picked":["Quick Slash","Deadly Poison","Distraction"],"picked":"SKIP","floor":23},{"not_picked":["Blur","Poisoned Stab+1","Bullet Time"],"picked":"SKIP","floor":25}],"player_experience":28640,"relics_obtained":[{"floor":6,"key":"Boot"},{"floor":13,"key":"Centennial Puzzle"},{"floor":23,"key":"Bottled Lightning"},{"floor":25,"key":"Ancient Tea Set"},{"floor":26,"key":"Anchor"}],"event_choices":[{"damage_healed":0,"gold_gain":0,"player_choice":"Box","damage_taken":0,"relics_obtained":["Gambling Chip"],"max_hp_gain":0,"max_hp_loss":0,"event_name":"Big Fish","floor":3,"gold_loss":0,"cards_obtained":["Regret"]},{"cards_removed":["Defend_G"],"damage_healed":0,"gold_gain":0,"player_choice":"Card Removal","damage_taken":7,"max_hp_gain":0,"max_hp_loss":0,"event_name":"Golden Wing","floor":5,"gold_loss":0},{"damage_healed":0,"gold_gain":0,"player_choice":"Grow","damage_taken":0,"max_hp_gain":0,"max_hp_loss":0,"event_name":"Living Wall","floor":7,"gold_loss":0,"cards_upgraded":["Skewer"]},{"damage_healed":0,"gold_gain":0,"player_choice":"Copied","damage_taken":0,"max_hp_gain":0,"max_hp_loss":0,"event_name":"Duplicator","floor":21,"gold_loss":0,"cards_obtained":["Adrenaline"]}],"is_beta":false,"boss_relics":[{"not_picked":["WristBlade","Tiny House"],"picked":"Sozu"}],"items_purged_floors":[4,14,20],"is_endless":false,"potions_floor_spawned":[1,8,13,25],"killed_by":"3 Cultists","ascension_level":0}}