{"host":"i09pxcjttd31eh4q","time":1609166980,"event":{"mods":["AchievementEnabler","BaseMod","Colored Map","Keyboard Shortcuts","Minty Spire (QoL Compilation)","StSLib","SuperFastMode"],"gold_per_floor":[116,116,134,134,209,234,234,70,94,94,115,138,174,195,195,284,284,297,312,312,362,387,387,387],"floor_reached":23,"playtime":379,"items_purged":["Strike_B"],"score":452,"play_id":"6e0e2479-079e-4987-a857-297416c1b2f6","local_time":"20201228234940","is_ascension_mode":true,"campfire_choices":[{"data":"Defragment","floor":7.0,"key":"SMITH"},{"data":"Barrage","floor":15.0,"key":"SMITH"}],"circlet_count":0,"master_deck":["AscendersBane","Strike_B","Strike_B","Strike_B","Defend_B","Defend_B","Defend_B","Defend_B","Zap","Dualcast","Defragment+1","Force Field","Hologram","Heatsinks","Capacitor","Coolheaded","Barrage+1","Turbo","Biased Cognition","Coolheaded+1"],"relics":["Cracked Core","NeowsBlessing","FaceOfCleric","Akabeko","Golden Idol","Tiny Chest","Nuclear Battery"],"acts_visited":["Exordium","TheCity"],"potions_floor_usage":[],"damage_taken":[{"damage":0.0,"enemies":"Cultist","floor":1.0,"turns":1.0},{"damage":0.0,"enemies":"Small Slimes","floor":3.0,"turns":1.0},{"damage":0.0,"enemies":"3 Sentries","floor":6.0,"turns":1.0},{"damage":7.0,"enemies":"Jaw Worm","floor":11.0,"turns":4.0},{"damage":22.0,"enemies":"Large Slime","floor":12.0,"turns":6.0},{"damage":6.0,"enemies":"Lagavulin","floor":13.0,"turns":8.0},{"damage":7.0,"enemies":"Blue Slaver","floor":14.0,"turns":5.0},{"damage":30.0,"enemies":"Slime Boss","floor":16.0,"turns":5.0},{"damage":6.0,"enemies":"2 Thieves","floor":18.0,"turns":5.0},{"damage":9.0,"enemies":"Spheric Guardian","floor":19.0,"turns":4.0},{"damage":29,"enemies":"Snake Plant","floor":22,"turns":4},{"damage":0,"enemies":"Slavers","floor":23,"turns":1}],"seed_played":"-3420499119592388746","potions_obtained":[{"floor":1.0,"key":"Regen Potion"},{"floor":3.0,"key":"FearPotion"},{"floor":11.0,"key":"PowerPotion"},{"floor":16.0,"key":"Block Potion"},{"floor":18.0,"key":"Strength Potion"}],"is_trial":false,"path_per_floor":["M","?","M","?","?","E","R","$","T","?","M","M","E","M","R","B",null,"M","M","?","?","M","E"],"character_chosen":"DEFECT","items_purchased":["Heatsinks"],"campfire_rested":0,"item_purchase_floors":[8],"current_hp_per_floor":[64,64,65,65,54,55,55,55,55,55,49,28,38,32,32,3,54,49,41,41,41,13,13,13],"gold":387,"neow_bonus":"THREE_ENEMY_KILL","is_daily":false,"chose_seed":false,"campfire_upgraded":2,"win_rate":0.0,"timestamp":1609166980,"path_taken":["M","?","?","?","?","E","R","$","T","?","M","M","E","?","R","BOSS","M","M","?","?","M","E"],"items_purchased_type":["Card"],"build_version":"2020-12-22","purchased_purges":1,"victory":false,"max_hp_per_floor":[71,71,72,72,72,73,73,73,73,66,67,68,69,70,70,71,71,72,73,73,73,74,74,74],"card_choices":[{"not_picked":["Stack","White Noise"],"picked":"Defragment","floor":1.0},{"not_picked":["Beam Cell","Streamline"],"picked":"Force Field","floor":3.0},{"not_picked":["Fission","Lockon"],"picked":"Hologram","floor":6.0},{"not_picked":["Hologram","Ball Lightning"],"picked":"Capacitor","floor":11.0},{"not_picked":["Rebound","Conserve Battery"],"picked":"Coolheaded","floor":12.0},{"not_picked":["Turbo","Leap"],"picked":"Barrage","floor":13.0},{"not_picked":["Rebound","FTL"],"picked":"Turbo","floor":14.0},{"not_picked":["Multi-Cast","Reboot"],"picked":"Biased Cognition","floor":16.0},{"not_picked":["Conserve Battery","Rebound+1","Redo"],"picked":"SKIP","floor":18.0},{"not_picked":["Recycle","Sweeping Beam"],"picked":"Coolheaded+1","floor":19.0},{"not_picked":["Steam","Rebound","Leap"],"picked":"SKIP","floor":22}],"player_experience":783352,"relics_obtained":[{"floor":6.0,"key":"Akabeko"},{"floor":13.0,"key":"Tiny Chest"}],"event_choices":[{"damage_healed":0.0,"max_hp_gain":0.0,"max_hp_loss":0.0,"gold_gain":0.0,"event_name":"FaceTrader","player_choice":"Trade","floor":2.0,"gold_loss":0.0,"damage_taken":0.0,"relics_obtained":["FaceOfCleric"]},{"damage_healed":0.0,"max_hp_gain":0.0,"max_hp_loss":0.0,"gold_gain":0.0,"event_name":"Liars Game","player_choice":"Ignored","floor":4.0,"gold_loss":0.0,"damage_taken":0.0},{"damage_healed":0.0,"max_hp_gain":0.0,"max_hp_loss":0.0,"gold_gain":75.0,"event_name":"World of Goop","player_choice":"Gather Gold","floor":5.0,"gold_loss":0.0,"damage_taken":11.0},{"damage_healed":0.0,"max_hp_gain":0.0,"max_hp_loss":7.0,"gold_gain":0.0,"event_name":"Golden Idol","player_choice":"Lose Max HP","floor":10.0,"gold_loss":0.0,"damage_taken":0.0,"relics_obtained":["Golden Idol"]},{"damage_healed":0,"gold_gain":0,"player_choice":"Ignored","damage_taken":0,"max_hp_gain":0,"max_hp_loss":0,"event_name":"Cursed Tome","floor":20,"gold_loss":0},{"damage_healed":0,"gold_gain":50,"player_choice":"Stole From Cult","damage_taken":0,"max_hp_gain":0,"max_hp_loss":0,"event_name":"Nest","floor":21,"gold_loss":0}],"is_beta":false,"boss_relics":[{"not_picked":["Velvet Choker","Snecko Eye"],"picked":"Nuclear Battery"}],"items_purged_floors":[8],"is_endless":false,"potions_floor_spawned":[1,3,11,16,18],"killed_by":"Slavers","ascension_level":20}}