{"host":"wd1018vie3g8p4dm","time":1609151521,"event":{"mods":["AchievementEnabler","BaseMod","Gold Saver","Grow up Mod","Minty Spire (QoL Compilation)","Remove Card Discount Mod","StSLib"],"gold_per_floor":[116,135,18,37,50,82,82,82,105,105,138,138,138,174,174,265,265,290,290,290,303,29,29,69,69,95,95,126,126,167,188,188,284,284,299,295,245,261,261,261,302,345,345,390,66,66,106,121,121,217,217,238,238],"floor_reached":52,"playtime":3273,"items_purged":["Storm of Steel","Storm of Steel","Storm of Steel","Storm of Steel","Storm of Steel","Blur","Cloak And Dagger","Riddle With Holes","Dodge and Roll","Acrobatics","Acrobatics","Underhanded Strike+1"],"score":2359,"play_id":"6f740657-d002-4f9c-a9ec-a55da416bfae","local_time":"20201228183201","daily_mods":["Draft","Specialized","Heirloom","Time Dilation","Flight"],"is_ascension_mode":true,"campfire_choices":[{"data":"Well Laid Plans","floor":8.0,"key":"SMITH"},{"data":"Catalyst","floor":10.0,"key":"SMITH"},{"data":"Bouncing Flask","floor":12.0,"key":"SMITH"},{"data":"Outmaneuver","floor":15.0,"key":"SMITH"},{"data":"Outmaneuver","floor":23.0,"key":"SMITH"},{"data":"Distraction","floor":25.0,"key":"SMITH"},{"data":"Deadly Poison","floor":27.0,"key":"SMITH"},{"data":"Outmaneuver","floor":32.0,"key":"SMITH"},{"data":"Deadly Poison","floor":40.0,"key":"SMITH"},{"data":"Poisoned Stab","floor":46.0,"key":"SMITH"},{"floor":49.0,"key":"REST"}],"circlet_count":1,"master_deck":["AscendersBane","PiercingWail+1","Deadly Poison+1","Catalyst+1","Expertise+1","Outmaneuver+1","Bouncing Flask+1","Poisoned Stab+1","Backflip","Deadly Poison+1","Escape Plan+1","Deadly Poison+1","Catalyst+1","Well Laid Plans+1","Distraction+1","Outmaneuver+1","Outmaneuver+1","Adrenaline+1","Deadly Poison+1","Bouncing Flask+1"],"relics":["Ring of the Snake","Thread and Needle","Bag of Preparation","Circlet","Strawberry","Golden Idol","Snake Skull","HoveringKite","Toxic Egg 2","Tough Bandages","Oddly Smooth Stone","Anchor","FossilizedHelix","Omamori","War Paint","CeramicFish","The Specimen","Ancient Tea Set","Empty Cage"],"acts_visited":["Exordium","TheCity","TheBeyond","Exordium"],"potions_floor_usage":[],"damage_taken":[{"damage":2.0,"enemies":"2 Louse","floor":1.0,"turns":3.0},{"damage":0.0,"enemies":"Jaw Worm","floor":2.0,"turns":3.0},{"damage":10.0,"enemies":"Small Slimes","floor":4.0,"turns":3.0},{"damage":13.0,"enemies":"Exordium Thugs","floor":5.0,"turns":4.0},{"damage":27.0,"enemies":"Lagavulin","floor":6.0,"turns":4.0},{"damage":7.0,"enemies":"Gremlin Nob","floor":11.0,"turns":3.0},{"damage":0.0,"enemies":"Lagavulin","floor":14.0,"turns":2.0},{"damage":44.0,"enemies":"Hexaghost","floor":16.0,"turns":3.0},{"damage":0.0,"enemies":"Spheric Guardian","floor":18.0,"turns":2.0},{"damage":27.0,"enemies":"3 Byrds","floor":21.0,"turns":4.0},{"damage":0.0,"enemies":"Gremlin Leader","floor":24.0,"turns":2.0},{"damage":20.0,"enemies":"Book of Stabbing","floor":28.0,"turns":2.0},{"damage":54.0,"enemies":"Gremlin Leader","floor":30.0,"turns":3.0},{"damage":0.0,"enemies":"Snecko","floor":31.0,"turns":2.0},{"damage":28.0,"enemies":"Collector","floor":33.0,"turns":3.0},{"damage":35.0,"enemies":"3 Darklings","floor":35.0,"turns":4.0},{"damage":9.0,"enemies":"3 Shapes","floor":38.0,"turns":3.0},{"damage":43.0,"enemies":"Nemesis","floor":41.0,"turns":3.0},{"damage":95.0,"enemies":"Reptomancer","floor":42.0,"turns":3.0},{"damage":44.0,"enemies":"Nemesis","floor":44.0,"turns":5.0},{"damage":0.0,"enemies":"Reptomancer","floor":47.0,"turns":2.0},{"damage":0.0,"enemies":"3 Darklings","floor":48.0,"turns":2.0},{"damage":0.0,"enemies":"Time Eater","floor":50.0,"turns":3.0},{"damage":0,"enemies":"Small Slimes","floor":52,"turns":2}],"seed_played":"5037436626521225407","potions_obtained":[{"floor":1.0,"key":"PowerPotion"},{"floor":6.0,"key":"ColorlessPotion"}],"is_trial":true,"path_per_floor":["M","M","$","M","M","E","?","R","T","R","E","R","?","E","R","B",null,"M","?","?","M","$","R","E","R","T","R","E","$","E","M","R","B",null,"M","$","?","M","?","R","E","E","T","E","$","R","E","M","R","B",null,"M"],"character_chosen":"THE_SILENT","items_purchased":["Well Laid Plans","Acrobatics","Toxic Egg 2","The Specimen"],"campfire_rested":1,"item_purchase_floors":[3,3,22,45],"current_hp_per_floor":[77,87,97,97,94,77,87,97,107,117,127,137,147,157,167,133,211,221,231,241,224,234,244,254,264,274,284,274,284,240,250,260,242,365,340,350,360,361,371,381,354,269,279,245,255,265,275,285,459,469,554,554,554],"gold":238,"neow_bonus":"","is_daily":false,"chose_seed":false,"campfire_upgraded":10,"win_rate":0.0,"timestamp":1609151521,"path_taken":["M","M","$","M","M","E","?","R","T","R","E","R","?","E","R","BOSS","M","?","?","?","$","R","E","R","T","R","E","$","E","?","R","BOSS","M","$","?","?","?","R","E","E","T","E","$","R","E","M","R","BOSS","M"],"items_purchased_type":["Card","Card","Relic","Relic"],"build_version":"2020-12-22","purchased_purges":12,"victory":false,"max_hp_per_floor":[86,96,106,116,126,136,146,156,166,176,193,203,193,203,213,223,233,243,253,263,273,283,293,303,313,323,333,343,353,363,373,383,393,403,413,423,433,443,453,463,479,489,499,509,519,529,539,549,559,569,579,579,579],"card_choices":[{"not_picked":["Calculated Gamble","Leg Sweep"],"picked":"Dodge and Roll","floor":0.0},{"not_picked":["Deflect","Acrobatics"],"picked":"PiercingWail","floor":0.0},{"not_picked":["Escape Plan","Deflect"],"picked":"Blur","floor":0.0},{"not_picked":["Skewer","Bane"],"picked":"Deadly Poison","floor":0.0},{"not_picked":["Deflect","Backflip"],"picked":"Cloak And Dagger","floor":0.0},{"not_picked":["Outmaneuver","Dagger Throw"],"picked":"Catalyst","floor":0.0},{"not_picked":["Sucker Punch","Prepared"],"picked":"Acrobatics","floor":0.0},{"not_picked":["Crippling Poison","PiercingWail"],"picked":"Expertise","floor":0.0},{"not_picked":["Riddle With Holes","Backflip"],"picked":"Outmaneuver","floor":0.0},{"not_picked":["Acrobatics","Underhanded Strike"],"picked":"Bouncing Flask","floor":0.0},{"not_picked":["Dodge and Roll","Dagger Spray"],"picked":"Poisoned Stab","floor":0.0},{"not_picked":["Deflect","Prepared"],"picked":"Backflip","floor":0.0},{"not_picked":["Quick Slash","Bane"],"picked":"Deadly Poison","floor":0.0},{"not_picked":["Terror","Slice"],"picked":"Escape Plan","floor":0.0},{"not_picked":["Deflect","Accuracy"],"picked":"Deadly Poison","floor":0.0},{"not_picked":["Slice","Dagger Spray"],"picked":"Cloak And Dagger","floor":1.0},{"not_picked":["Blade Dance","Wraith Form v2"],"picked":"Catalyst","floor":2.0},{"not_picked":["Flying Knee","Blur"],"picked":"Outmaneuver","floor":4.0},{"not_picked":["Blade Dance","Dagger Throw"],"picked":"Outmaneuver","floor":5.0},{"not_picked":["Calculated Gamble","Quick Slash","Backflip"],"picked":"SKIP","floor":6.0},{"not_picked":["Burst","Flying Knee","Slice"],"picked":"SKIP","floor":11.0},{"not_picked":["Bane","Acrobatics"],"picked":"Distraction","floor":14.0},{"not_picked":["Dodge and Roll","Deflect","Blade Dance"],"picked":"SKIP","floor":18.0},{"not_picked":["Dash","Storm of Steel"],"picked":"Outmaneuver","floor":21.0},{"not_picked":["Predator","Deflect+1","Leg Sweep+1"],"picked":"SKIP","floor":24.0},{"not_picked":["Tactician+1","Prepared+1","Acrobatics+1"],"picked":"SKIP","floor":28.0},{"not_picked":["Infinite Blades+1","Dodge and Roll+1","Poisoned Stab"],"picked":"SKIP","floor":30.0},{"not_picked":["Footwork","Dodge and Roll+1"],"picked":"Outmaneuver+1","floor":31.0},{"not_picked":["Venomology+1","Glass Knife"],"picked":"Adrenaline+1","floor":33.0},{"not_picked":["Blur+1","Underhanded Strike"],"picked":"Deadly Poison+1","floor":35.0},{"not_picked":["PiercingWail+1","Reflex+1","Underhanded Strike+1"],"picked":"SKIP","floor":38.0},{"not_picked":["Unload","Slice+1"],"picked":"Bouncing Flask+1","floor":41.0},{"not_picked":["Heel Hook","Cloak And Dagger+1","Reflex+1"],"picked":"SKIP","floor":42.0},{"not_picked":["Choke","Infinite Blades"],"picked":"Underhanded Strike+1","floor":44.0},{"not_picked":["Tools of the Trade","Sucker Punch"],"picked":"Prepared+1","floor":47.0},{"not_picked":["Deflect+1","Acrobatics+1","PiercingWail+1"],"picked":"SKIP","floor":48.0},{"not_picked":["Poisoned Stab","Noxious Fumes","Deflect+1"],"picked":"SKIP","floor":52}],"player_experience":14196,"relics_obtained":[{"floor":6.0,"key":"Bag of Preparation"},{"floor":9.0,"key":"vexMod:BarristanHead"},{"floor":11.0,"key":"Strawberry"},{"floor":14.0,"key":"Snake Skull"},{"floor":24.0,"key":"Tough Bandages"},{"floor":26.0,"key":"Oddly Smooth Stone"},{"floor":28.0,"key":"Anchor"},{"floor":30.0,"key":"FossilizedHelix"},{"floor":41.0,"key":"vexMod:PlasmaPancake"},{"floor":42.0,"key":"Omamori"},{"floor":43.0,"key":"War Paint"},{"floor":44.0,"key":"CeramicFish"},{"floor":47.0,"key":"Ancient Tea Set"}],"event_choices":[{"damage_healed":0.0,"max_hp_gain":0.0,"max_hp_loss":0.0,"gold_gain":0.0,"event_name":"Living Wall","player_choice":"Grow","floor":7.0,"gold_loss":0.0,"damage_taken":0.0,"cards_upgraded":["Catalyst"]},{"damage_healed":0.0,"max_hp_gain":0.0,"max_hp_loss":20.0,"gold_gain":0.0,"event_name":"Golden Idol","player_choice":"Lose Max HP","floor":13.0,"gold_loss":0.0,"damage_taken":0.0,"relics_obtained":["Golden Idol"]},{"damage_healed":0.0,"max_hp_gain":0.0,"max_hp_loss":0.0,"gold_gain":0.0,"cards_transformed":["Cloak And Dagger"],"event_name":"Transmorgrifier","player_choice":"Transformed","floor":20.0,"gold_loss":0.0,"damage_taken":0.0,"cards_obtained":["Riddle With Holes"]},{"damage_healed":0.0,"max_hp_gain":0.0,"max_hp_loss":0.0,"gold_gain":0.0,"event_name":"Designer","player_choice":"Upgraded Two","floor":37.0,"gold_loss":50.0,"damage_taken":0.0,"cards_upgraded":["PiercingWail","Escape Plan"]},{"damage_healed":0.0,"max_hp_gain":0.0,"max_hp_loss":0.0,"gold_gain":0.0,"event_name":"Tomb of Lord Red Mask","player_choice":"Ignored","floor":39.0,"gold_loss":0.0,"damage_taken":0.0}],"is_beta":false,"boss_relics":[{"not_picked":["vexMod:FluxCapacitor","Runic Pyramid"],"picked":"HoveringKite"},{"not_picked":["Velvet Choker","Cursed Key"],"picked":"vexMod:TanglingVine"},{"not_picked":["Circlet","Circlet"],"picked":"Empty Cage"}],"items_purged_floors":[3,3,3,3,3,3,22,22,22,36,36,45],"is_endless":true,"potions_floor_spawned":[1,6,14,21,28,30,31,41,44,50,52],"killed_by":"Small Slimes","ascension_level":20}}