{"host":"dhyczjm99amxd3qx","time":1609172812,"event":{"mods":["BaseMod","Colored Map","Googly Eyes","Highlight Path","Minty Spire (QoL Compilation)","Quick Restart","StSLib"],"gold_per_floor":[111,111,125,200,200,234,246,278,314,657,680,702,748,780,792,907,919,948,1010,1035,1058,1070,1114,1138,1150,1150],"floor_reached":25,"playtime":2144,"items_purged":[],"score":282,"play_id":"21e6d29e-62da-4775-9bc2-5231436683a0","local_time":"20201228112652","is_ascension_mode":true,"campfire_choices":[{"floor":7.0,"key":"REST"},{"floor":15.0,"key":"REST"}],"circlet_count":0,"master_deck":["Strike_G","Strike_G","Strike_G","Strike_G","Defend_G+1","Defend_G","Defend_G","Defend_G+1","Defend_G","Survivor+1","Neutralize+1","Noxious Fumes","Die Die Die","Footwork","Catalyst+1","Envenom"],"relics":["Ring of the Serpent","MawBank","Blood Vial","Old Coin","Peace Pipe","War Paint","Toy Ornithopter"],"acts_visited":["Exordium","TheCity"],"potions_floor_usage":[21,21,25],"damage_taken":[{"damage":0.0,"enemies":"Small Slimes","floor":1.0,"turns":4.0},{"damage":1.0,"enemies":"Cultist","floor":3.0,"turns":5.0},{"damage":29.0,"enemies":"Gremlin Nob","floor":6.0,"turns":5.0},{"damage":0.0,"enemies":"2 Louse","floor":8.0,"turns":2.0},{"damage":2.0,"enemies":"Lagavulin","floor":10.0,"turns":10.0},{"damage":0.0,"enemies":"Red Slaver","floor":11.0,"turns":4.0},{"damage":3.0,"enemies":"Exordium Thugs","floor":12.0,"turns":6.0},{"damage":13.0,"enemies":"3 Sentries","floor":13.0,"turns":8.0},{"damage":6.0,"enemies":"Large Slime","floor":14.0,"turns":7.0},{"damage":16.0,"enemies":"The Guardian","floor":16.0,"turns":11.0},{"damage":27,"enemies":"2 Thieves","floor":18,"turns":5},{"damage":9,"enemies":"Spheric Guardian","floor":20,"turns":7},{"damage":1,"enemies":"3 Cultists","floor":21,"turns":6},{"damage":20,"enemies":"Book of Stabbing","floor":23,"turns":11},{"damage":18,"enemies":"Sentry and Sphere","floor":24,"turns":8},{"damage":11,"enemies":"Gremlin Leader","floor":25,"turns":5}],"seed_played":"-6238521916077255728","potions_obtained":[{"floor":1.0,"key":"Dexterity Potion"},{"floor":3.0,"key":"EssenceOfSteel"},{"floor":8.0,"key":"Fire Potion"},{"floor":10.0,"key":"BlessingOfTheForge"},{"floor":11.0,"key":"DuplicationPotion"},{"floor":14.0,"key":"AttackPotion"},{"floor":20,"key":"Poison Potion"},{"floor":21,"key":"Explosive Potion"}],"is_trial":false,"path_per_floor":["M","?","M","?","?","E","R","M","T","E","M","M","E","M","R","B",null,"M","?","M","M","T","E","M","E"],"character_chosen":"THE_SILENT","items_purchased":[],"campfire_rested":2,"item_purchase_floors":[],"current_hp_per_floor":[70,56,55,44,44,15,36,36,36,36,38,37,26,22,43,29,70,43,43,36,37,37,19,3,0,0],"gold":1150,"neow_bonus":"UPGRADE_CARD","is_daily":false,"chose_seed":false,"campfire_upgraded":0,"win_rate":0.0,"timestamp":1609172812,"path_taken":["M","?","M","?","?","E","R","M","T","E","M","M","E","?","R","BOSS","M","?","?","M","?","E","M","E"],"items_purchased_type":[],"build_version":"2020-12-22","purchased_purges":0,"victory":false,"max_hp_per_floor":[70,70,70,70,70,70,70,70,70,70,70,70,70,70,70,70,70,70,70,70,70,70,70,70,70,70],"card_choices":[{"not_picked":["Predator","Prepared","Deadly Poison"],"picked":"SKIP","floor":1.0},{"not_picked":["Dash","Heel Hook"],"picked":"Noxious Fumes","floor":3.0},{"not_picked":["Masterful Stab","Catalyst"],"picked":"Die Die Die","floor":6.0},{"not_picked":["Blade Dance","Underhanded Strike","Heel Hook"],"picked":"SKIP","floor":8.0},{"not_picked":["Underhanded Strike","Calculated Gamble","Flying Knee"],"picked":"SKIP","floor":10.0},{"not_picked":["Backstab","Bane","Deflect"],"picked":"SKIP","floor":11.0},{"not_picked":["Dagger Throw","Quick Slash"],"picked":"Footwork","floor":12.0},{"not_picked":["Quick Slash","Well Laid Plans","Eviscerate"],"picked":"SKIP","floor":13.0},{"not_picked":["Backstab","Blade Dance"],"picked":"Catalyst","floor":14.0},{"not_picked":["Bane","Flying Knee","Backflip"],"picked":"SKIP","floor":18},{"not_picked":["Acrobatics+1","Backstab","Backflip"],"picked":"SKIP","floor":20},{"not_picked":["Sucker Punch","Tactician","PiercingWail"],"picked":"SKIP","floor":21},{"not_picked":["Cloak And Dagger","Escape Plan"],"picked":"Envenom","floor":23},{"not_picked":["Acrobatics","Reflex","Backflip+1"],"picked":"SKIP","floor":24}],"player_experience":138912,"relics_obtained":[{"floor":6.0,"key":"MawBank"},{"floor":9.0,"key":"Blood Vial"},{"floor":10.0,"key":"Old Coin"},{"floor":13.0,"key":"Peace Pipe"},{"floor":22,"key":"War Paint"},{"floor":23,"key":"Toy Ornithopter"}],"event_choices":[{"damage_healed":0.0,"max_hp_gain":0.0,"max_hp_loss":0.0,"gold_gain":0.0,"event_name":"Shining Light","player_choice":"Entered Light","floor":2.0,"gold_loss":0.0,"damage_taken":14.0,"cards_upgraded":["Neutralize","Defend_G"]},{"damage_healed":0.0,"max_hp_gain":0.0,"max_hp_loss":0.0,"gold_gain":75.0,"event_name":"World of Goop","player_choice":"Gather Gold","floor":4.0,"gold_loss":0.0,"damage_taken":11.0},{"cards_removed":["Strike_G"],"damage_healed":0.0,"max_hp_gain":0.0,"max_hp_loss":0.0,"gold_gain":0.0,"event_name":"Bonfire Elementals","player_choice":"Offered Basic","floor":5.0,"gold_loss":0.0,"damage_taken":0.0},{"damage_healed":0,"gold_gain":100,"player_choice":"Bet on Murderer","damage_taken":0,"max_hp_gain":0,"max_hp_loss":0,"event_name":"The Joust","floor":19,"gold_loss":50}],"is_beta":false,"boss_relics":[{"not_picked":["Pandora\u0027s Box","Snecko Eye"],"picked":"Ring of the Serpent"}],"items_purged_floors":[],"is_endless":false,"potions_floor_spawned":[1,3,8,10,11,14,20,21],"killed_by":"Gremlin Leader","ascension_level":1}}