{"host":"krfavdy50n20h8mu","time":1609162900,"event":{"mods":["AchievementEnabler","BaseMod","Colored Map","Colored Powertips","Curses Come First","Downfall","Gold Saver","Minty Spire (QoL Compilation)","Relic Stats","Replay The Spire","StSLib","TestMod","vexMod"],"gold_per_floor":[88800,87896,87908,87088,87108,87108,87138,87063,87063,87096,87096,86225,86225,86225,86225,86321,86321,86337,86337,86362,85134,85154,85154,84313,84347,84347,84371,84371,84407,84407,83706,83706,83805,83805,83820,83841,82536,82536,82536,82577,81260,81281,81335,81335,81360,81391,81404,81404,81404,81404,81404,81404,80330,80373,80373],"floor_reached":56,"playtime":3345,"items_purged":["Defend_B","Defend_B","Defend_B","Strike_B","Defend_B","Strike_B","Gash","Madness","Languid"],"score":2258,"play_id":"f4be6096-55d8-4668-9d32-ffe43e80b861","local_time":"20201228214140","is_ascension_mode":true,"campfire_choices":[{"data":"Zap","floor":6,"key":"SMITH"},{"data":"Dualcast","floor":13,"key":"SMITH"},{"data":"Defragment","floor":15,"key":"SMITH"},{"data":"Aggregate","floor":23,"key":"SMITH"},{"data":"Electrodynamics","floor":30,"key":"SMITH"},{"floor":32,"key":"RECALL"},{"data":"expansioncontent:Corrupt","floor":44,"key":"SMITH"},{"data":"Scrape","floor":49,"key":"SMITH"}],"circlet_count":0,"master_deck":["AscendersBane","Zap+1","Dualcast+1","Leap","Core Surge","ReplayTheSpireMod:GoodbyeWorld","ReplayTheSpireMod:Repulse","Skim","ReplayTheSpireMod:Uncanny Aura","Scrape+1","Conserve Battery","Coolheaded","Defragment+1","Core Surge","Aggregate+1","Loop","Storm","Electrodynamics+1","expansioncontent:Corrupt+1","Madness","Electrodynamics+1","ReplayTheSpireMod:Brewmster","Apotheosis","White Noise+1"],"relics":["Cracked Core","testmod-TestBox","testmod-ChristmasGift","Blue Candle","testmod-TurbochargingSystem","Lantern","Juzu Bracelet","Toolbox","Onion Ring","Mercury Hourglass","Tiny Chest","Golden Idol","Happy Flower","ReplayTheSpireMod:Lightbulb","Replay:Frozen Program","testmod-Fanaticism","testmod-InfectionSource","testmod-Nyarlathotep","Sling","Akabeko","testmod-ThousandKnives","testmod-MagicalMallet","Mirror","Art of War","Pocketwatch","Geode","vexMod:BarristanHead","Strange Spoon","vexMod:TanglingVine","vexMod:PlasmaPancake","Replay:Multitool","Lee\u0027s Waffle","ReplayFunnel","HornCleat","Shuriken","testmod-Maize","DollysMirror","testmod-OneHitWonder","Replay:Rubber Ducky","Ring of Misfortune","ReplayTheSpireMod:Ring of Challenge","Orichalcum","ReplayTheSpireMod:Ninjato","Orrery","ReplayTheSpireMod:TigerMarble"],"acts_visited":["Exordium","TheCity","TheBeyond","TheEnding"],"potions_floor_usage":[1,3,7,10,16,16,16,16,16,16,18,20,22,22,27,29,33,33,36,40,40,45,45,45,46,50,50,50,54,54,55],"damage_taken":[{"damage":8,"enemies":"Jaw Worm","floor":1,"turns":4},{"damage":12,"enemies":"Small Slimes","floor":3,"turns":2},{"damage":0,"enemies":"2 Louse","floor":5,"turns":3},{"damage":0,"enemies":"Lagavulin","floor":7,"turns":6},{"damage":16,"enemies":"Gremlin Nob","floor":10,"turns":3},{"damage":21,"enemies":"The Guardian","floor":16,"turns":8},{"damage":0,"enemies":"3 Byrds","floor":18,"turns":3},{"damage":7,"enemies":"Chosen","floor":20,"turns":2},{"damage":1,"enemies":"Sentry and Sphere","floor":22,"turns":3},{"damage":0,"enemies":"Gremlin Leader","floor":25,"turns":3},{"damage":12,"enemies":"Cultist and Chosen","floor":27,"turns":3},{"damage":59,"enemies":"Slavers","floor":29,"turns":2},{"damage":25,"enemies":"Pondfish","floor":33,"turns":4},{"damage":13,"enemies":"Orb Walker","floor":35,"turns":2},{"damage":18,"enemies":"3 Shapes","floor":36,"turns":2},{"damage":0,"enemies":"R_Hoarder","floor":40,"turns":4},{"damage":0,"enemies":"Jaw Worm Horde","floor":42,"turns":2},{"damage":0,"enemies":"Transient","floor":45,"turns":6},{"damage":0,"enemies":"Giant Head","floor":46,"turns":3},{"damage":0,"enemies":"Maw","floor":47,"turns":2},{"damage":29,"enemies":"Awakened One","floor":50,"turns":5},{"damage":0,"enemies":"Shield and Spear","floor":54,"turns":5},{"damage":3,"enemies":"The Heart","floor":55,"turns":5}],"seed_played":"-7249931090638601278","potions_obtained":[{"floor":3,"key":"BlessingOfTheForge"},{"floor":27,"key":"ColorlessPotion"},{"floor":29,"key":"PowerPotion"},{"floor":40,"key":"Strength Potion"}],"is_trial":false,"path_per_floor":["M","$","M","$","M","R","E","?","T","E","?","$","R","?","R","B",null,"M","T","M","$","M","R","$","E","T","M","?","E","R","$","R","B",null,"M","M","$","?","T","E","$","M","T","R","M","E","M","?","R_BF","B",null,"R","$","E","B",null],"character_chosen":"DEFECT","items_purchased":["Blue Candle","testmod-TurbochargingSystem","Core Surge","Fire Potion","ReplayTheSpireMod:GoodbyeWorld","ReplayTheSpireMod:Repulse","Lantern","Juzu Bracelet","Toolbox","ReplayTheSpireMod:Uncanny Aura","Gash","Scrape","Happy Flower","ReplayTheSpireMod:Lightbulb","Replay:Frozen Program","Defragment","Dexterity Potion","ColorlessPotion","testmod-InfectionSource","testmod-Nyarlathotep","Sling","Slimebound:ThreeZeroPotion","Explosive Potion","Aggregate","Loop","Akabeko","testmod-ThousandKnives","testmod-MagicalMallet","Geode","vexMod:BarristanHead","Strange Spoon","vexMod:PlasmaPancake","Replay:Multitool","Lee\u0027s Waffle","expansioncontent:Corrupt","BlessingOfTheForge","Shuriken","testmod-Maize","DollysMirror","ReplayTheSpireMod:Brewmster","FocusPotion","Orichalcum","ReplayTheSpireMod:Ninjato","Orrery","Apotheosis"],"campfire_rested":0,"item_purchase_floors":[2,2,2,2,2,2,4,4,4,4,4,4,12,12,12,12,12,12,21,21,21,21,21,21,21,24,24,24,31,31,31,37,37,37,37,37,41,41,41,41,41,53,53,53,53],"current_hp_per_floor":[58,58,48,48,60,60,67,67,67,53,29,29,29,52,52,41,64,68,68,69,69,71,71,71,71,71,71,71,71,71,71,71,71,71,71,58,84,69,69,84,84,84,84,84,84,84,84,84,84,84,84,84,84,84,84],"gold":80373,"neow_bonus":"RANDOM_EVENT","is_daily":false,"chose_seed":false,"campfire_upgraded":7,"win_rate":0.0,"timestamp":1609162900,"path_taken":["M","$","M","$","M","R","E","?","T","E","?","?","R","?","R","BOSS","M","?","M","$","M","R","$","E","T","M","?","E","R","?","R","BOSS","M","M","$","?","?","E","$","M","T","R","M","E","M","?","R_BF","BOSS","R","$","E","BOSS"],"items_purchased_type":["Relic","Relic","Card","Potion","Card","Card","Relic","Relic","Relic","Card","Card","Card","Relic","Relic","Relic","Card","Potion","Potion","Relic","Relic","Relic","Potion","Potion","Card","Card","Relic","Relic","Relic","Relic","Relic","Relic","Relic","Relic","Relic","Card","Potion","Relic","Relic","Relic","Card","Potion","Relic","Relic","Relic","Card"],"build_version":"2020-12-22","purchased_purges":9,"victory":true,"max_hp_per_floor":[71,71,71,71,71,71,71,71,71,71,71,71,71,71,71,71,71,71,71,71,71,71,71,71,71,71,71,71,71,71,71,71,71,71,71,71,84,84,84,84,84,84,84,84,84,84,84,84,84,84,84,84,84,84,84],"relic_stats":{"Lee\u0027s Waffle":20,"Happy Flower":[21],"counters":[23,78],"Golden Idol":150,"Blue Candle":[3],"Juzu Bracelet":1,"Orichalcum":[18],"Mercury Hourglass":[249],"Strange Spoon":[41],"Shuriken":[5],"Tiny Chest":2,"Art of War":[6],"obtain_stats":[{"ReplayFunnel":39,"vexMod:PlasmaPancake":37,"Lantern":4,"Juzu Bracelet":4,"Replay:Multitool":37,"testmod-Nyarlathotep":21,"vexMod:TanglingVine":34,"Sling":21,"Replay:Rubber Ducky":46,"testmod-Fanaticism":17,"Replay:Frozen Program":12,"HornCleat":40,"DollysMirror":41,"Toolbox":4,"testmod-ThousandKnives":24,"Tiny Chest":10,"testmod-InfectionSource":21,"Cracked Core":0,"testmod-ChristmasGift":0,"testmod-Maize":41,"Lee\u0027s Waffle":37,"testmod-TestBox":0,"ReplayTheSpireMod:Ninjato":53,"Happy Flower":12,"Golden Idol":11,"Blue Candle":2,"Geode":31,"testmod-TurbochargingSystem":2,"Orichalcum":53,"Akabeko":24,"Mercury Hourglass":9,"Strange Spoon":31,"vexMod:BarristanHead":31,"Shuriken":41,"Ring of Misfortune":48,"Orrery":53,"Onion Ring":7,"testmod-MagicalMallet":24,"Art of War":26,"ReplayTheSpireMod:TigerMarble":54,"ReplayTheSpireMod:Ring of Challenge":48,"ReplayTheSpireMod:Lightbulb":12,"Mirror":25,"testmod-OneHitWonder":43,"Pocketwatch":29},{"ReplayFunnel":15,"vexMod:PlasmaPancake":15,"Lantern":2,"Juzu Bracelet":2,"Replay:Multitool":15,"testmod-Nyarlathotep":8,"vexMod:TanglingVine":13,"Sling":8,"Replay:Rubber Ducky":19,"testmod-Fanaticism":6,"Replay:Frozen Program":5,"HornCleat":16,"DollysMirror":16,"Toolbox":2,"testmod-ThousandKnives":9,"Tiny Chest":5,"testmod-InfectionSource":8,"Cracked Core":0,"testmod-ChristmasGift":0,"testmod-Maize":16,"Lee\u0027s Waffle":15,"testmod-TestBox":0,"ReplayTheSpireMod:Ninjato":21,"Happy Flower":5,"Golden Idol":5,"Blue Candle":1,"Geode":12,"testmod-TurbochargingSystem":1,"Orichalcum":21,"Akabeko":9,"Mercury Hourglass":4,"Strange Spoon":12,"vexMod:BarristanHead":12,"Shuriken":16,"Ring of Misfortune":20,"Orrery":21,"Onion Ring":4,"testmod-MagicalMallet":9,"Art of War":10,"ReplayTheSpireMod:TigerMarble":22,"ReplayTheSpireMod:Ring of Challenge":20,"ReplayTheSpireMod:Lightbulb":5,"Mirror":10,"testmod-OneHitWonder":17,"Pocketwatch":12},{"ReplayFunnel":48,"vexMod:PlasmaPancake":48,"Lantern":6,"Juzu Bracelet":6,"Replay:Multitool":48,"testmod-Nyarlathotep":30,"vexMod:TanglingVine":45,"Sling":30,"Replay:Rubber Ducky":62,"testmod-Fanaticism":26,"Replay:Frozen Program":18,"HornCleat":52,"DollysMirror":52,"Toolbox":6,"testmod-ThousandKnives":33,"Tiny Chest":18,"testmod-InfectionSource":30,"Cracked Core":0,"testmod-ChristmasGift":0,"testmod-Maize":52,"Lee\u0027s Waffle":48,"testmod-TestBox":0,"ReplayTheSpireMod:Ninjato":69,"Happy Flower":18,"Golden Idol":18,"Blue Candle":4,"Geode":41,"testmod-TurbochargingSystem":4,"Orichalcum":69,"Akabeko":33,"Mercury Hourglass":15,"Strange Spoon":41,"vexMod:BarristanHead":41,"Shuriken":52,"Ring of Misfortune":64,"Orrery":69,"Onion Ring":15,"testmod-MagicalMallet":33,"Art of War":36,"ReplayTheSpireMod:TigerMarble":73,"ReplayTheSpireMod:Ring of Challenge":64,"ReplayTheSpireMod:Lightbulb":18,"Mirror":36,"testmod-OneHitWonder":54,"Pocketwatch":41}],"Pocketwatch":[5]},"card_choices":[{"not_picked":["Barrage","Stack"],"picked":"Leap","floor":1},{"not_picked":["ReplayTheSpireMod:System Scan","Redo"],"picked":"Skim","floor":3},{"not_picked":["Static Discharge","BasicCrystalCard"],"picked":"Conserve Battery","floor":5},{"not_picked":["Steam","Blizzard"],"picked":"Coolheaded","floor":7},{"not_picked":["Ball Lightning","Turbo","Biased Cognition"],"picked":"SKIP","floor":10},{"not_picked":["Mirror Shield","ReplayRNGCard"],"picked":"Core Surge","floor":16},{"not_picked":["BasicCrystalCard","Leap+1","Turbo"],"picked":"SKIP","floor":18},{"not_picked":["Rebound","Barrage","Gash"],"picked":"SKIP","floor":20},{"not_picked":["Streamline","Barrage","ReplayTheSpireMod:GoodbyeWorld+1"],"picked":"SKIP","floor":22},{"not_picked":["Conserve Battery","Rebound","Panic Button"],"picked":"SKIP","floor":25},{"not_picked":["Hologram","Force Field","Skim+1"],"picked":"SKIP","floor":27},{"not_picked":["Darkness","Reboot"],"picked":"Electrodynamics","floor":29},{"not_picked":["Turbo","ReplaySort","ReplayTheSpireMod:System Scan"],"picked":"SKIP","floor":35},{"not_picked":["Sweeping Beam","Barrage+1","Compile Driver"],"picked":"SKIP","floor":36},{"not_picked":["Auto Shields","Steam Power","Rebound"],"picked":"SKIP","floor":40},{"not_picked":["Go for the Eyes","Leap","Sunder+1"],"picked":"SKIP","floor":42},{"not_picked":["Go for the Eyes","Beam Cell","Genetic Algorithm"],"picked":"SKIP","floor":45},{"not_picked":["Compile Driver","Redo","Streamline"],"picked":"SKIP","floor":46},{"not_picked":["Compile Driver","ReplayTheSpireMod:Calculation Training","ReplaySort+1"],"picked":"SKIP","floor":47},{"not_picked":["BasicCrystalCard","Ball Lightning"],"picked":"White Noise+1","floor":53},{"not_picked":["ReplayTheSpireMod:Fabricate Wheel","Leap","Aggregate"],"picked":"SKIP","floor":54}],"player_experience":359132,"relics_obtained":[{"floor":7,"key":"Onion Ring"},{"floor":9,"key":"Mercury Hourglass"},{"floor":10,"key":"Tiny Chest"},{"floor":25,"key":"Mirror"},{"floor":26,"key":"Art of War"},{"floor":29,"key":"Pocketwatch"},{"floor":39,"key":"ReplayFunnel"},{"floor":40,"key":"HornCleat"},{"floor":43,"key":"testmod-OneHitWonder"},{"floor":46,"key":"Replay:Rubber Ducky"},{"floor":48,"key":"Ring of Misfortune"},{"floor":48,"key":"ReplayTheSpireMod:Ring of Challenge"},{"floor":54,"key":"ReplayTheSpireMod:TigerMarble"}],"event_choices":[{"cards_removed":["Strike_B"],"damage_healed":0,"gold_gain":0,"player_choice":"Card Removal","damage_taken":0,"max_hp_gain":0,"max_hp_loss":0,"event_name":"The Cleric","floor":8,"gold_loss":75},{"damage_healed":0,"gold_gain":0,"player_choice":"Take Damage","damage_taken":24,"relics_obtained":["Golden Idol"],"max_hp_gain":0,"max_hp_loss":0,"event_name":"Golden Idol","floor":11,"gold_loss":0},{"damage_healed":23,"gold_gain":0,"player_choice":"Banana","damage_taken":0,"max_hp_gain":0,"max_hp_loss":0,"event_name":"Big Fish","floor":14,"gold_loss":0},{"damage_healed":0,"gold_gain":0,"player_choice":"Read","damage_taken":0,"max_hp_gain":0,"max_hp_loss":0,"event_name":"The Library","floor":28,"gold_loss":0,"cards_obtained":["Storm"]},{"damage_healed":0,"gold_gain":0,"player_choice":"Embrace Madness","damage_taken":15,"max_hp_gain":0,"max_hp_loss":0,"event_name":"Winding Halls","floor":38,"gold_loss":0,"cards_obtained":["Madness","Madness"]}],"is_beta":false,"boss_relics":[{"not_picked":["vexMod:BigBerry","testmod-HarvestTotem"],"picked":"testmod-Fanaticism"},{"not_picked":["testmod-KeyOfTheVoid","Velvet Choker"],"picked":"vexMod:TanglingVine"}],"items_purged_floors":[2,4,12,21,24,31,37,41,53],"is_endless":false,"potions_floor_spawned":[3,5,16,25,27,29,40,42],"ascension_level":16}}