{"host":"15dd7v8o90xso62x","time":1609156631,"event":{"mods":["BaseMod","Minty Spire (QoL Compilation)","Quick Restart","StSLib","SuperFastMode"],"gold_per_floor":[119,134,148,164,176,176,176,207,207,207,241,241,73,84,84,162,162,175,175,134,31,41,41,41,41],"floor_reached":24,"playtime":1004,"items_purged":["Rupture"],"score":441,"play_id":"622ba6c1-883e-4ba9-bc43-106df4409789","local_time":"20201228205711","is_ascension_mode":true,"campfire_choices":[{"data":"Armaments","floor":6.0,"key":"SMITH"},{"data":"Body Slam","floor":10.0,"key":"SMITH"},{"data":"Uppercut","floor":12.0,"key":"SMITH"},{"data":"Demon Form","floor":15.0,"key":"SMITH"},{"data":"Second Wind","floor":23.0,"key":"SMITH"}],"circlet_count":0,"master_deck":["AscendersBane","Strike_R","Strike_R","Strike_R","Defend_R","Defend_R","Defend_R","Bash","Feed","Uppercut+1","Flame Barrier","Inflame","Body Slam+1","Armaments+1","Pommel Strike","Demon Form+1","Reaper","CurseOfTheBell","Second Wind+1","Limit Break"],"relics":["Burning Blood","Kunai","Art of War","Anchor","Calling Bell","Blood Vial","The Courier","Ginger"],"acts_visited":["Exordium","TheCity"],"potions_floor_usage":[24],"damage_taken":[{"damage":17.0,"enemies":"Small Slimes","floor":1.0,"turns":5.0},{"damage":4.0,"enemies":"Jaw Worm","floor":2.0,"turns":3.0},{"damage":1.0,"enemies":"2 Louse","floor":3.0,"turns":2.0},{"damage":9.0,"enemies":"Blue Slaver","floor":4.0,"turns":6.0},{"damage":17.0,"enemies":"Looter","floor":5.0,"turns":5.0},{"damage":42.0,"enemies":"Lagavulin","floor":8.0,"turns":9.0},{"damage":15.0,"enemies":"3 Sentries","floor":11.0,"turns":9.0},{"damage":0.0,"enemies":"Exordium Wildlife","floor":14.0,"turns":6.0},{"damage":3.0,"enemies":"Hexaghost","floor":16.0,"turns":7.0},{"damage":44.0,"enemies":"Spheric Guardian","floor":18.0,"turns":7.0},{"damage":22.0,"enemies":"2 Thieves","floor":20.0,"turns":5.0},{"damage":47.0,"enemies":"Chosen and Byrds","floor":22.0,"turns":7.0},{"damage":38,"enemies":"Book of Stabbing","floor":24,"turns":5}],"seed_played":"-2900015280136463902","potions_obtained":[{"floor":1.0,"key":"SkillPotion"},{"floor":3.0,"key":"Swift Potion"},{"floor":4.0,"key":"BloodPotion"},{"floor":5.0,"key":"Ancient Potion"},{"floor":8.0,"key":"PowerPotion"},{"floor":20.0,"key":"GamblersBrew"},{"floor":22.0,"key":"CultistPotion"}],"is_trial":false,"path_per_floor":["M","M","M","M","M","R","?","E","T","R","E","R","$","M","R","B",null,"M","?","M","$","M","R","E"],"character_chosen":"IRONCLAD","items_purchased":["Demon Form","Fire Potion"],"campfire_rested":0,"item_purchase_floors":[13,21],"current_hp_per_floor":[42,47,55,72,61,61,54,18,18,18,12,12,12,18,18,24,76,43,43,41,41,43,43,7,7],"gold":41,"neow_bonus":"THREE_RARE_CARDS","is_daily":false,"chose_seed":false,"campfire_upgraded":5,"win_rate":0.0,"timestamp":1609156631,"path_taken":["M","M","M","M","M","R","?","E","T","R","E","R","$","M","R","BOSS","M","?","M","$","M","R","E"],"items_purchased_type":["Card","Potion"],"build_version":"2020-12-22","purchased_purges":1,"victory":false,"max_hp_per_floor":[78,81,84,87,87,87,87,87,87,87,90,90,90,90,90,93,93,96,96,96,96,99,99,99,99],"card_choices":[{"not_picked":["Double Tap","Impervious"],"picked":"Feed","floor":0.0},{"not_picked":["Infernal Blade","Twin Strike"],"picked":"Uppercut","floor":1.0},{"not_picked":["Whirlwind","Searing Blow"],"picked":"Flame Barrier","floor":2.0},{"not_picked":["Body Slam","Clash"],"picked":"Inflame","floor":3.0},{"not_picked":["Hemokinesis","Reckless Charge"],"picked":"Body Slam","floor":4.0},{"not_picked":["Pommel Strike","Twin Strike"],"picked":"Armaments","floor":5.0},{"not_picked":["Body Slam","Flame Barrier","Wild Strike"],"picked":"SKIP","floor":8.0},{"not_picked":["Flex","Burning Pact"],"picked":"Pommel Strike","floor":11.0},{"not_picked":["Rupture","Clash","Brutality"],"picked":"SKIP","floor":14.0},{"not_picked":["Limit Break","Immolate"],"picked":"Reaper","floor":16.0},{"not_picked":["Havoc","Twin Strike","Whirlwind"],"picked":"SKIP","floor":18.0},{"not_picked":["Sword Boomerang","Whirlwind"],"picked":"Limit Break","floor":20.0},{"not_picked":["Headbutt","True Grit","Cleave"],"picked":"SKIP","floor":22.0}],"player_experience":957292,"relics_obtained":[{"floor":8.0,"key":"Kunai"},{"floor":9.0,"key":"Art of War"},{"floor":11.0,"key":"Anchor"},{"floor":17.0,"key":"Blood Vial"},{"floor":17.0,"key":"The Courier"},{"floor":17.0,"key":"Ginger"}],"event_choices":[{"cards_removed":["Strike_R"],"damage_healed":0.0,"max_hp_gain":0.0,"max_hp_loss":0.0,"gold_gain":0.0,"event_name":"Golden Wing","player_choice":"Card Removal","floor":7.0,"gold_loss":0.0,"damage_taken":7.0},{"damage_healed":0.0,"max_hp_gain":0.0,"max_hp_loss":0.0,"gold_gain":0.0,"cards_transformed":["Defend_R","Strike_R"],"event_name":"Drug Dealer","player_choice":"Became Test Subject","floor":19.0,"gold_loss":0.0,"damage_taken":0.0,"cards_obtained":["Rupture","Second Wind"]}],"is_beta":false,"boss_relics":[{"not_picked":["Ectoplasm","Mark of Pain"],"picked":"Calling Bell"}],"items_purged_floors":[21],"is_endless":false,"potions_floor_spawned":[1,3,4,5,8,20,22],"killed_by":"Book of Stabbing","ascension_level":20}}