{"host":"0cgp910o8339lr91","time":1609119886,"event":{"mods":["BaseMod","Colored Map","Filter the Spire","Minty Spire (QoL Compilation)","Relic Stats","Slay-I","ojb\u0027s Better Paths Mod","ojb\u0027s Info Mod"],"gold_per_floor":[117,42,56,68,68,103,130,167,179,226,252,316,328,245,257,394,406,453,535,560,613,185,185,236,236,236,236,53,104,104,163,163,259,259,279,379,379,379,399,399,502,502,553,553,611,86,127,206,206,206,206,206,39,77,77],"floor_reached":56,"playtime":7793,"items_purged":["Defend_P"],"score":1830,"play_id":"65507c9f-6ff4-4db0-8d1f-656f65f2ffdd","local_time":"20201228024446","is_ascension_mode":true,"campfire_choices":[{"data":"TalkToTheHand","floor":13.0,"key":"SMITH"},{"data":"TalkToTheHand","floor":15.0,"key":"SMITH"},{"data":"TalkToTheHand","floor":23.0,"key":"SMITH"},{"data":"Omniscience","floor":25.0,"key":"SMITH"},{"data":"MentalFortress","floor":27.0,"key":"SMITH"},{"data":"Wish","floor":30.0,"key":"SMITH"},{"data":"Eruption","floor":32.0,"key":"SMITH"},{"data":"Madness","floor":40,"key":"SMITH"},{"data":"Madness","floor":44,"key":"SMITH"},{"floor":49,"key":"RECALL"},{"data":"Burst","floor":52,"key":"SMITH"}],"circlet_count":0,"master_deck":["Strike_P","Strike_P","Strike_P","Strike_P","Defend_P","Defend_P","Eruption+1","Vigilance","Wireheading","TalkToTheHand+1","Indignation","FlurryOfBlows","TalkToTheHand+1","Halt","Wish+1","FlurryOfBlows","Omniscience+1","CurseOfTheBell","FlurryOfBlows","EmptyMind","Prostrate","TalkToTheHand+1","MentalFortress+1","WaveOfTheHand+1","TalkToTheHand+1","Echo Form","Madness+1","Madness+1","EmptyBody","Sever Soul+1","Body Slam+1","Feel No Pain+1","Concentrate+1","Burst+1","FTL+1","Beam Cell+1","FlurryOfBlows+1","FlurryOfBlows+1"],"relics":["Runic Pyramid","MawBank","Akabeko","Yang","Ice Cream","Tiny Chest","Incense Burner","Calling Bell","TeardropLocket","Dead Branch","Strawberry","Calipers","Vajra","Molten Egg 2","PrismaticShard","Meat on the Bone","Shuriken","Coffee Dripper","CeramicFish","Nunchaku","Art of War","Orrery","Oddly Smooth Stone","Bottled Lightning","Eternal Feather","Bag of Marbles","Bronze Scales"],"acts_visited":["Exordium","TheCity","TheBeyond","TheEnding"],"potions_floor_usage":[50,50],"damage_taken":[{"damage":0.0,"enemies":"2 Louse","floor":1.0,"turns":2.0},{"damage":1.0,"enemies":"Small Slimes","floor":3.0,"turns":2.0},{"damage":0.0,"enemies":"Cultist","floor":4.0,"turns":3.0},{"damage":7.0,"enemies":"Lagavulin","floor":6.0,"turns":5.0},{"damage":7.0,"enemies":"3 Louse","floor":7.0,"turns":3.0},{"damage":12.0,"enemies":"Gremlin Nob","floor":8.0,"turns":3.0},{"damage":0.0,"enemies":"Lagavulin","floor":10.0,"turns":4.0},{"damage":3.0,"enemies":"Red Slaver","floor":11.0,"turns":4.0},{"damage":0.0,"enemies":"Gremlin Nob","floor":12.0,"turns":4.0},{"damage":0.0,"enemies":"Slime Boss","floor":16.0,"turns":7.0},{"damage":0.0,"enemies":"3 Byrds","floor":18.0,"turns":5.0},{"damage":0.0,"enemies":"Chosen","floor":19.0,"turns":4.0},{"damage":0.0,"enemies":"Snecko","floor":20.0,"turns":5.0},{"damage":2.0,"enemies":"Sentry and Sphere","floor":21.0,"turns":4.0},{"damage":2.0,"enemies":"Book of Stabbing","floor":24.0,"turns":8.0},{"damage":1.0,"enemies":"Slavers","floor":29.0,"turns":5.0},{"damage":1.0,"enemies":"Gremlin Leader","floor":31.0,"turns":8.0},{"damage":4.0,"enemies":"Automaton","floor":33.0,"turns":8.0},{"damage":3.0,"enemies":"3 Shapes","floor":35.0,"turns":6.0},{"damage":31,"enemies":"3 Darklings","floor":39,"turns":3},{"damage":0,"enemies":"Nemesis","floor":41,"turns":7},{"damage":5,"enemies":"Giant Head","floor":45,"turns":5},{"damage":1,"enemies":"Nemesis","floor":47,"turns":3},{"damage":0,"enemies":"Sphere and 2 Shapes","floor":48,"turns":8},{"damage":21,"enemies":"Awakened One","floor":50,"turns":6},{"damage":17,"enemies":"Shield and Spear","floor":54,"turns":5},{"damage":84,"enemies":"The Heart","floor":55,"turns":7}],"seed_played":"1336334955888096164","potions_obtained":[{"floor":3.0,"key":"Ambrosia"},{"floor":7.0,"key":"AttackPotion"},{"floor":8.0,"key":"StancePotion"},{"floor":11.0,"key":"SteroidPotion"},{"floor":12.0,"key":"EntropicBrew"},{"floor":19.0,"key":"Block Potion"},{"floor":29.0,"key":"GamblersBrew"},{"floor":31.0,"key":"Explosive Potion"},{"floor":41,"key":"Energy Potion"},{"floor":47,"key":"Weak Potion"}],"is_trial":false,"path_per_floor":["M","$","M","M","?","E","M","E","T","E","M","E","R","?","R","B",null,"M","M","M","M","$","R","E","R","T","R","$","E","R","E","R","B",null,"M","?","T","?","M","R","E","?","T","R","E","$","E","M","R","B",null,"R","$","E","B",null],"character_chosen":"WATCHER","items_purchased":["Calipers","TalkToTheHand","MentalFortress","TalkToTheHand+1","PrismaticShard","Orrery","Oddly Smooth Stone","Bottled Lightning","Bag of Marbles","FlurryOfBlows+1"],"campfire_rested":0,"item_purchase_floors":[22,22,22,28,28,46,46,46,53,53],"current_hp_per_floor":[72,72,71,71,64,57,50,38,38,38,35,35,35,35,35,35,70,70,70,70,68,68,68,66,66,66,66,66,65,65,64,64,60,74,71,71,71,61,42,42,42,42,42,42,49,49,48,48,69,48,71,79,79,62,34],"gold":77,"neow_bonus":"BOSS_RELIC","is_daily":false,"chose_seed":false,"campfire_upgraded":10,"win_rate":0.0,"timestamp":1609119886,"path_taken":["M","$","M","M","?","E","M","E","T","E","M","E","R","?","R","BOSS","M","?","M","M","$","R","E","R","T","R","$","E","R","E","R","BOSS","M","?","?","?","M","R","E","?","T","R","E","$","E","?","R","BOSS","R","$","E","BOSS"],"items_purchased_type":["Relic","Card","Card","Card","Relic","Relic","Relic","Relic","Relic","Card"],"build_version":"2020-12-22","purchased_purges":1,"victory":true,"max_hp_per_floor":[72,72,72,72,72,72,72,72,72,72,72,72,72,72,72,72,79,79,79,79,79,79,79,79,79,79,79,79,79,79,79,79,79,79,79,79,79,79,79,79,79,79,79,79,79,79,79,79,79,79,79,79,79,79,79],"relic_stats":{"counters":[27,134],"Dead Branch":[127],"CeramicFish":81,"Yang":[349],"Eternal Feather":29,"MawBank":192,"Nunchaku":[11],"Shuriken":[45],"Bronze Scales":[96],"Tiny Chest":1,"Art of War":[6],"obtain_stats":[{"Ice Cream":10,"Calipers":22,"CeramicFish":41,"Vajra":24,"Yang":9,"Incense Burner":14,"TeardropLocket":17,"PrismaticShard":28,"Nunchaku":43,"Strawberry":17,"Tiny Chest":12,"Runic Pyramid":0,"Dead Branch":17,"Oddly Smooth Stone":46,"Eternal Feather":47,"MawBank":6,"Akabeko":8,"Calling Bell":17,"Shuriken":31,"Bronze Scales":54,"Orrery":46,"Molten Egg 2":26,"Coffee Dripper":34,"Art of War":45,"Bag of Marbles":53,"Bottled Lightning":46,"PureWater":0,"Meat on the Bone":29},{"Ice Cream":7,"Calipers":14,"CeramicFish":21,"Vajra":15,"Yang":6,"Incense Burner":9,"TeardropLocket":10,"PrismaticShard":15,"Nunchaku":21,"Strawberry":10,"Tiny Chest":9,"Runic Pyramid":0,"Dead Branch":10,"Oddly Smooth Stone":22,"Eternal Feather":23,"MawBank":4,"Akabeko":6,"Calling Bell":10,"Shuriken":17,"Bronze Scales":26,"Orrery":22,"Molten Egg 2":15,"Coffee Dripper":18,"Art of War":22,"Bag of Marbles":25,"Bottled Lightning":22,"PureWater":0,"Meat on the Bone":16},{"Ice Cream":22,"Calipers":55,"CeramicFish":100,"Vajra":63,"Yang":18,"Incense Burner":30,"TeardropLocket":37,"PrismaticShard":63,"Nunchaku":100,"Strawberry":37,"Tiny Chest":30,"Runic Pyramid":0,"Dead Branch":37,"Oddly Smooth Stone":105,"Eternal Feather":108,"MawBank":12,"Akabeko":18,"Calling Bell":37,"Shuriken":76,"Bronze Scales":127,"Orrery":105,"Molten Egg 2":63,"Coffee Dripper":84,"Art of War":105,"Bag of Marbles":122,"Bottled Lightning":105,"PureWater":0,"Meat on the Bone":68}],"Meat on the Bone":36},"card_choices":[{"not_picked":["Consecrate","WindmillStrike"],"picked":"Wireheading","floor":1.0},{"not_picked":["SashWhip","ThirdEye","Perseverance"],"picked":"SKIP","floor":3.0},{"not_picked":["EmptyBody","FollowUp"],"picked":"TalkToTheHand","floor":4.0},{"not_picked":["Crescendo","ReachHeaven"],"picked":"Indignation","floor":6.0},{"not_picked":["ThirdEye","CutThroughFate"],"picked":"FlurryOfBlows","floor":7.0},{"not_picked":["Crescendo","ThirdEye"],"picked":"TalkToTheHand","floor":8.0},{"not_picked":["InnerPeace","Prostrate"],"picked":"Halt","floor":10.0},{"not_picked":["Evaluate","Protect"],"picked":"Wish","floor":11.0},{"not_picked":["ConjureBlade","Prostrate"],"picked":"FlurryOfBlows","floor":12.0},{"not_picked":["Alpha","Wish"],"picked":"Omniscience","floor":16.0},{"not_picked":["BowlingBash","EmptyFist"],"picked":"FlurryOfBlows","floor":18.0},{"not_picked":["FollowUp","Protect","WreathOfFlame+1"],"picked":"SKIP","floor":19.0},{"not_picked":["EmptyFist","Evaluate"],"picked":"EmptyMind","floor":20.0},{"not_picked":["ThirdEye+1","Crescendo"],"picked":"Prostrate","floor":21.0},{"not_picked":["PathToVictory","Pray"],"picked":"WaveOfTheHand+1","floor":24.0},{"not_picked":["DeusExMachina","Go for the Eyes+1","Predator+1"],"picked":"SKIP","floor":29.0},{"not_picked":["Coolheaded","Deflect","Crescendo"],"picked":"SKIP","floor":31.0},{"not_picked":["Buffer","Magnetism"],"picked":"Echo Form","floor":33.0},{"not_picked":["Stack+1","Flying Knee+1","JustLucky+1"],"picked":"SKIP","floor":35.0},{"not_picked":["PanicButton+1","Loop+1"],"picked":"EmptyBody","floor":39},{"not_picked":["Clothesline+1","Turbo+1"],"picked":"Sever Soul+1","floor":41},{"not_picked":["Mind Blast+1","Auto Shields+1","Wild Strike+1"],"picked":"SKIP","floor":45},{"not_picked":["Streamline+1","Cloak And Dagger+1"],"picked":"Body Slam+1","floor":46},{"not_picked":["Bane+1","PiercingWail+1"],"picked":"Feel No Pain+1","floor":46},{"not_picked":["Clash+1","Dodge and Roll+1"],"picked":"Concentrate+1","floor":46},{"not_picked":["Shrug It Off","Crippling Poison"],"picked":"Burst","floor":46},{"not_picked":["HandOfGreed+1","Cleave+1"],"picked":"FTL+1","floor":47},{"not_picked":["Ghostly Armor","Shrug It Off+1"],"picked":"Beam Cell+1","floor":48},{"not_picked":["Genetic Algorithm","Crescendo+1"],"picked":"FlurryOfBlows+1","floor":54}],"player_experience":1022047,"relics_obtained":[{"floor":6.0,"key":"MawBank"},{"floor":8.0,"key":"Akabeko"},{"floor":9.0,"key":"Yang"},{"floor":10.0,"key":"Ice Cream"},{"floor":12.0,"key":"Tiny Chest"},{"floor":17.0,"key":"TeardropLocket"},{"floor":17.0,"key":"Dead Branch"},{"floor":17.0,"key":"Strawberry"},{"floor":24.0,"key":"Vajra"},{"floor":26.0,"key":"Molten Egg 2"},{"floor":29.0,"key":"Meat on the Bone"},{"floor":31.0,"key":"Shuriken"},{"floor":41,"key":"CeramicFish"},{"floor":43,"key":"Nunchaku"},{"floor":45,"key":"Art of War"},{"floor":47,"key":"Eternal Feather"},{"floor":54,"key":"Bronze Scales"}],"event_choices":[{"cards_removed":["Defend_P"],"damage_healed":0.0,"max_hp_gain":0.0,"max_hp_loss":0.0,"gold_gain":0.0,"event_name":"Golden Wing","player_choice":"Card Removal","floor":5.0,"gold_loss":0.0,"damage_taken":7.0},{"damage_healed":0.0,"max_hp_gain":0.0,"max_hp_loss":0.0,"gold_gain":0.0,"event_name":"WeMeetAgain","player_choice":"Paid Gold","floor":14.0,"gold_loss":95.0,"damage_taken":0.0,"relics_obtained":["Incense Burner"]},{"damage_healed":0.0,"max_hp_gain":0.0,"max_hp_loss":0.0,"gold_gain":100.0,"event_name":"Golden Shrine","player_choice":"Pray","floor":36.0,"gold_loss":0.0,"damage_taken":0.0},{"damage_healed":0.0,"max_hp_gain":0.0,"max_hp_loss":0.0,"gold_gain":0.0,"event_name":"Winding Halls","player_choice":"Embrace Madness","floor":38.0,"gold_loss":0.0,"damage_taken":10.0,"cards_obtained":["Madness","Madness"]},{"damage_healed":0,"gold_gain":0,"player_choice":"Ignored","damage_taken":0,"max_hp_gain":0,"max_hp_loss":0,"event_name":"SecretPortal","floor":42,"gold_loss":0}],"is_beta":false,"boss_relics":[{"not_picked":["Velvet Choker","SlaversCollar"],"picked":"Calling Bell"},{"not_picked":["Sozu","Empty Cage"],"picked":"Coffee Dripper"}],"items_purged_floors":[2],"is_endless":false,"potions_floor_spawned":[3,7,8,11,12,19,29,31,41,47,48],"ascension_level":5}}