{"host":"640uue19m79c7wbt","time":1609186439,"event":{"mods":["BaseMod","Colored Map","Googly Eyes","Highlight Path","Minty Spire (QoL Compilation)","Quick Restart","StSLib"],"gold_per_floor":[115,115,115,126,137,162,13,13,38,38,51,61,72,72,72,203,203,222,137,151,21,0,0,0,0],"floor_reached":24,"playtime":740,"items_purged":["Strike_G"],"score":304,"play_id":"f6076b9f-14ef-44e5-a91a-285eea3ce111","local_time":"20201228151359","is_ascension_mode":true,"campfire_choices":[{"floor":8.0,"key":"REST"},{"data":"Bouncing Flask","floor":10.0,"key":"SMITH"},{"floor":15.0,"key":"REST"},{"floor":23,"key":"REST"}],"circlet_count":0,"master_deck":["AscendersBane","Strike_G","Strike_G","Strike_G","Defend_G","Defend_G","Defend_G","Defend_G","Defend_G","Survivor","Neutralize","Blade Dance","Slice","Dagger Throw","Noxious Fumes","Bouncing Flask+1","Catalyst","Predator","Injury","Night Terror","Bane+1","Cloak And Dagger+1","Accuracy","PiercingWail"],"relics":["Ring of the Snake","NeowsBlessing","Potion Belt","Strawberry","Golden Idol","Runic Pyramid","Lantern"],"acts_visited":["Exordium","TheCity"],"potions_floor_usage":[24],"damage_taken":[{"damage":0.0,"enemies":"Jaw Worm","floor":1.0,"turns":1.0},{"damage":0.0,"enemies":"Small Slimes","floor":4.0,"turns":1.0},{"damage":0.0,"enemies":"Cultist","floor":5.0,"turns":1.0},{"damage":54.0,"enemies":"Lagavulin","floor":6.0,"turns":7.0},{"damage":9.0,"enemies":"Blue Slaver","floor":11.0,"turns":3.0},{"damage":1.0,"enemies":"3 Louse","floor":12.0,"turns":3.0},{"damage":8.0,"enemies":"Gremlin Gang","floor":13.0,"turns":4.0},{"damage":8.0,"enemies":"Hexaghost","floor":16.0,"turns":7.0},{"damage":28.0,"enemies":"Chosen","floor":18.0,"turns":5.0},{"damage":27.0,"enemies":"Shell Parasite","floor":20.0,"turns":4.0},{"damage":46,"enemies":"Book of Stabbing","floor":24,"turns":4}],"seed_played":"3941097793209939476","potions_obtained":[{"floor":6.0,"key":"Block Potion"},{"floor":12.0,"key":"SneckoOil"},{"floor":13.0,"key":"GamblersBrew"},{"floor":20.0,"key":"Block Potion"}],"is_trial":false,"path_per_floor":["M","?","?","M","M","E","$","R","T","R","M","M","M","?","R","B",null,"M","?","M","$","?","R","E"],"character_chosen":"THE_SILENT","items_purchased":["Bouncing Flask","Accuracy","PiercingWail"],"campfire_rested":3,"item_purchase_floors":[7,21,21],"current_hp_per_floor":[63,68,68,68,68,14,14,36,43,43,34,33,25,25,49,41,72,44,44,17,17,17,41,0,0],"gold":0,"neow_bonus":"THREE_ENEMY_KILL","is_daily":false,"chose_seed":false,"campfire_upgraded":1,"win_rate":0.0,"timestamp":1609186439,"path_taken":["M","?","?","?","M","E","$","R","T","R","M","M","M","?","R","BOSS","M","?","M","$","?","R","E"],"items_purchased_type":["Card","Card","Card"],"build_version":"2020-12-22","purchased_purges":1,"victory":false,"max_hp_per_floor":[70,75,75,75,75,75,75,75,82,82,82,82,82,82,82,82,82,82,82,82,82,82,82,82,82],"card_choices":[{"not_picked":["Poisoned Stab","Distraction"],"picked":"Blade Dance","floor":1.0},{"not_picked":["Dodge and Roll","Prepared"],"picked":"Slice","floor":4.0},{"not_picked":["Backflip","Grand Finale"],"picked":"Dagger Throw","floor":5.0},{"not_picked":["Dodge and Roll","Setup"],"picked":"Noxious Fumes","floor":6.0},{"not_picked":["Acrobatics","Deadly Poison","Outmaneuver"],"picked":"SKIP","floor":11.0},{"not_picked":["Underhanded Strike","Quick Slash"],"picked":"Catalyst","floor":12.0},{"not_picked":["Caltrops","Bane"],"picked":"Predator","floor":13.0},{"not_picked":["After Image","Tools of the Trade"],"picked":"Night Terror","floor":16.0},{"not_picked":["Prepared","Expertise+1"],"picked":"Bane+1","floor":18.0},{"not_picked":["Blade Dance","Endless Agony"],"picked":"Cloak And Dagger+1","floor":20.0}],"player_experience":1244909,"relics_obtained":[{"floor":6.0,"key":"Potion Belt"},{"floor":9.0,"key":"Strawberry"}],"event_choices":[{"damage_healed":0.0,"max_hp_gain":5.0,"max_hp_loss":0.0,"gold_gain":0.0,"event_name":"Big Fish","player_choice":"Donut","floor":2.0,"gold_loss":0.0,"damage_taken":0.0},{"cards_removed":["Strike_G"],"damage_healed":0.0,"max_hp_gain":0.0,"max_hp_loss":0.0,"gold_gain":0.0,"event_name":"Purifier","player_choice":"Purged","floor":3.0,"gold_loss":0.0,"damage_taken":0.0},{"damage_healed":0.0,"max_hp_gain":0.0,"max_hp_loss":0.0,"gold_gain":0.0,"event_name":"Golden Idol","player_choice":"Take Wound","floor":14.0,"gold_loss":0.0,"damage_taken":0.0,"relics_obtained":["Golden Idol"],"cards_obtained":["Injury"]},{"damage_healed":0.0,"max_hp_gain":0.0,"max_hp_loss":0.0,"gold_gain":0.0,"event_name":"Addict","player_choice":"Obtained Relic","floor":19.0,"gold_loss":85.0,"damage_taken":0.0,"relics_obtained":["Lantern"]},{"damage_healed":0,"gold_gain":0,"player_choice":"Paid Fearfully","damage_taken":0,"max_hp_gain":0,"max_hp_loss":0,"event_name":"Masked Bandits","floor":22,"gold_loss":21}],"is_beta":false,"boss_relics":[{"not_picked":["Coffee Dripper","Ectoplasm"],"picked":"Runic Pyramid"}],"items_purged_floors":[7],"is_endless":false,"potions_floor_spawned":[6,12,13,20],"killed_by":"Book of Stabbing","ascension_level":11}}