{"host":"1tl36azeqm6yhdgj","time":1609196094,"event":{"mods":["AchievementEnabler","BaseMod","Minty Spire (QoL Compilation)","StSLib","The IronCluck","everything is the same but u backflip on backflip"],"gold_per_floor":[111,126,196,213,226,258,258,408,408,337,347,347,347],"floor_reached":12,"playtime":432,"items_purged":[],"score":156,"play_id":"ac2cdc37-221b-4d32-b8bb-49b04b6a9928","local_time":"20201228175454","is_ascension_mode":true,"campfire_choices":[{"data":"Rampage","floor":7.0,"key":"SMITH"}],"circlet_count":0,"master_deck":["AscendersBane","Strike_R","Strike_R","Strike_R","Defend_R","Defend_R","Defend_R","Defend_R","Bash","Clash","Reckless Charge","Feel No Pain","Corruption","Rampage+1","Cleave","Seeing Red","Doubt","Anger"],"relics":["Burning Blood","The Courier","Matryoshka"],"acts_visited":["Exordium"],"potions_floor_usage":[12],"damage_taken":[{"damage":7.0,"enemies":"Jaw Worm","floor":1.0,"turns":4.0},{"damage":4.0,"enemies":"Small Slimes","floor":2.0,"turns":4.0},{"damage":1.0,"enemies":"2 Louse","floor":4.0,"turns":4.0},{"damage":12.0,"enemies":"2 Fungi Beasts","floor":5.0,"turns":3.0},{"damage":29.0,"enemies":"3 Sentries","floor":6.0,"turns":11.0},{"damage":23.0,"enemies":"Large Slime","floor":11.0,"turns":8.0},{"damage":25,"enemies":"Lagavulin","floor":12,"turns":3}],"seed_played":"7673781091769302523","potions_obtained":[{"floor":1.0,"key":"BlessingOfTheForge"},{"floor":11.0,"key":"EssenceOfSteel"}],"is_trial":false,"path_per_floor":["M","M","?","M","M","E","R","?","T","?","M","E"],"character_chosen":"IRONCLAD","items_purchased":[],"campfire_rested":0,"item_purchase_floors":[],"current_hp_per_floor":[67,68,68,68,62,39,39,39,39,39,22,0,0],"gold":347,"neow_bonus":"TRANSFORM_TWO_CARDS","is_daily":false,"chose_seed":false,"campfire_upgraded":1,"win_rate":0.0,"timestamp":1609196094,"path_taken":["M","M","?","M","M","E","R","?","T","?","M","E"],"items_purchased_type":[],"build_version":"2020-12-22","purchased_purges":0,"victory":false,"max_hp_per_floor":[68,68,68,68,68,68,68,68,68,68,68,68,68],"card_choices":[{"not_picked":["Headbutt","Clothesline"],"picked":"Feel No Pain","floor":1.0},{"not_picked":["Headbutt","Twin Strike"],"picked":"Corruption","floor":2.0},{"not_picked":["Warcry","Anger"],"picked":"Rampage","floor":4.0},{"not_picked":["Warcry","Iron Wave"],"picked":"Cleave","floor":5.0},{"not_picked":["Rupture","Shrug It Off"],"picked":"Seeing Red","floor":6.0},{"not_picked":["Clothesline","Battle Trance"],"picked":"Anger","floor":11.0}],"player_experience":1990187,"relics_obtained":[{"floor":6.0,"key":"The Courier"},{"floor":9.0,"key":"Matryoshka"}],"event_choices":[{"damage_healed":0.0,"max_hp_gain":0.0,"max_hp_loss":0.0,"gold_gain":70.0,"event_name":"Golden Wing","player_choice":"Gained Gold","floor":3.0,"gold_loss":0.0,"damage_taken":0.0},{"damage_healed":0.0,"max_hp_gain":0.0,"max_hp_loss":0.0,"gold_gain":150.0,"event_name":"Liars Game","player_choice":"AGREE","floor":8.0,"gold_loss":0.0,"damage_taken":0.0,"cards_obtained":["Doubt"]},{"damage_healed":0.0,"max_hp_gain":0.0,"max_hp_loss":0.0,"gold_gain":0.0,"event_name":"World of Goop","player_choice":"Left Gold","floor":10.0,"gold_loss":71.0,"damage_taken":0.0}],"is_beta":false,"boss_relics":[],"items_purged_floors":[],"is_endless":false,"potions_floor_spawned":[1,11],"killed_by":"Lagavulin","ascension_level":19}}