{"host":"98ajcw3do3zsggh8","time":1609196057,"event":{"mods":["BaseMod","Minty Spire (QoL Compilation)","Replay The Spire","StSLib"],"gold_per_floor":[111,130,161,161,15,15,15,26,72,97,112,143,143,143,143,245,245,257,275,275,164,181,181,181,181],"floor_reached":24,"playtime":631,"items_purged":["Strike_P"],"score":214,"play_id":"594bf0d7-2dea-486a-b1d0-2859104080ea","local_time":"20201228235416","is_ascension_mode":true,"campfire_choices":[{"data":"Eruption","floor":6.0,"key":"SMITH"},{"floor":15.0,"key":"REST"},{"floor":23,"key":"REST"}],"circlet_count":0,"master_deck":["Strike_P","Strike_P","Strike_P","Defend_P","Defend_P","Defend_P","Defend_P","Eruption+1","Vigilance","FollowUp","CutThroughFate","MentalFortress+1","Judgement","Consecrate+1","Evaluate+1"],"relics":["PureWater","NeowsBlessing","Ginger","Mummified Hand","PreservedInsect","Blue Candle","Simple Rune","Regal Pillow","Shuriken","VioletLotus"],"acts_visited":["Exordium","TheCity"],"potions_floor_usage":[18,19,19],"damage_taken":[{"damage":0.0,"enemies":"Small Slimes","floor":1.0,"turns":1.0},{"damage":0.0,"enemies":"Jaw Worm","floor":2.0,"turns":1.0},{"damage":0.0,"enemies":"Cultist","floor":8.0,"turns":1.0},{"damage":13.0,"enemies":"3 Sentries","floor":10.0,"turns":5.0},{"damage":9.0,"enemies":"2 Fungi Beasts","floor":11.0,"turns":3.0},{"damage":10.0,"enemies":"Replay:BlueRogue","floor":12.0,"turns":3.0},{"damage":24.0,"enemies":"Fading Forest","floor":16.0,"turns":11.0},{"damage":15,"enemies":"Chosen","floor":18,"turns":3},{"damage":14,"enemies":"2 Thieves","floor":19,"turns":4},{"damage":10,"enemies":"Chosen and Byrds","floor":22,"turns":5},{"damage":63,"enemies":"Book of Stabbing","floor":24,"turns":7}],"seed_played":"-3300307284440594411","potions_obtained":[{"floor":8.0,"key":"Adrenaline Potion"},{"floor":16.0,"key":"EssenceOfSteel"},{"floor":18,"key":"SkillPotion"}],"is_trial":false,"path_per_floor":["M","M","?","?","$","R","T","M","T","E","M","E","?","?","R","B",null,"M","M","?","$","M","R","E"],"character_chosen":"WATCHER","items_purchased":["PreservedInsect","Evaluate+1"],"campfire_rested":2,"item_purchase_floors":[5,21],"current_hp_per_floor":[72,72,72,72,72,72,72,72,72,59,50,40,26,26,62,48,72,57,43,30,30,20,58,0,0],"gold":181,"neow_bonus":"THREE_ENEMY_KILL","is_daily":false,"chose_seed":false,"campfire_upgraded":1,"win_rate":0.0,"timestamp":1609196056,"path_taken":["M","M","?","?","$","R","?","M","T","E","?","E","?","?","R","BOSS","M","?","?","$","M","R","E"],"items_purchased_type":["Relic","Card"],"build_version":"2020-12-22","purchased_purges":1,"victory":false,"max_hp_per_floor":[72,72,72,72,72,72,72,72,72,72,72,72,72,72,72,72,72,72,72,77,77,77,77,77,77],"card_choices":[{"not_picked":["CrushJoints","ThirdEye","Vengeance"],"picked":"SKIP","floor":1.0},{"not_picked":["MasterReality","InnerPeace"],"picked":"FollowUp","floor":2.0},{"not_picked":["PathToVictory","CrushJoints"],"picked":"CutThroughFate","floor":8.0},{"not_picked":["Sanctity","ForeignInfluence"],"picked":"MentalFortress","floor":10.0},{"not_picked":["EmptyBody","FlurryOfBlows","Wallop"],"picked":"SKIP","floor":11.0},{"not_picked":["ForeignInfluence","SignatureMove"],"picked":"Judgement","floor":12.0},{"not_picked":["Halt","Consecrate","Fasting2+1"],"picked":"SKIP","floor":18},{"not_picked":["Replay:AtTheReady","LikeWater"],"picked":"Consecrate+1","floor":19},{"not_picked":["MasterReality","Vengeance+1","Consecrate"],"picked":"SKIP","floor":22}],"player_experience":289832,"relics_obtained":[{"floor":3.0,"key":"Ginger"},{"floor":7.0,"key":"Blue Candle"},{"floor":9.0,"key":"Simple Rune"},{"floor":10.0,"key":"Regal Pillow"},{"floor":12.0,"key":"Shuriken"}],"event_choices":[{"damage_healed":0.0,"max_hp_gain":0.0,"max_hp_loss":0.0,"gold_gain":0.0,"event_name":"Big Fish","player_choice":"Box","floor":4.0,"gold_loss":0.0,"damage_taken":0.0,"relics_obtained":["Mummified Hand"],"cards_obtained":["Regret"]},{"damage_healed":0.0,"max_hp_gain":0.0,"max_hp_loss":0.0,"gold_gain":0.0,"event_name":"Shining Light","player_choice":"Entered Light","floor":13.0,"gold_loss":0.0,"damage_taken":14.0,"cards_upgraded":["MentalFortress","Defend_P"]},{"cards_removed":["Regret"],"damage_healed":0.0,"max_hp_gain":0.0,"max_hp_loss":0.0,"gold_gain":0.0,"event_name":"Purifier","player_choice":"Purged","floor":14.0,"gold_loss":0.0,"damage_taken":0.0},{"damage_healed":0,"gold_gain":0,"player_choice":"Shed Blood","damage_taken":18,"max_hp_gain":5,"max_hp_loss":0,"event_name":"Forgotten Altar","floor":20,"gold_loss":0}],"is_beta":false,"boss_relics":[{"not_picked":["Snecko Eye","SacredBark"],"picked":"VioletLotus"}],"items_purged_floors":[21],"is_endless":false,"potions_floor_spawned":[8,16,18],"killed_by":"Book of Stabbing","ascension_level":1}}