{"host":"bp6b47iftb3mluh0","time":1609169544,"event":{"mods":["ATMod(∞¢Ë™Mod)","Act Like it!","Alarm Clock","Aspiration","Astrologer","BaseMod","Bestiary","Better Third Choice","Better Vampires","Challenge The Spire","Colored Powertips","Conspire","Curses Come First","Dota2Spire","Downfall","Friendly Minions","Gensokyo","Hallownest","Hermit","Kiyohime£®«Âºß£©","Lobotomy","LobotomyExtend","Marisa£®ÏF”Í°°ƒß¿Ì…≥£©","Marked Mod","Minty Spire (QoL Compilation)","Quick Restart","Rare Cards Sparkle","Red Circlet Mod","Relic Stats","Remilia£®¿Ÿ√◊¿Ú—«£©","Replay The Spire","Reworked Bosses","Ryuuou¡˙Õı","Shop Mod","Spicy Shops","StSLib","The Bug Knight","Uncapped","Waifu the Spire","Youmu£®ªÍ∆«—˝√Œ£©","vexMod","°æ“≈ŒÔø®≈∆°øREMEMod","≤–¡Ù÷ÆŒÔ"],"gold_per_floor":[99,99,119,44,0,35,64,64,64,91,91,91,91,91,91,195,195,195,295,310,0,0,0,10,10,10,10,10,10,37,37,37,133,133,150,4,4,23,42,77,109,142,188,198,198,216,216,227,227,331,331,343,355,355,367,297,297,297,297,297,357,376,376,376],"floor_reached":63,"playtime":3129,"items_purged":["PlaceholderMod:BaseDefend"],"score":1166,"play_id":"ef3a0dd4-3df3-467b-91e7-50a3d709e51b","local_time":"20201228233224","daily_mods":["Heirloom","Time Dilation","Flight","downfall:Jewelcrafting","downfall:Lament"],"is_ascension_mode":false,"campfire_choices":[{"data":"PlaceholderMod:ConsolidateHit","floor":8.0,"key":"SMITH"},{"data":"PlaceholderMod:Eat","floor":11.0,"key":"SMITH"},{"data":"Hallownest:skillSlugHide","floor":15.0,"key":"PURGE"},{"data":"DevaForm","floor":23.0,"key":"SMITH"},{"data":"PlaceholderMod:EvolutionSpray","floor":25.0,"key":"SMITH"},{"data":"AT_DarkMatter","floor":27.0,"key":"SMITH"},{"data":"PlaceholderMod:NearChange","floor":29.0,"key":"SMITH"},{"data":"PlaceholderMod:Inner","floor":32.0,"key":"SMITH"},{"data":"PlaceholderMod:MultiReaction","floor":45.0,"key":"SMITH"},{"data":"AT_FocusSwordFire","floor":47.0,"key":"SMITH"},{"data":"Hallownest:skillSlugHide","floor":49.0,"key":"SMITH"},{"data":"PlaceholderMod:Activation","floor":59,"key":"SMITH"}],"circlet_count":0,"master_deck":["PlaceholderMod:Crystal+1","PlaceholderMod:PoisonWhip+1","Guardian:ExploitGems","Guardian:ExploitGems+1","AT_DarkMatter+1","PlaceholderMod:Hard+1","PlaceholderMod:HardStrike+1","PlaceholderMod:ConsolidateHit+1","PlaceholderMod:Eat+1","Hallownest:skillSlugHide+1","Hallownest:skillSlugHide","Hallownest:skillSlugHide+1","Hallownest:skillSlugHide+1","PlaceholderMod:InnerSoften+1","PlaceholderMod:NearChange+1","PlaceholderMod:Inner+1","PlaceholderMod:NearChange+1","PlaceholderMod:EvolutionSpray+1","PlaceholderMod:MultiReaction+1","ReplayTheSpireMod:Tripwire+1","Gensokyo:RustyChest","AT_ArcaneSupremacy+1","Calculated Gamble+1","AT_FocusSwordFire+1","PlaceholderMod:Activation+1"],"relics":["PlaceholderMod:Tancle","Guardian:PickAxe","NeowsBlessing","REME_ComplimentaryCards","AT_ATBox","REME_IWantAll","LetterFromLob","aspiration:HiddenCompartment","Happy Flower","Garlic","Dota2Spire:OrchidMalevolence","Dota2Spire:ShadowBlade","Hallownest:DreamNailRelic","Pandora\u0027s Box","HonorFeather","Heaven_r","Bird Faced Urn","Lizard Tail","AntiCross","vexMod:Dragonfruit","aspiration:SilentSkillbook","Dota2Spire:AssaultCuirass","vexMod:MemoryStick","Bottled Lightning","conspire:GlowingRock","Nunchaku","REME_PuzzleBoxRelic","Dota2Spire:RefresherOrb","PlaceholderMod:SoulofChaos","InspiredRelic","Gaze_r"],"acts_visited":["Hallownest:Greenpath","Gensokyo:Gensokyoer","Gensokyo:Gensokyoest","Gensokyo:Gensokyo"],"potions_floor_usage":[61],"damage_taken":[{"damage":0.0,"enemies":"2_ Uuma","floor":3.0,"turns":1.0},{"damage":0.0,"enemies":"Hallownest:eliteMossKnight","floor":6.0,"turns":1.0},{"damage":0.0,"enemies":"Hallownest:eliteVengeflyKing","floor":7.0,"turns":1.0},{"damage":0.0,"enemies":"Hallownest:eliteMossKnight","floor":10.0,"turns":9.0},{"damage":15.0,"enemies":"Hallownest:BossFalseKnight","floor":16.0,"turns":8.0},{"damage":0.0,"enemies":"Gensokyo:AngelMirror","floor":18.0,"turns":5.0},{"damage":14.0,"enemies":"Gensokyo:AngelMirror","floor":18.0,"turns":5.0},{"damage":0.0,"enemies":"Gensokyo:AngelMirror","floor":19.0,"turns":8.0},{"damage":0.0,"enemies":"Gensokyo:AngelMirror","floor":20.0,"turns":4.0},{"damage":1.0,"enemies":"Gensokyo:CosmicMonolith","floor":24.0,"turns":2.0},{"damage":1.0,"enemies":"Gensokyo:Koishi","floor":30.0,"turns":5.0},{"damage":24.0,"enemies":"Gensokyo:Kaguya","floor":33.0,"turns":9.0},{"damage":0.0,"enemies":"Gensokyo:3_Boulders","floor":35.0,"turns":4.0},{"damage":1.0,"enemies":"Gensokyo:3_Bats","floor":38.0,"turns":3.0},{"damage":23.0,"enemies":"Gensokyo:Rafflesia","floor":39.0,"turns":6.0},{"damage":0.0,"enemies":"Gensokyo:Doremy","floor":40.0,"turns":4.0},{"damage":0.0,"enemies":"Gensokyo:Kasen","floor":41.0,"turns":7.0},{"damage":3.0,"enemies":"Gensokyo:Marisa","floor":42.0,"turns":3.0},{"damage":2.0,"enemies":"Gensokyo:Dusk_and_Dawn","floor":44.0,"turns":4.0},{"damage":4.0,"enemies":"Gensokyo:4_Bats","floor":46.0,"turns":4.0},{"damage":0.0,"enemies":"Gensokyo:3_Boulders","floor":48.0,"turns":4.0},{"damage":11.0,"enemies":"Gensokyo:Yuyuko","floor":50.0,"turns":5.0},{"damage":0,"enemies":"Gensokyo:Python","floor":52,"turns":1},{"damage":0,"enemies":"Gensokyo:2_Kodama","floor":53,"turns":1},{"damage":0,"enemies":"Gensokyo:Gryphon","floor":55,"turns":1},{"damage":0,"enemies":"Gensokyo:Cirno","floor":61,"turns":4},{"damage":0,"enemies":"Gensokyo:Kitsune","floor":62,"turns":1},{"damage":0,"enemies":"Gensokyo:Kitsune","floor":63,"turns":1}],"seed_played":"-7403987155411178464","potions_obtained":[{"floor":7.0,"key":"GamblersBrew"},{"floor":16.0,"key":"SneckoOil"},{"floor":24.0,"key":"PowerPotion"},{"floor":39.0,"key":"SkillPotion"},{"floor":42.0,"key":"SneckoOil"},{"floor":46.0,"key":"hexamod:EctoCoolerPotion"},{"floor":48.0,"key":"Strength Potion"},{"floor":55,"key":"REME_GoldPotion"},{"floor":62,"key":"LifebloodPotion"}],"is_trial":true,"path_per_floor":["?","?","M","$","?","E","E","R","T","E","R","?","?","?","R","B",null,"M","?","M","?","T","R","M","R","T","R","COS","R","E","?","R","B",null,"M","COS","?","M","M","E","E","E","T","M","R","M","R","M","R","B",null,"M","M","?","M","?","R","R","R","T","E","M","?"],"character_chosen":"THE_PLACEHOLDER","items_purchased":[],"campfire_rested":0,"item_purchase_floors":[],"current_hp_per_floor":[78,78,78,78,78,78,78,78,78,78,78,78,78,78,78,69,78,70,76,78,78,78,78,78,78,84,84,84,84,89,89,89,74,89,89,89,89,89,78,88,89,89,89,91,91,91,91,91,91,91,91,91,91,91,91,91,91,91,91,91,91,94,0,0],"gold":376,"neow_bonus":"","is_daily":false,"chose_seed":false,"campfire_upgraded":11,"win_rate":0.0,"timestamp":1609169544,"path_taken":["?","?","?","$","?","E","E","R","T","E","R","?","?","?","R","BOSS","M","?","M","?","?","R","M","R","T","R","COS","R","E","?","R","BOSS","M","COS","?","M","?","E","E","E","T","?","R","M","R","M","R","BOSS","M","M","?","?","?","R","R","R","T","E","?","?"],"items_purchased_type":[],"build_version":"2020-12-22","purchased_purges":1,"victory":false,"max_hp_per_floor":[78,78,78,78,78,78,78,78,78,78,78,78,78,78,78,78,78,78,78,78,78,78,78,78,78,84,84,84,84,89,89,89,89,89,89,89,89,89,89,89,89,89,89,91,91,91,91,91,91,91,91,91,91,91,91,91,91,91,91,91,91,94,92,92],"relic_stats":{"Lizard Tail":48,"Nunchaku":[4],"Happy Flower":[36],"counters":[28,111],"Bird Faced Urn":[30],"Pandora\u0027s Box":["PlaceholderMod:NearChange","PlaceholderMod:Inner","PlaceholderMod:NearChange"],"obtain_stats":[{"PlaceholderMod:Tancle":0,"HonorFeather":18,"vexMod:MemoryStick":41,"AT_ATBox":0,"Dota2Spire:OrchidMalevolence":9,"Dota2Spire:ShadowBlade":10,"Dota2Spire:RefresherOrb":51,"Hallownest:DreamNailRelic":12,"REME_IWantAll":0,"Guardian:PickAxe":0,"Frozen Eye":30,"Lizard Tail":19,"conspire:GlowingRock":42,"Nunchaku":42,"AntiCross":22,"Dota2Spire:AssaultCuirass":40,"NeowsBlessing":0,"Happy Flower":6,"vexMod:BerryBomb":26,"aspiration:HiddenCompartment":5,"Gaze_r":63,"Heaven_r":18,"vexMod:Dragonfruit":30,"Bird Faced Urn":19,"Pandora\u0027s Box":17,"aspiration:SilentSkillbook":34,"LetterFromLob":3,"Garlic":7,"Bottled Lightning":41,"REME_PuzzleBoxRelic":43,"PlaceholderMod:SoulofChaos":60,"InspiredRelic":63,"REME_ComplimentaryCards":0},{"PlaceholderMod:Tancle":0,"HonorFeather":6,"vexMod:MemoryStick":17,"AT_ATBox":0,"Dota2Spire:OrchidMalevolence":3,"Dota2Spire:ShadowBlade":4,"Dota2Spire:RefresherOrb":22,"Hallownest:DreamNailRelic":4,"REME_IWantAll":0,"Guardian:PickAxe":0,"Frozen Eye":10,"Lizard Tail":8,"conspire:GlowingRock":18,"Nunchaku":18,"AntiCross":9,"Dota2Spire:AssaultCuirass":16,"NeowsBlessing":0,"Happy Flower":2,"vexMod:BerryBomb":10,"aspiration:HiddenCompartment":1,"Gaze_r":28,"Heaven_r":7,"vexMod:Dragonfruit":11,"Bird Faced Urn":8,"Pandora\u0027s Box":5,"aspiration:SilentSkillbook":12,"LetterFromLob":1,"Garlic":3,"Bottled Lightning":17,"REME_PuzzleBoxRelic":18,"PlaceholderMod:SoulofChaos":25,"InspiredRelic":27,"REME_ComplimentaryCards":0},{"PlaceholderMod:Tancle":0,"HonorFeather":25,"vexMod:MemoryStick":76,"AT_ATBox":0,"Dota2Spire:OrchidMalevolence":3,"Dota2Spire:ShadowBlade":12,"Dota2Spire:RefresherOrb":102,"Hallownest:DreamNailRelic":12,"REME_IWantAll":0,"Guardian:PickAxe":0,"Frozen Eye":44,"Lizard Tail":38,"conspire:GlowingRock":83,"Nunchaku":85,"AntiCross":42,"Dota2Spire:AssaultCuirass":75,"NeowsBlessing":0,"Happy Flower":2,"vexMod:BerryBomb":44,"aspiration:HiddenCompartment":1,"Gaze_r":111,"Heaven_r":30,"vexMod:Dragonfruit":49,"Bird Faced Urn":38,"Pandora\u0027s Box":20,"aspiration:SilentSkillbook":58,"LetterFromLob":1,"Garlic":3,"Bottled Lightning":82,"REME_PuzzleBoxRelic":85,"PlaceholderMod:SoulofChaos":105,"InspiredRelic":110,"REME_ComplimentaryCards":0}]},"card_choices":[{"not_picked":["PlaceholderMod:SeverePoisonStrike","PlaceholderMod:Sweep"],"picked":"PlaceholderMod:HardStrike","floor":3.0},{"not_picked":["PlaceholderMod:Internalization","PlaceholderMod:Sweep"],"picked":"PlaceholderMod:ConsolidateHit","floor":6.0},{"not_picked":["PlaceholderMod:ThreeBenzyolStart","PlaceholderMod:AttackAsDefend","PlaceholderMod:MultipleOxi"],"picked":"SKIP","floor":7.0},{"not_picked":["PlaceholderMod:TriggerStrike","PlaceholderMod:HardStinger"],"picked":"PlaceholderMod:Eat","floor":10.0},{"not_picked":["PlaceholderMod:FinalSpray","PlaceholderMod:SelfCoupling"],"picked":"PlaceholderMod:InnerSoften","floor":16.0},{"not_picked":["PlaceholderMod:Hyperplasia+1","PlaceholderMod:SprayAttack","PlaceholderMod:Colorful+1"],"picked":"SKIP","floor":20.0},{"not_picked":["PlaceholderMod:HardStrike","PlaceholderMod:DirectingGroup"],"picked":"PlaceholderMod:EvolutionSpray","floor":24.0},{"not_picked":["PlaceholderMod:HardStrike","PlaceholderMod:Stratification","PlaceholderMod:SpinBlade"],"picked":"SKIP","floor":30.0},{"not_picked":["PlaceholderMod:BlastSpray","PlaceholderMod:FinalSpray"],"picked":"PlaceholderMod:MultiReaction","floor":33.0},{"not_picked":["Slice+1","PlaceholderMod:PoisonBlast+1","PlaceholderMod:StressReaction+1"],"picked":"ReplayTheSpireMod:Tripwire+1","floor":35.0},{"not_picked":["PlaceholderMod:ProliferateStrike","PlaceholderMod:PoisonExcitation+1","PlaceholderMod:StrongAcid+1","AT_TwilightShroud+1"],"picked":"SKIP","floor":38.0},{"not_picked":["PlaceholderMod:Polyp","Escape Plan","Backflip","Draining Mist"],"picked":"SKIP","floor":39.0},{"not_picked":["PlaceholderMod:TriggerStrike+1","PlaceholderMod:Sweep+1","A Thousand Cuts","Quick Slash"],"picked":"SKIP","floor":40.0},{"not_picked":["PiercingWail+1","Blade Dance","PlaceholderMod:Eat"],"picked":"AT_ArcaneSupremacy+1","floor":41.0},{"not_picked":["Masterful Stab","Fluid Movement","PlaceholderMod:CycleAttack+1"],"picked":"Calculated Gamble+1","floor":42.0},{"not_picked":["Dodge and Roll","PlaceholderMod:DirectingGroup+1","PlaceholderMod:DiffusionChemical","Underhanded Strike"],"picked":"SKIP","floor":44.0},{"not_picked":["Backflip","Slice","Cloak And Dagger+1"],"picked":"AT_FocusSwordFire","floor":46.0},{"not_picked":["PlaceholderMod:StrongAcid+1","PlaceholderMod:SpinBlade+1","PlaceholderMod:ProliferateStrike+1","Dagger Throw+1"],"picked":"SKIP","floor":48.0},{"not_picked":["Envenom","Atom Bomb","Storm of Steel"],"picked":"PlaceholderMod:Activation","floor":50.0},{"not_picked":["Deflect","conspire:DoublingDagger","Tactician","Dodge and Roll"],"picked":"SKIP","floor":52},{"not_picked":["Outmaneuver","PlaceholderMod:Hyperplasia","PlaceholderMod:RadicalHit","Hidden Blade"],"picked":"SKIP","floor":53},{"not_picked":["Finisher","Sucker Punch","PlaceholderMod:ChainPoly","PlaceholderMod:EvolutionSpray"],"picked":"SKIP","floor":55},{"not_picked":["PlaceholderMod:HighConcentration","Flying Knee","Quick Slash","PlaceholderMod:StressReaction"],"picked":"SKIP","floor":61},{"not_picked":["PlaceholderMod:NearChange","PlaceholderMod:HornyBlast","PiercingWail","PlaceholderMod:DirectingGroup"],"picked":"SKIP","floor":62}],"player_experience":195701,"relics_obtained":[{"floor":3.0,"key":"LetterFromLob"},{"floor":6.0,"key":"Happy Flower"},{"floor":7.0,"key":"Garlic"},{"floor":9.0,"key":"Dota2Spire:OrchidMalevolence"},{"floor":10.0,"key":"Dota2Spire:ShadowBlade"},{"floor":19.0,"key":"Bird Faced Urn"},{"floor":19.0,"key":"Lizard Tail"},{"floor":22.0,"key":"AntiCross"},{"floor":26.0,"key":"vexMod:BerryBomb"},{"floor":30.0,"key":"vexMod:Dragonfruit"},{"floor":40.0,"key":"Dota2Spire:AssaultCuirass"},{"floor":41.0,"key":"Bottled Lightning"},{"floor":42.0,"key":"Nunchaku"},{"floor":43.0,"key":"REME_PuzzleBoxRelic"},{"floor":60,"key":"PlaceholderMod:SoulofChaos"}],"event_choices":[],"is_beta":false,"boss_relics":[{"not_picked":["Velvet Choker","aspiration:RunicSpoon"],"picked":"Pandora\u0027s Box"},{"not_picked":["Honey Jar","Painkiller Herb"],"picked":"aspiration:SilentSkillbook"},{"not_picked":["Replay:Ancient Bell","Philosopher\u0027s Stone"],"picked":"Dota2Spire:RefresherOrb"}],"items_purged_floors":[4],"is_endless":true,"potions_floor_spawned":[7,16,18,24,39,42,46,48,52,55,62],"killed_by":"Gensokyo:Kitsune","ascension_level":0}}