{"host":"zm2copjc1o2b6hjv","time":1609115766,"event":{"mods":["AchievementEnabler","BaseMod","BetterRewards","Conspire","Downfall","Friendly Minions","Infinite Spire","Minty Spire (QoL Compilation)","Replay The Spire","StSLib"],"gold_per_floor":[110,60,64,81,81,81,94,94,94,94,94,114,114,133,133,229,229,243,261,261,114,114,139,209,224,224,254,319,369,369,162,162,260,260,279,341,391,441,491,491,556,566,566,585,585,585],"floor_reached":45,"playtime":2625,"items_purged":["Decay"],"score":562,"play_id":"3eba86b5-5411-4025-b03d-01782ad9556a","local_time":"20201227193606","is_ascension_mode":true,"campfire_choices":[{"data":"expansioncontent:Collect","floor":6.0,"key":"SMITH"},{"data":"Crystallizer","floor":8.0,"key":"SMITH"},{"floor":10.0,"key":"RECALL"},{"floor":15.0,"key":"REST"},{"floor":30.0,"key":"REST"},{"floor":32,"key":"REST"},{"data":"ReplayTheSpireMod:Chaos Vortex","floor":40,"key":"SMITH"}],"circlet_count":0,"master_deck":["Strike_B","Strike_B","Defend_B","Defend_B","Defend_B","Zap","Dualcast","expansioncontent:Collect+1","conspire:SharedLibrary","Thunder Strike","Melter","Sunder+1","Crystallizer+1","Static Discharge","ReplayTheSpireMod:Chaos Vortex+1","Undo","Echo Form","Stack+1","expansioncontent:Collect+1","ReplayTheSpireMod:Black Plague","Conserve Battery+1","Undo","Hyperbeam","Turbo+1","Doom and Gloom","Madness","Madness","FIFO Queue+1","ReplayTheSpireMod:Repulse+1"],"relics":["FrozenCore","Guardian:BottledAnomaly","conspire:IceCreamScoop","ReplayTheSpireMod:CursedCoin","DollysMirror","SsserpentHead","conspire:TopHat","PreservedInsect","Vajra","infinitespire:ShieldingShard","infinitespire:Cupcake","Bottled Tornado","Cables"],"acts_visited":["Exordium","TheCity","TheBeyond"],"potions_floor_usage":[33,41,45],"damage_taken":[{"damage":0.0,"enemies":"2 Louse","floor":1.0,"turns":4.0},{"damage":0.0,"enemies":"Small Slimes","floor":4.0,"turns":3.0},{"damage":7.0,"enemies":"Jaw Worm","floor":7.0,"turns":3.0},{"damage":1.0,"enemies":"Gremlin Gang","floor":12.0,"turns":3.0},{"damage":0.0,"enemies":"Looter","floor":14.0,"turns":2.0},{"damage":10.0,"enemies":"Hexaghost","floor":16.0,"turns":11.0},{"damage":0.0,"enemies":"3 Byrds","floor":18.0,"turns":7.0},{"damage":0.0,"enemies":"Spheric Guardian","floor":19.0,"turns":5.0},{"damage":10.0,"enemies":"Nightmare","floor":23.0,"turns":10.0},{"damage":0.0,"enemies":"Cultist and Chosen","floor":24.0,"turns":7.0},{"damage":0.0,"enemies":"Snake Plant","floor":25.0,"turns":4.0},{"damage":29.0,"enemies":"Slavers","floor":27.0,"turns":6.0},{"damage":3.0,"enemies":"Chosen and Byrds","floor":28.0,"turns":8.0},{"damage":11,"enemies":"conspire:MysteriousRune","floor":33,"turns":9},{"damage":0,"enemies":"3 Shapes","floor":35,"turns":6},{"damage":8,"enemies":"3 Darklings","floor":36,"turns":5},{"damage":17,"enemies":"Transient","floor":41,"turns":5},{"damage":0,"enemies":"Spire Growth","floor":42,"turns":6},{"damage":0,"enemies":"Maw","floor":44,"turns":9},{"damage":41,"enemies":"Giant Head","floor":45,"turns":10}],"seed_played":"8426990898398830539","potions_obtained":[{"floor":1.0,"key":"hexamod:EctoCoolerPotion"},{"floor":7.0,"key":"LifebloodPotion"},{"floor":12.0,"key":"Flashbang"},{"floor":16.0,"key":"sneckomod:MuddlingPotion"},{"floor":19.0,"key":"FearPotion"},{"floor":25.0,"key":"Languid Potion"},{"floor":28.0,"key":"ColorlessPotion"},{"floor":36,"key":"GamblersBrew"},{"floor":42,"key":"GamblersBrew"}],"is_trial":false,"path_per_floor":["M","?","$","M","?","R","M","R","T","R","?","M","?","M","R","B",null,"M","M","?","$","?","NM","M","M","T","E","M","?","R","$","R","B",null,"M","M","?","T","?","R","M","M","T","M","E"],"character_chosen":"DEFECT","items_purchased":["expansioncontent:Collect","Guardian:BottledAnomaly","ReplayTheSpireMod:CursedCoin","Thunder Strike","DollysMirror","infinitespire:ShieldingShard"],"campfire_rested":3,"item_purchase_floors":[0,0,3,3,21,31],"current_hp_per_floor":[75,75,75,75,75,75,68,68,68,68,61,60,43,43,65,55,75,75,75,69,69,69,59,59,59,59,30,27,27,49,49,71,60,75,75,67,67,67,58,58,41,41,41,41,0,0],"gold":585,"neow_bonus":"","is_daily":false,"chose_seed":false,"campfire_upgraded":3,"win_rate":0.0,"timestamp":1609115766,"path_taken":["M","?","$","M","?","R","M","R","T","R","?","M","?","?","R","BOSS","M","?","?","?","?","NM","?","M","T","E","?","?","R","?","R","BOSS","M","?","?","?","?","R","?","M","T","M","E"],"items_purchased_type":["Card","Relic","Relic","Card","Relic","Relic"],"build_version":"2020-12-22","purchased_purges":1,"victory":false,"max_hp_per_floor":[75,75,75,75,75,75,75,75,75,75,75,75,75,75,75,75,75,75,75,75,75,75,75,75,75,75,75,75,75,75,75,75,75,75,75,75,75,75,75,75,75,75,75,75,75,75],"card_choices":[{"not_picked":["Panic Button","Blizzard"],"picked":"conspire:SharedLibrary","floor":1.0},{"not_picked":["Cold Snap","Compile Driver"],"picked":"Melter","floor":4.0},{"not_picked":["Go for the Eyes","Double Energy"],"picked":"Crystallizer","floor":7.0},{"not_picked":["Go for the Eyes","Stack"],"picked":"Static Discharge","floor":12.0},{"not_picked":["infinitespire:UltimateForm","infinitespire:Collect"],"picked":"ReplayTheSpireMod:Chaos Vortex","floor":13.0},{"not_picked":["Leap","Sunder"],"picked":"Undo","floor":14.0},{"not_picked":["Hyperbeam","ReplayRNGCard"],"picked":"Echo Form","floor":16.0},{"not_picked":["Ball Lightning","Streamline+1"],"picked":"Stack+1","floor":18.0},{"not_picked":["Hologram","Streamline+1","Leap"],"picked":"SKIP","floor":19.0},{"not_picked":["infinitespire:NeuralNetwork","ReplayTheSpireMod:Book of Names"],"picked":"ReplayTheSpireMod:Black Plague","floor":23.0},{"not_picked":["BasicCrystalCard+1","Double Energy","ReplaySort"],"picked":"SKIP","floor":23.0},{"not_picked":["Steam","Storm"],"picked":"Conserve Battery+1","floor":24.0},{"not_picked":["White Noise","Leap"],"picked":"Undo","floor":25.0},{"not_picked":["Beam Cell","Coolheaded","Glacier"],"picked":"SKIP","floor":27.0},{"not_picked":["Redo","Rebound","Barrage"],"picked":"SKIP","floor":28.0},{"not_picked":["Core Surge","Creative AI"],"picked":"Hyperbeam","floor":33},{"not_picked":["BasicCrystalCard+1","Barrage+1"],"picked":"Turbo+1","floor":35},{"not_picked":["Beam Cell+1","Leap+1"],"picked":"Doom and Gloom","floor":36},{"not_picked":["Hologram+1","BasicCrystalCard","Barrage"],"picked":"SKIP","floor":41},{"not_picked":["Sweeping Beam+1","Ball Lightning+1"],"picked":"FIFO Queue+1","floor":42},{"not_picked":["BasicCrystalCard+1","Streamline"],"picked":"ReplayTheSpireMod:Repulse+1","floor":44}],"player_experience":188873,"relics_obtained":[{"floor":23.0,"key":"conspire:TopHat"},{"floor":26.0,"key":"PreservedInsect"},{"floor":27.0,"key":"Vajra"},{"floor":38,"key":"Bottled Tornado"},{"floor":43,"key":"Cables"}],"event_choices":[{"cards_removed":["Strike_B"],"damage_healed":0.0,"max_hp_gain":0.0,"max_hp_loss":0.0,"gold_gain":0.0,"event_name":"The Cleric","player_choice":"Card Removal","floor":2.0,"gold_loss":50.0,"damage_taken":0.0},{"cards_removed":["Strike_B"],"damage_healed":0.0,"max_hp_gain":0.0,"max_hp_loss":0.0,"gold_gain":0.0,"event_name":"Golden Wing","player_choice":"Card Removal","floor":11.0,"gold_loss":0.0,"damage_taken":7.0},{"damage_healed":0.0,"max_hp_gain":0.0,"max_hp_loss":0.0,"gold_gain":0.0,"event_name":"Knowing Skull","player_choice":"","floor":20.0,"potions_obtained":[],"gold_loss":0.0,"damage_taken":6.0,"cards_obtained":[]},{"damage_healed":0.0,"max_hp_gain":0.0,"max_hp_loss":0.0,"gold_gain":0.0,"event_name":"FaceTrader","player_choice":"Trade","floor":22.0,"gold_loss":0.0,"damage_taken":0.0,"relics_obtained":["SsserpentHead"]},{"damage_healed":0.0,"max_hp_gain":0.0,"max_hp_loss":0.0,"gold_gain":0.0,"event_name":"Vampires","player_choice":"Ignored","floor":29.0,"gold_loss":0.0,"damage_taken":0.0},{"damage_healed":0,"gold_gain":0,"player_choice":"Embrace Madness","damage_taken":9,"max_hp_gain":0,"max_hp_loss":0,"event_name":"Winding Halls","floor":39,"gold_loss":0,"cards_obtained":["Madness","Madness"]}],"is_beta":false,"boss_relics":[{"not_picked":["Pandora\u0027s Box","Fusion Hammer"],"picked":"FrozenCore"},{"not_picked":["Snecko Eye","Velvet Choker"],"picked":"infinitespire:Cupcake"}],"items_purged_floors":[3],"is_endless":true,"potions_floor_spawned":[1,7,12,16,19,25,28,36,42],"killed_by":"Giant Head","ascension_level":3}}