{"host":"grli52lbdph2722t","time":1609185596,"event":{"mods":["AchievementEnabler","BaseMod","Downfall","Minty Spire (QoL Compilation)","Quick Restart","StSLib"],"gold_per_floor":[99,119,139,150,160,160,160,160],"floor_reached":6,"playtime":312,"items_purged":[],"score":57,"play_id":"0ff442b7-2f5d-4eaa-9e1d-16b20ea6c76d","local_time":"20201228205956","is_ascension_mode":true,"campfire_choices":[{"data":"champ:Taunt","floor":1,"key":"SMITH"}],"circlet_count":0,"master_deck":["AscendersBane","champ:Strike","champ:Strike","champ:Strike","champ:Strike","champ:Defend","champ:Defend","champ:Defend","champ:Defend","champ:Execute","champ:Taunt+1","CurseOfTheBell","champ:FocusedGladiator","champ:GutPunch","champ:ArenaPreparation","champ:Balance"],"relics":["Calling Bell","Ancient Tea Set","champ:SpectersHand","Guardian:GemstoneGun"],"acts_visited":["Exordium"],"potions_floor_usage":[6],"damage_taken":[{"damage":33,"enemies":"Cultist","floor":2,"turns":6},{"damage":16,"enemies":"Jaw Worm","floor":3,"turns":4},{"damage":15,"enemies":"2 Louse","floor":4,"turns":2},{"damage":19,"enemies":"Exordium Wildlife","floor":5,"turns":4},{"damage":47,"enemies":"Lagavulin","floor":6,"turns":5}],"seed_played":"-3614338548137916557","potions_obtained":[{"floor":5,"key":"AttackPotion"}],"is_trial":false,"path_per_floor":["R","M","M","M","M","E"],"character_chosen":"THE_CHAMP","items_purchased":[],"campfire_rested":0,"item_purchase_floors":[],"current_hp_per_floor":[81,58,47,37,31,0,0,0],"gold":160,"neow_bonus":"BOSS_RELIC","is_daily":false,"chose_seed":false,"campfire_upgraded":1,"win_rate":0.0,"timestamp":1609185596,"path_taken":["R","M","?","M","M","E"],"items_purchased_type":[],"build_version":"2020-12-22","purchased_purges":0,"victory":false,"max_hp_per_floor":[90,90,90,90,90,90,90,90],"card_choices":[{"not_picked":["champ:FightOn","champ:BringItOn"],"picked":"champ:FocusedGladiator","floor":2},{"not_picked":["champ:DefensiveShout","champ:BerserkersShout"],"picked":"champ:GutPunch","floor":3},{"not_picked":["champ:GladiatorsShout","champ:StanceDance"],"picked":"champ:ArenaPreparation","floor":4},{"not_picked":["champ:CrookedStrike","champ:EnchantSword"],"picked":"champ:Balance","floor":5}],"player_experience":4897303,"relics_obtained":[{"floor":0,"key":"Ancient Tea Set"},{"floor":0,"key":"champ:SpectersHand"},{"floor":0,"key":"Guardian:GemstoneGun"}],"event_choices":[],"is_beta":false,"boss_relics":[],"items_purged_floors":[],"is_endless":false,"potions_floor_spawned":[5],"killed_by":"Lagavulin","ascension_level":10}}