{"host":"lvglfvqy3xrupc2a","time":1609144916,"event":{"mods":["Act Like it!","Aspiration","BaseMod","Better Altar","Better Match","Better Note","Better Sensory Stone","Better Skull","Better Third Choice","BetterRewards","Conspire","Friendly Minions","Gensokyo","Grow up Mod","Hallownest","Hubris","HumanHunterMod(????mod)","Humility","Infinite Spire","Mimic Mod","Minty Spire (QoL Compilation)","MostiFishMod","Pale of the Ancients","Remove Card Discount Mod","Replay The Spire","Reworked Bosses","Spicy Shops","StSLib","The Blue Laboratory","The Factory","The Saiyan","Uncapped","Wandering Minibosses","[IsaacMod]????","vexMod"],"gold_per_floor":[90,108,128,58,76,109,109,135,209,279,279,279,64,64,64,136,136,149,166,184,134,320,497,497,545,545,349,349,366,382,412,412,491,491,584,627,627,547,591,658,658,707,744,744,802,884,923,566,616,622,642,696,790,861,642,651,760,769,39,39,119],"floor_reached":62,"playtime":7112,"items_purged":["Pain","conspire:SpireCoStock","vexMod:UltimateCard","conspire:NecroticWound","Shame","Saiyan:SenzuBean+1"],"score":2881,"play_id":"5791901a-ee2a-46ca-ae8b-8df61a31e5f7","local_time":"20201228024156","is_ascension_mode":true,"campfire_choices":[{"data":"Saiyan:UltraInstinct","floor":11.0,"key":"SMITH"},{"data":"Saiyan:SenzuBean","floor":24.0,"key":"SMITH"},{"data":"Saiyan:GenkiDama","floor":41.0,"key":"SMITH"},{"data":"Saiyan:LastResort","floor":44.0,"key":"SMITH"},{"data":"Saiyan:TurtleShell","floor":49.0,"key":"SMITH"},{"floor":56,"key":"REST"},{"floor":58,"key":"REST"}],"circlet_count":0,"master_deck":["AscendersBane","Saiyan:SAIYA_Strike","Saiyan:SAIYA_Strike","Saiyan:SAIYA_Strike","Saiyan:SAIYA_Strike","Saiyan:SAIYA_Defend","Saiyan:SAIYA_Defend","Saiyan:SAIYA_Defend","Saiyan:SAIYA_Defend","Saiyan:EnergyBlast","Saiyan:KaioKen+1","Saiyan:RuthlessBlow","Saiyan:PowerUp","Saiyan:SuperSaiyanForm+1","Saiyan:KameHameHa+1","Saiyan:UltraInstinct+1","Saiyan:ExpandingShockwave","Saiyan:Quickening","Saiyan:Flurry","Saiyan:TurtleShell+1","Saiyan:GhostAttack+1","Saiyan:Fly+1","Saiyan:MeteorDash","Saiyan:MeteorDash","Saiyan:Furor","Saiyan:KiExplosion+1","Saiyan:LastResort+1","Saiyan:DoubleMasenko","Saiyan:ConcussiveBlow","Saiyan:CCCapsule","Saiyan:PowerUp","Saiyan:Rekindle+1","Saiyan:GhostAttack+1","Saiyan:GenkiDama+1","Saiyan:KameHameHa+1","Saiyan:SuperSaiyanForm+1","Hallownest:attackMasterDashSlash","Saiyan:PowerStance+1","Saiyan:BurningSoul+1","Saiyan:Quickening+1","Saiyan:ConcussiveBlow","Saiyan:Flurry","Saiyan:SaiyanHubris","Saiyan:Makankosappo","Saiyan:TurtleShell+1","Saiyan:Planning+1","Saiyan:ReverberatingForce","Saiyan:SuperSaiyanForm+1","Saiyan:Scouter+1","Saiyan:Makankosappo+1","Saiyan:MajinSeal+1","Saiyan:SoulSpice+1","Saiyan:KiExplosion+1"],"relics":["SaiyanSoul","SaiyanHeart","HushsDoor","DaveBox","BookofShadows","SynthV:TestCard","Hallownest:StagBellRelic1","hubris:GlazedTorus","hubris:MobiusCoin","Simple Rune","TheBean","Technique","aspiration:ArtOfWarUpgrade","Replay:Baseball","ChewingGum","wanderingMiniBosses:Inkheart","aspiration:TomeofQuesting","Dream Catcher","Nunchaku","hubris:SlimyHat","Replay:Mystery Machine","infinitespire:Satchel","Bag of Marbles","infinitespire:BottledMercury","War Paint","hubris:Icosahedron","HowToJump","vexMod:FocusSash","Juzu Bracelet","Blood Vial","Replay:Bandana","Replay:Ancient Bell","Potion Belt","Frozen Egg 2","ArrowTower","vexMod:MemoryStick","infinitespire:Lucky Rock","Oddly Smooth Stone","aspiration:FrozenJewel","Centennial Puzzle","Question Card","infinitespire:CursedDice","aspiration:Lifesprig","CeramicFish","ReplayFunnel","Shuriken","paleoftheancients:Timepiece","paleoftheancients:KeyRelic","Bag of Preparation","paleoftheancients:SoulOfTheWatcher","Replay:Wax Seal","hubris:TenFootPole","Guide Book","BookOfRevelations","Pet Ghost","infinitespire:ShieldingShard","InkBottle"],"acts_visited":["Exordium","Hallownest:Greenpath","Hallownest:CityofTears","Hallownest:KingdomsEdge"],"potions_floor_usage":[53,53,61],"damage_taken":[{"damage":1.0,"enemies":"Hallownest:monsterHuskWarrior","floor":1.0,"turns":4.0},{"damage":0.0,"enemies":"Hallownest:2_Baldur","floor":2.0,"turns":5.0},{"damage":0.0,"enemies":"Hallownest:monsterHuskGuard","floor":3.0,"turns":7.0},{"damage":1.0,"enemies":"Hallownest:Wandering_and_Horned","floor":5.0,"turns":6.0},{"damage":31.0,"enemies":"Hallownest:eliteVengeflyKing","floor":6.0,"turns":16.0},{"damage":18.0,"enemies":"Hallownest:eliteCrystalGuardian","floor":8.0,"turns":7.0},{"damage":0.0,"enemies":"Hallownest:monsterAspidMother","floor":10.0,"turns":3.0},{"damage":22.0,"enemies":"Hallownest:BossHornet","floor":16.0,"turns":11.0},{"damage":59.0,"enemies":"Hallownest:2_Mistakes","floor":18.0,"turns":21.0},{"damage":13.0,"enemies":"Hallownest:3_Youths","floor":19.0,"turns":12.0},{"damage":59.0,"enemies":"Hallownest:monsterShrumalOgre","floor":20.0,"turns":10.0},{"damage":14.0,"enemies":"Hallownest:Nosk","floor":23.0,"turns":14.0},{"damage":30.0,"enemies":"Nightmare","floor":25.0,"turns":12.0},{"damage":1.0,"enemies":"Hallownest:3_Mistakes","floor":29.0,"turns":6.0},{"damage":12.0,"enemies":"Hallownest:Warrior_and_Youth","floor":30.0,"turns":4.0},{"damage":7.0,"enemies":"Hallownest:eliteWatcherKnight","floor":31.0,"turns":13.0},{"damage":52.0,"enemies":"Hallownest:BossMantisLord","floor":33.0,"turns":8.0},{"damage":8.0,"enemies":"Hallownest:Shield_Heavy","floor":35.0,"turns":6.0},{"damage":5.0,"enemies":"Hallownest:2_Littles","floor":36.0,"turns":5.0},{"damage":12.0,"enemies":"Hallownest:2_Soldiers_and_1_Guardian","floor":39.0,"turns":6.0},{"damage":16.0,"enemies":"Hallownest:StalkingDevout","floor":40.0,"turns":5.0},{"damage":56.0,"enemies":"Hallownest:eliteHiveKnight","floor":42.0,"turns":9.0},{"damage":9.0,"enemies":"Hallownest:2_Wandering_and_1_Horned","floor":43.0,"turns":13.0},{"damage":9.0,"enemies":"Hallownest:2_Wandering_and_1_Horned","floor":45.0,"turns":5.0},{"damage":0.0,"enemies":"Hallownest:Shield_Sturdy","floor":46.0,"turns":7.0},{"damage":14.0,"enemies":"Hallownest:monsterPrimalAspid","floor":47.0,"turns":3.0},{"damage":24.0,"enemies":"Hallownest:BossGreyPrinceZote","floor":50.0,"turns":14.0},{"damage":20.0,"enemies":"Hallownest:Radiance","floor":51.0,"turns":12.0},{"damage":313,"enemies":"Hallownest:Radiance","floor":52,"turns":13},{"damage":328,"enemies":"Hallownest:Radiance","floor":53,"turns":9},{"damage":0,"enemies":"conspire:MimicChest","floor":54,"turns":8},{"damage":27,"enemies":"conspire:MimicChest","floor":57,"turns":12},{"damage":36,"enemies":"paleoftheancients:N","floor":61,"turns":6}],"seed_played":"-3684292506110826944","potions_obtained":[{"floor":2.0,"key":"blueLaboratory:HorrorPotion"},{"floor":3.0,"key":"blueLaboratory:FruitPreserves"},{"floor":8.0,"key":"Reflective Coating"},{"floor":10.0,"key":"Ancient Potion"},{"floor":40.0,"key":"Elixir"},{"floor":47.0,"key":"EntropicBrew"},{"floor":52,"key":"LiquidBronze"}],"is_trial":false,"path_per_floor":["M","M","M","?","M","E","?","E","T","M","R","T","$","?","R","B",null,"M","M","M","?","?","E","R","NM","T","$","?","M","M","E","R","B",null,"M","M","?","?","M","E","R","E","MIM","R","M","M","M","$","R","B","B","M","M","?","$","R","M","R","$","?","B",null],"character_chosen":"SAIYAJIN","items_purchased":["Saiyan:TurtleShell","Technique","Saiyan:SenzuBean","War Paint","Saiyan:DoubleMasenko","Saiyan:GhostAttack","Saiyan:GenkiDama","Shuriken","Saiyan:TurtleShell+1","Saiyan:Planning+1","Guide Book","Saiyan:Makankosappo+1","Pet Ghost","infinitespire:ShieldingShard","InkBottle"],"campfire_rested":2,"item_purchase_floors":[13,13,17,27,27,34,34,48,48,48,55,55,59,59,59],"current_hp_per_floor":[74,85,96,106,118,99,109,102,112,123,133,143,153,67,77,66,204,157,156,108,118,128,125,135,116,126,136,146,156,156,159,169,131,350,355,363,373,383,385,385,395,353,358,368,376,389,390,400,410,400,558,259,116,129,139,345,331,544,554,564,541],"gold":119,"neow_bonus":"TEN_PERCENT_HP_BONUS","is_daily":false,"chose_seed":false,"campfire_upgraded":5,"win_rate":0.0,"timestamp":1609144916,"path_taken":["M","M","M","?","M","E","?","E","T","?","R","?","$","?","R","BOSS","M","M","M","?","?","E","R","NM","T","$","?","M","M","E","R","BOSS","M","M","?","?","M","E","R","E","MIM","R","M","M","M","$","R","BOSS","BOSS","M","M","?","$","R","M","R","$","?","BOSS"],"items_purchased_type":["Card","Relic","Card","Relic","Card","Card","Card","Relic","Card","Card","Relic","Card","Relic","Relic","Relic"],"build_version":"2020-12-22","purchased_purges":6,"victory":true,"max_hp_per_floor":[80,91,102,112,125,137,147,158,168,179,189,199,209,219,229,240,246,258,270,281,291,301,312,322,333,343,353,363,374,386,396,406,418,420,431,442,452,462,474,488,498,510,522,532,547,558,571,581,591,603,613,625,635,646,656,666,677,687,697,707,718],"card_choices":[{"not_picked":["Saiyan:Reset","Saiyan:CCCapsule"],"picked":"Saiyan:PowerUp","floor":1.0},{"not_picked":["Saiyan:Scouter","Saiyan:DragonFist","Saiyan:Planning","Saiyan:Quickening"],"picked":"Saiyan:SuperSaiyanForm","floor":2.0},{"not_picked":["Saiyan:ExpandingShockwave","Saiyan:SaiyanHubris","Saiyan:PressOn","Saiyan:DrainingStrike"],"picked":"Saiyan:KameHameHa","floor":3.0},{"not_picked":["Saiyan:PowerPole","Saiyan:Reset","Saiyan:MindBoom","Saiyan:BigBangAttack"],"picked":"Saiyan:UltraInstinct","floor":5.0},{"not_picked":["Saiyan:Twize","Saiyan:Medicine","Saiyan:FingerParry","Saiyan:Afterimage"],"picked":"Saiyan:ExpandingShockwave","floor":6.0},{"not_picked":["Saiyan:Twize","Saiyan:Honing","Saiyan:Endure","Saiyan:DoubleMasenko"],"picked":"Saiyan:Quickening","floor":8.0},{"not_picked":["Saiyan:Fly","Saiyan:MeteorDash","Saiyan:SuperSaiyanForm","Saiyan:BigBangAttack"],"picked":"Saiyan:Flurry","floor":10.0},{"not_picked":["Saiyan:SuperSaiyanThree","Saiyan:Momentum","Saiyan:TransfigurationBeam","Saiyan:HyperTimeChamber"],"picked":"Saiyan:GhostAttack","floor":16.0},{"not_picked":["Saiyan:TurtleShell","Saiyan:Flurry","Saiyan:PowerPole","Saiyan:ReverberatingForce"],"picked":"Saiyan:Fly+1","floor":18.0},{"not_picked":["Saiyan:PowerUp","Saiyan:BackAttack","Saiyan:MajinSeal","Saiyan:SaiyanHubris"],"picked":"Saiyan:MeteorDash","floor":19.0},{"not_picked":["Saiyan:Expend","Saiyan:RemoveWeights","Saiyan:PowerUp","Saiyan:PowerPole"],"picked":"Saiyan:MeteorDash","floor":20.0},{"not_picked":["Saiyan:RemoveWeights","Saiyan:PlotArmor","Saiyan:Reset","Saiyan:Endure"],"picked":"Saiyan:Furor","floor":22.0},{"not_picked":["Saiyan:FingerParry","Saiyan:SuperSaiyanThree","Saiyan:Afterimage","Saiyan:SaiyanHubris"],"picked":"Saiyan:KiExplosion+1","floor":23.0},{"not_picked":["Saiyan:RemoveWeights","Saiyan:Flurry","Saiyan:PlotArmor","Saiyan:BackAttack"],"picked":"Saiyan:LastResort","floor":25.0},{"not_picked":["Saiyan:Planning","Saiyan:UltraInstinct","Saiyan:RemoveWeights+1","Saiyan:HyperTimeChamber"],"picked":"Saiyan:ConcussiveBlow","floor":29.0},{"not_picked":["Saiyan:PlotArmor","Saiyan:RemoveWeights","Saiyan:KameHameHa+1","Saiyan:Fly"],"picked":"Saiyan:CCCapsule","floor":30.0},{"not_picked":["Saiyan:Fly","Saiyan:SpiritSword","Saiyan:Pacing+1","Saiyan:CCCapsule"],"picked":"Saiyan:PowerUp","floor":31.0},{"not_picked":["Saiyan:TheBomb","Saiyan:GhostAttack","Saiyan:SolarFlare","Saiyan:MajinSeal"],"picked":"Saiyan:Rekindle","floor":33.0},{"not_picked":["hubris:Envy","ReplayTheSpireMod:Splinters","Gensokyo:ImpossibleRequest","hubris:Lust"],"picked":"vexMod:UltimateCard","floor":34.0},{"not_picked":["ReplayTheSpireMod:Doomed","Gensokyo:AllTheWorldsEvil","ReplayTheSpireMod:Restless Dread","hubris:Disease"],"picked":"Shame","floor":34.0},{"not_picked":["Voices","Hallownest:curseDreamersLament","hubris:Greed","Normality"],"picked":"conspire:NecroticWound","floor":34.0},{"not_picked":["Saiyan:RemoveWeights","Saiyan:BackAttack+1","Saiyan:SaiyanHubris+1","Saiyan:KiExplosion"],"picked":"Saiyan:KameHameHa+1","floor":35.0},{"not_picked":["Saiyan:Expend","Saiyan:GhostAttack","Saiyan:SaiyanHubris","Saiyan:AugmentedBlast+1"],"picked":"Saiyan:SuperSaiyanForm+1","floor":36.0},{"not_picked":["Saiyan:Scouter","Saiyan:Twize","Saiyan:BackAttack","Saiyan:DragonFist+1"],"picked":"Saiyan:PowerStance+1","floor":39.0},{"not_picked":["Saiyan:FingerParry","Saiyan:MonkeyTail+1","Saiyan:RemoveWeights","Saiyan:SoulSpice+1"],"picked":"Saiyan:BurningSoul+1","floor":40.0},{"not_picked":["Saiyan:MeteorDash","Saiyan:PlotArmor+1","Saiyan:TurtleShell+1","Saiyan:BackAttack"],"picked":"Saiyan:Quickening+1","floor":42.0},{"not_picked":["Saiyan:KameHameHa+1","Saiyan:DrainingStrike","Saiyan:DragonFist","Saiyan:Taunt+1","Saiyan:Scouter"],"picked":"Saiyan:ConcussiveBlow","floor":43.0},{"not_picked":["Saiyan:SaiyanHubris","Saiyan:Pacing","Saiyan:MeteorDash","Saiyan:PowerStance+1","Saiyan:LastResort"],"picked":"Saiyan:Flurry","floor":45.0},{"not_picked":["Saiyan:MeteorDash+1","Saiyan:MindBoom","Saiyan:KameHameHa","Saiyan:FingerParry+1","Saiyan:BurningSoul+1"],"picked":"Saiyan:SaiyanHubris","floor":46.0},{"not_picked":["Saiyan:Quickening","Saiyan:DrainingStrike","Saiyan:Furor+1","Saiyan:BigBangAttack","Saiyan:BackAttack"],"picked":"Saiyan:Makankosappo","floor":47.0},{"not_picked":["Saiyan:PlotArmor+1","Saiyan:BackAttack+1","Saiyan:Twize+1","Saiyan:DrainingStrike","Saiyan:ExtremeSpeed+1"],"picked":"Saiyan:ReverberatingForce","floor":52},{"not_picked":["Saiyan:BigBangAttack","Saiyan:FingerParry","Saiyan:DoubleMasenko","Saiyan:Afterimage","Saiyan:SaiyanHubris"],"picked":"Saiyan:SuperSaiyanForm+1","floor":53},{"not_picked":["Saiyan:DoubleMasenko+1","Saiyan:PlotArmor+1","Saiyan:Planning","Saiyan:BackAttack","Saiyan:FinalFlash"],"picked":"Saiyan:Scouter+1","floor":54},{"not_picked":["Saiyan:Afterimage","Saiyan:ReverberatingForce","Saiyan:PlotArmor+1","Saiyan:Planning","Saiyan:BackAttack"],"picked":"Saiyan:MajinSeal+1","floor":56},{"not_picked":["Saiyan:PowerPole","Saiyan:Expend+1","Saiyan:Twize+1","Saiyan:ExtremeSpeed+1","Saiyan:RemoveWeights"],"picked":"Saiyan:SoulSpice+1","floor":57},{"not_picked":["Saiyan:DragonFist+1","Saiyan:RemoveWeights+1","Saiyan:FinalFlash","Saiyan:Pacing+1","Saiyan:Teleport"],"picked":"Saiyan:KiExplosion+1","floor":58}],"player_experience":1304824,"relics_obtained":[{"floor":1.0,"key":"SynthV:TestCard"},{"floor":6.0,"key":"hubris:GlazedTorus"},{"floor":8.0,"key":"hubris:MobiusCoin"},{"floor":9.0,"key":"Simple Rune"},{"floor":12.0,"key":"TheBean"},{"floor":18.0,"key":"wanderingMiniBosses:Inkheart"},{"floor":18.0,"key":"aspiration:TomeofQuesting"},{"floor":19.0,"key":"Dream Catcher"},{"floor":20.0,"key":"Nunchaku"},{"floor":23.0,"key":"hubris:SlimyHat"},{"floor":23.0,"key":"Replay:Mystery Machine"},{"floor":25.0,"key":"infinitespire:Satchel"},{"floor":25.0,"key":"Bag of Marbles"},{"floor":26.0,"key":"infinitespire:BottledMercury"},{"floor":29.0,"key":"HowToJump"},{"floor":30.0,"key":"vexMod:FocusSash"},{"floor":31.0,"key":"Juzu Bracelet"},{"floor":31.0,"key":"Blood Vial"},{"floor":33.0,"key":"Replay:Bandana"},{"floor":35.0,"key":"vexMod:MemoryStick"},{"floor":36.0,"key":"infinitespire:Lucky Rock"},{"floor":39.0,"key":"Oddly Smooth Stone"},{"floor":40.0,"key":"aspiration:FrozenJewel"},{"floor":42.0,"key":"Centennial Puzzle"},{"floor":42.0,"key":"Question Card"},{"floor":43.0,"key":"infinitespire:CursedDice"},{"floor":43.0,"key":"aspiration:Lifesprig"},{"floor":45.0,"key":"CeramicFish"},{"floor":46.0,"key":"ReplayFunnel"},{"floor":52,"key":"Bag of Preparation"},{"floor":53,"key":"paleoftheancients:SoulOfTheWatcher"},{"floor":54,"key":"Replay:Wax Seal"},{"floor":54,"key":"hubris:TenFootPole"},{"floor":57,"key":"BookOfRevelations"}],"event_choices":[{"damage_healed":0.0,"max_hp_gain":0.0,"max_hp_loss":0.0,"gold_gain":0.0,"event_name":"betterSkull:BetterSkull","player_choice":"RE RE ","floor":14.0,"gold_loss":0.0,"damage_taken":100.0,"cards_upgraded":[],"relics_obtained":["Art of War","Replay:Baseball"]},{"damage_healed":0.0,"max_hp_gain":0.0,"max_hp_loss":0.0,"gold_gain":0.0,"event_name":"conspire:Investor","player_choice":"Invest 1","floor":21.0,"gold_loss":0.0,"damage_taken":0.0}],"is_beta":false,"boss_relics":[{"not_picked":["RhineCircuit","aspiration:SilentSkillbook"],"picked":"ChewingGum"},{"not_picked":[]},{"not_picked":["conspire:SlowCooker","NightmareShop"],"picked":"Replay:Ancient Bell"},{"not_picked":["Strawberry","conspire:TopHat"],"picked":"Potion Belt"},{"not_picked":["DeathBook","Toxic Egg 2"],"picked":"Frozen Egg 2"},{"not_picked":["ForgetMeNow","Unceasing Top"],"picked":"ArrowTower"},{"not_picked":[]}],"items_purged_floors":[27,27,48,48,48,59],"is_endless":false,"potions_floor_spawned":[2,3,8,10,18,30,33,40,47,52],"ascension_level":20}}