{"host":"qm4rv4rkpk76sbxu","time":1609179898,"event":{"mods":["BaseMod","Bestiary","Block Reminder","DeckTracker","Filter the Spire","Keyboard Shortcuts","Minty Spire (QoL Compilation)","MonsterHotkey","Potion Indicator Mod","Quick Restart","Random Character Button","Relic Stats","Slay-I","StSLib","ojb\u0027s Better Paths Mod"],"gold_per_floor":[118,268,278,35,48,78,98,130,130,141,141,164,164,199,199,297,297,310,310,345,345,363,397,397,415,415,39,57,57,70,70,70],"floor_reached":31,"playtime":1715,"items_purged":["Doubt","Regret"],"score":654,"play_id":"1b0d8ecc-c911-4b9c-95a3-66c77d89f436","local_time":"20201228192458","is_ascension_mode":true,"campfire_choices":[{"data":"Beam Cell","floor":13.0,"key":"SMITH"},{"data":"Biased Cognition","floor":15.0,"key":"SMITH"},{"floor":24.0,"key":"REST"},{"data":"White Noise","floor":29.0,"key":"SMITH"}],"circlet_count":0,"master_deck":["AscendersBane","Strike_B","Strike_B","Strike_B","Defend_B","Defend_B","Defend_B","Defend_B","Zap","Dualcast","Force Field","Chill","Melter","Auto Shields","White Noise+1","Aggregate","Self Repair","Cold Snap","Beam Cell+1","Biased Cognition+1","Machine Learning","Conserve Battery","Genetic Algorithm","Glacier","Compile Driver+1","Steam","Beam Cell","Steam"],"relics":["Cracked Core","Medical Kit","Kunai","Pocketwatch","Ornamental Fan","Golden Idol","Shuriken","Cursed Key","Red Mask","Question Card","Mummified Hand"],"acts_visited":["Exordium","TheCity"],"potions_floor_usage":[31,31],"damage_taken":[{"damage":4.0,"enemies":"Small Slimes","floor":1.0,"turns":4.0},{"damage":7.0,"enemies":"Jaw Worm","floor":3.0,"turns":4.0},{"damage":7.0,"enemies":"2 Louse","floor":5.0,"turns":3.0},{"damage":5.0,"enemies":"3 Sentries","floor":6.0,"turns":11.0},{"damage":11.0,"enemies":"2 Fungi Beasts","floor":7.0,"turns":4.0},{"damage":8.0,"enemies":"Lagavulin","floor":8.0,"turns":6.0},{"damage":0.0,"enemies":"Large Slime","floor":10.0,"turns":8.0},{"damage":3.0,"enemies":"Exordium Wildlife","floor":12.0,"turns":5.0},{"damage":22.0,"enemies":"Gremlin Nob","floor":14.0,"turns":4.0},{"damage":0.0,"enemies":"Slime Boss","floor":16.0,"turns":9.0},{"damage":7.0,"enemies":"2 Thieves","floor":18.0,"turns":4.0},{"damage":3.0,"enemies":"Masked Bandits","floor":20.0,"turns":6.0},{"damage":4.0,"enemies":"Shell Parasite","floor":22.0,"turns":5.0},{"damage":60.0,"enemies":"Book of Stabbing","floor":23.0,"turns":6.0},{"damage":13.0,"enemies":"Snake Plant","floor":25.0,"turns":4.0},{"damage":0.0,"enemies":"Centurion and Healer","floor":28.0,"turns":7.0},{"damage":11.0,"enemies":"Chosen and Byrds","floor":30.0,"turns":6.0},{"damage":18,"enemies":"Slavers","floor":31,"turns":5}],"seed_played":"7575677466604962290","potions_obtained":[{"floor":1.0,"key":"PowerPotion"},{"floor":3.0,"key":"Fire Potion"},{"floor":8.0,"key":"PotionOfCapacity"},{"floor":16.0,"key":"DistilledChaos"},{"floor":20.0,"key":"Explosive Potion"},{"floor":23.0,"key":"PotionOfCapacity"},{"floor":30.0,"key":"Dexterity Potion"}],"is_trial":false,"path_per_floor":["M","?","M","$","M","E","M","E","T","M","?","M","R","E","R","B",null,"M","?","?","?","M","E","R","M","T","$","M","R","M","E"],"character_chosen":"DEFECT","items_purchased":["Medical Kit","Mummified Hand"],"campfire_rested":1,"item_purchase_floors":[4,27],"current_hp_per_floor":[60,60,53,53,46,41,30,22,22,29,29,33,33,18,18,25,54,54,54,58,58,61,8,27,14,14,14,21,21,17,0,0],"gold":70,"neow_bonus":"TRANSFORM_CARD","is_daily":false,"chose_seed":false,"campfire_upgraded":3,"win_rate":0.0,"timestamp":1609179898,"path_taken":["M","?","M","$","M","E","M","E","T","M","?","M","R","E","R","BOSS","M","?","?","?","M","E","R","?","T","?","M","R","M","E"],"items_purchased_type":["Relic","Relic"],"build_version":"2020-12-22","purchased_purges":2,"victory":false,"max_hp_per_floor":[71,71,71,71,71,71,71,71,71,71,64,64,64,64,64,64,64,64,64,64,64,64,64,64,64,64,64,64,64,64,64,64],"relic_stats":{"counters":[18,101],"Ornamental Fan":[60],"Golden Idol":64,"Shuriken":[12],"Mummified Hand":[25],"Kunai":[17],"Medical Kit":[10],"Cursed Key":1,"Question Card":3,"obtain_stats":[{"Ornamental Fan":9,"Golden Idol":11,"Shuriken":14,"Mummified Hand":27,"Red Mask":20,"Kunai":6,"Cracked Core":0,"Medical Kit":4,"Cursed Key":17,"Question Card":23,"Pocketwatch":8},{"Ornamental Fan":6,"Golden Idol":7,"Shuriken":9,"Mummified Hand":15,"Red Mask":12,"Kunai":4,"Cracked Core":0,"Medical Kit":2,"Cursed Key":10,"Question Card":14,"Pocketwatch":6},{"Ornamental Fan":32,"Golden Idol":40,"Shuriken":49,"Mummified Hand":83,"Red Mask":68,"Kunai":22,"Cracked Core":0,"Medical Kit":8,"Cursed Key":58,"Question Card":79,"Pocketwatch":32}],"Pocketwatch":[66]},"card_choices":[{"not_picked":["Hologram","Reinforced Body"],"picked":"Chill","floor":1.0},{"not_picked":["Force Field","Beam Cell"],"picked":"Melter","floor":3.0},{"not_picked":["Chill","Reinforced Body"],"picked":"Auto Shields","floor":5.0},{"not_picked":["Heatsinks","Skim"],"picked":"White Noise","floor":6.0},{"not_picked":["Rebound","Turbo"],"picked":"Aggregate","floor":7.0},{"not_picked":["Auto Shields","Turbo"],"picked":"Self Repair","floor":8.0},{"not_picked":["Sweeping Beam","Turbo"],"picked":"Cold Snap","floor":10.0},{"not_picked":["Hologram","Doom and Gloom"],"picked":"Beam Cell","floor":12.0},{"not_picked":["Double Energy","Rip and Tear"],"picked":"Biased Cognition","floor":14.0},{"not_picked":["Meteor Strike","Creative AI"],"picked":"Machine Learning","floor":16.0},{"not_picked":["Skim","Aggregate"],"picked":"Conserve Battery","floor":18.0},{"not_picked":["Rip and Tear","Reprogram"],"picked":"Genetic Algorithm","floor":20.0},{"not_picked":["Redo","Cold Snap"],"picked":"Glacier","floor":22.0},{"not_picked":["Streamline","Tempest"],"picked":"Compile Driver+1","floor":23.0},{"not_picked":["Rip and Tear","White Noise","Redo"],"picked":"Steam","floor":25.0},{"not_picked":["Rip and Tear","Gash","Conserve Battery"],"picked":"Beam Cell","floor":28.0},{"not_picked":["Redo","Glacier","Skim"],"picked":"Steam","floor":30.0}],"player_experience":1149560,"relics_obtained":[{"floor":6.0,"key":"Kunai"},{"floor":8.0,"key":"Pocketwatch"},{"floor":9.0,"key":"Ornamental Fan"},{"floor":14.0,"key":"Shuriken"},{"floor":20.0,"key":"Red Mask"},{"floor":23.0,"key":"Question Card"}],"event_choices":[{"damage_healed":0.0,"max_hp_gain":0.0,"max_hp_loss":0.0,"gold_gain":150.0,"event_name":"Liars Game","player_choice":"AGREE","floor":2.0,"gold_loss":0.0,"damage_taken":0.0,"cards_obtained":["Doubt"]},{"damage_healed":0.0,"max_hp_gain":0.0,"max_hp_loss":7.0,"gold_gain":0.0,"event_name":"Golden Idol","player_choice":"Lose Max HP","floor":11.0,"gold_loss":0.0,"damage_taken":0.0,"relics_obtained":["Golden Idol"]},{"damage_healed":0.0,"max_hp_gain":0.0,"max_hp_loss":0.0,"gold_gain":0.0,"event_name":"Vampires","player_choice":"Ignored","floor":19.0,"gold_loss":0.0,"damage_taken":0.0},{"damage_healed":0.0,"max_hp_gain":0.0,"max_hp_loss":0.0,"gold_gain":0.0,"event_name":"Masked Bandits","player_choice":"Fought Bandits","floor":20.0,"gold_loss":0.0,"damage_taken":0.0},{"damage_healed":0.0,"max_hp_gain":0.0,"max_hp_loss":0.0,"gold_gain":0.0,"event_name":"Ghosts","player_choice":"Ignored","floor":21.0,"gold_loss":0.0,"damage_taken":0.0}],"is_beta":false,"boss_relics":[{"not_picked":["Pandora\u0027s Box","SlaversCollar"],"picked":"Cursed Key"}],"items_purged_floors":[4,27],"is_endless":false,"potions_floor_spawned":[1,3,8,16,20,23,30],"killed_by":"Slavers","ascension_level":20}}