{"host":"8jwif9mna8ud19ho","time":1609135377,"event":{"mods":["BaseMod","Better Vampires","Lobotomy","Marisa£¨ìFÓê¡¡Ä§ÀíÉ³£©","Minty Spire (QoL Compilation)","Reimu£¨²©ÀöÁéÃÎ£©","RumiaBox-Â¶Ã×æ«µÄÉñÃØºÐ×Ó","StSLib","¡¾ÒÅÎï¿¨ÅÆ¡¿REMEMod"],"gold_per_floor":[115,126,126,146,146,172,172,188,188,188,207,223,12,47,47,124,196,220,245,245,245],"floor_reached":20,"playtime":539,"items_purged":[],"score":483,"play_id":"72e915bb-9f83-49f5-99d9-4e020fa738a0","local_time":"20201228140257","is_ascension_mode":true,"campfire_choices":[{"data":"REME_EyeOfCthun","floor":7,"key":"SMITH"},{"data":"TalkToTheHand","floor":15,"key":"SMITH"}],"circlet_count":0,"master_deck":["AscendersBane","Eruption+1","Vigilance","REME_EyeOfCthun+1","MHz","TalkToTheHand+1","BowlingBash","UniverseFragment","Scorched","FlurryOfBlows","REME_MawOfCthun","MentalFortress+1","Crescendo","Perseverance","Consecrate","CarveReality","Prostrate","Establishment+1","Vault","QueenBee","Adaptation+1"],"relics":["PureWater","REME_ComplimentaryCards","CogitoBucket","TeardropLocket","GodSword3","Frozen Egg 2","CultistMask","BackwardClock","CeramicFish","Pandora\u0027s Box","ResearcherNote"],"acts_visited":["Exordium","TheCity"],"potions_floor_usage":[6],"damage_taken":[{"damage":0.0,"enemies":"Cultist","floor":1.0,"turns":1.0},{"damage":0.0,"enemies":"Small Slimes","floor":2.0,"turns":2.0},{"damage":3.0,"enemies":"Jaw Worm","floor":4.0,"turns":3.0},{"damage":7,"enemies":"Lagavulin","floor":6,"turns":3},{"damage":0,"enemies":"3 Louse","floor":8,"turns":2},{"damage":5,"enemies":"2 Fungi Beasts","floor":11,"turns":2},{"damage":0,"enemies":"Large Slime","floor":12,"turns":1},{"damage":0,"enemies":"3 Sentries","floor":14,"turns":2},{"damage":0,"enemies":"Slime Boss","floor":16,"turns":5},{"damage":12,"enemies":"2 Thieves","floor":18,"turns":2},{"damage":40,"enemies":"Chosen","floor":19,"turns":4},{"damage":17,"enemies":"Centurion and Healer","floor":20,"turns":1}],"seed_played":"-741866676710573072","potions_obtained":[{"floor":2.0,"key":"Dexterity Potion"},{"floor":4.0,"key":"FearPotion"},{"floor":6,"key":"Fruit Juice"},{"floor":12,"key":"LiquidBronze"}],"is_trial":false,"path_per_floor":["M","M","T","M","?","E","R","M","T","?","M","M","$","E","R","B",null,"M","M","M"],"character_chosen":"WATCHER","items_purchased":["REME_MawOfCthun"],"campfire_rested":0,"item_purchase_floors":[13],"current_hp_per_floor":[61,61,61,58,58,56,56,56,56,56,51,51,51,51,51,51,68,56,16,0,0],"gold":245,"neow_bonus":"","is_daily":false,"chose_seed":false,"campfire_upgraded":2,"win_rate":0.0,"timestamp":1609135377,"path_taken":["M","M","?","M","?","E","R","M","T","?","M","?","$","E","R","BOSS","M","M","M"],"items_purchased_type":["Card"],"build_version":"2020-12-22","purchased_purges":0,"victory":false,"max_hp_per_floor":[68,68,68,68,68,73,73,73,73,73,73,73,73,73,73,73,73,73,73,73,73],"card_choices":[{"not_picked":["GalaxyChild","RedShoes"],"picked":"MHz","floor":1.0},{"not_picked":["PathToVictory","SashWhip"],"picked":"TalkToTheHand","floor":1.0},{"not_picked":["JustLucky","BowlingBash","Evaluate"],"picked":"SKIP","floor":2.0},{"not_picked":["JustLucky","Evaluate"],"picked":"BowlingBash","floor":2.0},{"not_picked":["Rudolta","FairyFestival"],"picked":"UniverseFragment","floor":4.0},{"not_picked":["FlyingSleeves","ThirdEye","Halt"],"picked":"SKIP","floor":4.0},{"not_picked":["Murderer","LaLuna"],"picked":"Scorched","floor":6},{"not_picked":["Blasphemy","CrushJoints"],"picked":"FlurryOfBlows","floor":6},{"not_picked":["Protect","SandsOfTime","Halt"],"picked":"SKIP","floor":8},{"not_picked":["CutThroughFate","Alpha","REME_Repentance"],"picked":"SKIP","floor":11},{"not_picked":["SignatureMove","Consecrate","Perseverance"],"picked":"SKIP","floor":12},{"not_picked":["Consecrate","ThirdEye","Halt"],"picked":"SKIP","floor":14},{"not_picked":["Variant","Murderer"],"picked":"QueenBee","floor":18},{"not_picked":["CarveReality","Halt","EmptyMind"],"picked":"SKIP","floor":18},{"not_picked":["SandsOfTime","JustLucky"],"picked":"Adaptation+1","floor":19}],"player_experience":1101956,"relics_obtained":[{"floor":3.0,"key":"TeardropLocket"},{"floor":6,"key":"GodSword3"},{"floor":9,"key":"Frozen Egg 2"},{"floor":14,"key":"CeramicFish"}],"event_choices":[{"damage_healed":0,"gold_gain":0,"player_choice":"Grow","damage_taken":0,"max_hp_gain":0,"max_hp_loss":0,"event_name":"Living Wall","floor":5,"gold_loss":0,"cards_upgraded":["Eruption"]},{"damage_healed":0,"gold_gain":0,"player_choice":"Trade","damage_taken":0,"relics_obtained":["CultistMask"],"max_hp_gain":0,"max_hp_loss":0,"event_name":"FaceTrader","floor":10,"gold_loss":0}],"is_beta":false,"boss_relics":[{"not_picked":["REME_DemonsWealth","Velvet Choker"],"picked":"Pandora\u0027s Box"}],"items_purged_floors":[],"is_endless":false,"potions_floor_spawned":[2,4,6,12],"killed_by":"Centurion and Healer","ascension_level":17}}