{"host":"e4jlzdgap3yn3qj8","time":1609126245,"event":{"mods":["AchievementEnabler","BaseMod","Block Reminder","Colored Powertips","Curses Come First","Downfall","Highlight Path","Minty Spire (QoL Compilation)","Quick Restart","Random Character Button","Rare Cards Sparkle","StSLib"],"gold_per_floor":[99,111,286,286,297,313,339,352,352,352,10,460,310,325,337,432,432,432,451,466,476,489,589,589,589,617,628,645,645,656,656,674,772,772,772,788,803,853,144,169,169,169,183,215,231,245,245,263,282,282,282,282],"floor_reached":50,"playtime":4458,"items_purged":["Doubt"],"score":597,"play_id":"4a77121f-da76-403a-a707-7e2f52aab19b","local_time":"20201227223045","is_ascension_mode":false,"campfire_choices":[{"floor":1,"key":"RECALL"},{"floor":9,"key":"REST"},{"data":"Guardian:ChargeUp","floor":13,"key":"SMITH"},{"data":"Guardian:SentryBeam","floor":18,"key":"SMITH"},{"floor":25,"key":"REST"},{"data":"Guardian:TwinSlam","floor":29,"key":"SMITH"},{"floor":35,"key":"DIG"},{"floor":42,"key":"REST"},{"floor":47,"key":"REST"}],"circlet_count":0,"master_deck":["Guardian:Strike_Guardian","Guardian:Strike_Guardian","Guardian:Strike_Guardian","Guardian:Strike_Guardian","Guardian:Defend_Guardian","Guardian:Defend_Guardian","Guardian:Defend_Guardian","Guardian:Defend_Guardian","Guardian:CurlUp","Guardian:TwinSlam+1","Guardian:BronzeOrb","Guardian:ChargeUp+1","Guardian:ShieldCharger","Guardian:Reroute","Guardian:EvasiveProtocol","Slimebound:Icky","Slimebound:Icky","Slimebound:Icky","Guardian:TemporalShield","Guardian:SentryBeam+1","Guardian:ExploitGems","Guardian:ArmoredProtocol","Guardian:TemporalStrike","Guardian:RollAttack","Guardian:BronzeArmor+1","Guardian:ExploitGems","CurseOfTheBell","Guardian:ChargeCore+1","Guardian:TimeCapacitor","Guardian:TimeCapacitor","Guardian:BronzeArmor+1","Guardian:PiercingHide+1","Guardian:TemporalShield+1","Guardian:Suspension+1","Guardian:BronzeArmor+1","Guardian:DecasProtection+1"],"relics":["Guardian:ModeShifterPlus","Ornamental Fan","Pantograph","downfall:HeartBlessingRed","downfall:HeartBlessingBlue","White Beast Statue","Torii","Calling Bell","Toy Ornithopter","Toxic Egg 2","Shovel","Vajra","Thread and Needle","Bottled Lightning","Happy Flower","OrangePellets","MealTicket","Darkstone Periapt","Centennial Puzzle"],"acts_visited":["Exordium","TheCity","TheBeyond"],"potions_floor_usage":[11,11,16,22,33,33,33,38,38,39,39,43,44,44,45,46,46,46,46,49,50,50],"damage_taken":[{"damage":8,"enemies":"Small Slimes","floor":2,"turns":5},{"damage":5,"enemies":"Cultist","floor":5,"turns":6},{"damage":1,"enemies":"2 Louse","floor":6,"turns":3},{"damage":4,"enemies":"Large Slime","floor":8,"turns":6},{"damage":2,"enemies":"downfall:FleeingMerchant","floor":11,"turns":4},{"damage":8,"enemies":"Red Slaver","floor":14,"turns":6},{"damage":0,"enemies":"2 Fungi Beasts","floor":15,"turns":5},{"damage":10,"enemies":"downfall:Watcher","floor":16,"turns":8},{"damage":1,"enemies":"Spheric Guardian","floor":19,"turns":7},{"damage":12,"enemies":"Shelled Parasite and Fungi","floor":20,"turns":7},{"damage":3,"enemies":"Cultist and Chosen","floor":21,"turns":9},{"damage":25,"enemies":"Centurion and Healer","floor":22,"turns":14},{"damage":13,"enemies":"Book of Stabbing","floor":26,"turns":7},{"damage":11,"enemies":"Sentry and Sphere","floor":27,"turns":8},{"damage":0,"enemies":"Snecko","floor":28,"turns":7},{"damage":3,"enemies":"Centurion and Healer","floor":30,"turns":10},{"damage":7,"enemies":"Shelled Parasite and Fungi","floor":32,"turns":5},{"damage":7,"enemies":"downfall:Defect","floor":33,"turns":9},{"damage":57,"enemies":"3 Shapes","floor":36,"turns":6},{"damage":18,"enemies":"3 Darklings","floor":37,"turns":9},{"damage":3,"enemies":"Mind Bloom Boss Battle","floor":38,"turns":7},{"damage":0,"enemies":"downfall:FleeingMerchant","floor":39,"turns":4},{"damage":30,"enemies":"Reptomancer","floor":40,"turns":9},{"damage":14,"enemies":"Transient","floor":43,"turns":5},{"damage":42,"enemies":"Giant Head","floor":44,"turns":9},{"damage":16,"enemies":"Writhing Mass","floor":45,"turns":6},{"damage":12,"enemies":"Maw","floor":46,"turns":8},{"damage":9,"enemies":"4 Shapes","floor":48,"turns":3},{"damage":14,"enemies":"Transient","floor":49,"turns":5},{"damage":83,"enemies":"downfall:Silent","floor":50,"turns":12}],"seed_played":"-4992589441998958537","potions_obtained":[{"floor":2,"key":"Dexterity Potion"},{"floor":5,"key":"Energy Potion"},{"floor":8,"key":"PowerPotion"},{"floor":14,"key":"champ:CounterPotion"},{"floor":16,"key":"Ancient Potion"},{"floor":19,"key":"SteroidPotion"},{"floor":26,"key":"sneckomod:MuddlingPotion"},{"floor":27,"key":"champ:CounterPotion"},{"floor":28,"key":"EssenceOfSteel"},{"floor":30,"key":"DuplicationPotion"},{"floor":33,"key":"Energy Potion"},{"floor":36,"key":"Guardian:DefensiveModePotion"},{"floor":37,"key":"Block Potion"},{"floor":38,"key":"SteroidPotion"},{"floor":39,"key":"Dexterity Potion"},{"floor":40,"key":"champ:CounterPotion"},{"floor":43,"key":"Strength Potion"},{"floor":44,"key":"Energy Potion"},{"floor":45,"key":"EntropicBrew"},{"floor":46,"key":"Guardian:AcceleratePotion"},{"floor":48,"key":"Regen Potion"},{"floor":49,"key":"Strength Potion"}],"is_trial":false,"path_per_floor":["R","M","?","?","M","M","T","M","R","?","$","?","R","M","M","B",null,"R","M","M","M","M","?","T","R","E","M","M","R","M","?","M","B",null,"R","M","M","?","$","E","T","R","M","E","M","M","R","M","M","B"],"character_chosen":"GUARDIAN","items_purchased":["Pantograph","Guardian:EvasiveProtocol","Bottled Lightning","Happy Flower","OrangePellets","Guardian:TimeCapacitor"],"campfire_rested":4,"item_purchase_floors":[11,11,39,39,39,39],"current_hp_per_floor":[88,80,80,80,75,74,74,70,88,70,68,68,78,70,70,85,98,98,97,85,82,57,57,57,86,73,62,62,62,59,59,52,70,98,98,41,23,55,65,35,35,64,55,23,12,20,49,40,45,0,0,0],"gold":282,"neow_bonus":"TEN_PERCENT_HP_BONUS","is_daily":false,"chose_seed":false,"campfire_upgraded":3,"win_rate":0.0,"timestamp":1609126245,"path_taken":["R","M","?","?","?","?","T","M","R","?","$","?","R","M","M","BOSS","R","M","M","M","M","?","T","R","E","M","?","R","M","?","M","BOSS","R","?","M","?","$","E","T","R","M","E","M","M","R","M","M","BOSS"],"items_purchased_type":["Relic","Card","Relic","Relic","Relic","Card"],"build_version":"2020-12-22","purchased_purges":1,"victory":false,"max_hp_per_floor":[88,88,88,88,88,88,88,88,88,88,88,88,98,98,98,98,98,98,98,98,98,98,98,98,98,98,98,98,98,98,98,98,98,98,98,98,98,98,98,98,98,98,98,98,98,98,98,98,98,98,98,98],"card_choices":[{"not_picked":["Guardian:Clone","Guardian:GuardianWhirl"],"picked":"Guardian:BronzeOrb","floor":2},{"not_picked":["Guardian:Preprogram","Guardian:Planning"],"picked":"Guardian:ChargeUp","floor":5},{"not_picked":["Guardian:Gem_Cyan","Guardian:Gem_Blue"],"picked":"Guardian:ShieldCharger","floor":6},{"not_picked":["Guardian:Planning","Guardian:ShieldCharger"],"picked":"Guardian:Reroute","floor":8},{"not_picked":["Guardian:TimeBomb","Guardian:Harden"],"picked":"Guardian:Gem_Red","floor":11},{"not_picked":["Guardian:TemporalStrike","Guardian:CrystalBeam"],"picked":"Guardian:TemporalShield","floor":14},{"not_picked":["Guardian:Planning","Guardian:RefractedBeam"],"picked":"Guardian:SentryBeam","floor":15},{"not_picked":["Guardian:HyperBeam_Guardian","Guardian:SphericShield"],"picked":"Guardian:ExploitGems","floor":16},{"not_picked":["Guardian:Harden","Guardian:ShieldCharger+1"],"picked":"Guardian:ArmoredProtocol","floor":19},{"not_picked":["Guardian:MultiBeam","Guardian:Gem_Green"],"picked":"Guardian:Gem_Crimson","floor":20},{"not_picked":["Guardian:ShieldCharger","Guardian:Incinerate"],"picked":"Guardian:Gem_Red","floor":21},{"not_picked":["Guardian:VentSteam+1","Guardian:DecasProtection"],"picked":"Guardian:TemporalStrike","floor":22},{"not_picked":["Guardian:TemporalShield","Guardian:RollAttack"],"picked":"Guardian:Gem_Synthetic","floor":26},{"not_picked":["Guardian:Gem_Lightblue","Guardian:CrystalBeam"],"picked":"Guardian:RollAttack","floor":27},{"not_picked":["Guardian:Reroute","Guardian:Gem_Lightblue"],"picked":"Guardian:Gem_Cyan","floor":28},{"not_picked":["Guardian:Gem_Cyan","Guardian:Incinerate"],"picked":"Guardian:BronzeArmor+1","floor":30},{"not_picked":["Guardian:HyperBeam_Guardian","Guardian:Gem_Green"],"picked":"Guardian:Gem_Lightblue","floor":32},{"not_picked":["Guardian:BaubleBeam","Guardian:SphericShield"],"picked":"Guardian:ExploitGems","floor":33},{"not_picked":["Guardian:Gem_Purple","Guardian:Planning+1"],"picked":"Guardian:ChargeCore+1","floor":36},{"not_picked":["Guardian:DonusPower+1","Guardian:WalkerClaw+1"],"picked":"Guardian:TimeCapacitor","floor":37},{"not_picked":["Guardian:Gem_Lightblue","Guardian:Recover+1"],"picked":"Guardian:Gem_Red","floor":38},{"not_picked":["Guardian:Incinerate+1","Guardian:CrystalBeam+1"],"picked":"Guardian:Gem_Fragmented","floor":39},{"not_picked":["Guardian:WalkerClaw+1","Guardian:RollAttack+1"],"picked":"Guardian:Gem_Orange","floor":40},{"not_picked":["Guardian:ChargeCore+1","Guardian:Gem_Crimson"],"picked":"Guardian:BronzeArmor+1","floor":43},{"not_picked":["Guardian:Recover+1","Guardian:Gem_Lightblue"],"picked":"Guardian:PiercingHide+1","floor":44},{"not_picked":["Guardian:ArmoredProtocol+1","Guardian:WalkerClaw"],"picked":"Guardian:TemporalShield+1","floor":45},{"not_picked":["Guardian:TemporalStrike","Guardian:Planning+1"],"picked":"Guardian:Suspension+1","floor":46},{"not_picked":["Guardian:CrystalBeam","Guardian:Recover+1"],"picked":"Guardian:BronzeArmor+1","floor":48},{"not_picked":["Guardian:Preprogram+1","Guardian:Incinerate"],"picked":"Guardian:DecasProtection+1","floor":49}],"player_experience":33303,"relics_obtained":[{"floor":24,"key":"White Beast Statue"},{"floor":26,"key":"Torii"},{"floor":34,"key":"Toy Ornithopter"},{"floor":34,"key":"Toxic Egg 2"},{"floor":34,"key":"Shovel"},{"floor":35,"key":"Vajra"},{"floor":38,"key":"Thread and Needle"},{"floor":40,"key":"MealTicket"},{"floor":41,"key":"Darkstone Periapt"},{"floor":44,"key":"Centennial Puzzle"}],"event_choices":[{"damage_healed":0,"gold_gain":0,"player_choice":"Success","damage_taken":18,"relics_obtained":["Ornamental Fan"],"max_hp_gain":0,"max_hp_loss":0,"event_name":"Scrap Ooze","floor":10,"gold_loss":0}],"is_beta":false,"boss_relics":[{"not_picked":["Philosopher\u0027s Stone","downfall:Hecktoplasm"],"picked":"Guardian:ModeShifterPlus"},{"not_picked":["Fusion Hammer","Guardian:StasisSlotReductionRelic"],"picked":"Calling Bell"}],"items_purged_floors":[39],"is_endless":false,"potions_floor_spawned":[2,5,8,14,16,19,26,27,28,30,32,33,36,37,38,39,40,43,44,45,46,48,49],"killed_by":"downfall:Silent","ascension_level":0}}