{"host":"981nlwu0905dw1bz","time":1609169214,"event":{"mods":["BaseMod","DeckTracker","Minty Spire (QoL Compilation)","Rare Cards Sparkle","SuperFastMode"],"gold_per_floor":[113,113,113,133,149,149,165,165,210,234,273,10,24,24,24,152,152,175,175,175,193,212,212,64,64,64,80,80,80,80],"floor_reached":29,"playtime":747,"items_purged":[],"score":360,"play_id":"8a98611a-228f-460e-a607-09aa6556bff3","local_time":"20201229002654","is_ascension_mode":true,"campfire_choices":[{"data":"Streamline","floor":6.0,"key":"SMITH"},{"data":"Leap","floor":8.0,"key":"SMITH"},{"floor":15.0,"key":"REST"},{"floor":23.0,"key":"REST"},{"data":"Echo Form","floor":25.0,"key":"SMITH"}],"circlet_count":0,"master_deck":["AscendersBane","Strike_B","Strike_B+1","Strike_B+1","Defend_B","Defend_B","Defend_B","Defend_B","Zap","Dualcast","Cold Snap+1","Streamline+1","Conserve Battery","Leap+1","Creative AI","Tempest","Self Repair","Coolheaded","Electrodynamics","CurseOfTheBell","Sweeping Beam","Sunder","Biased Cognition","Sweeping Beam","Turbo","Echo Form+1","Turbo","Melter","Hologram"],"relics":["Cracked Core","NeowsBlessing","Golden Idol","Whetstone","Boot","Membership Card","Strawberry","Calling Bell","Shovel","Ornamental Fan","Oddly Smooth Stone","Orrery","Turnip"],"acts_visited":["Exordium","TheCity"],"potions_floor_usage":[29],"damage_taken":[{"damage":0.0,"enemies":"Cultist","floor":1.0,"turns":1.0},{"damage":0.0,"enemies":"2 Louse","floor":4.0,"turns":1.0},{"damage":0.0,"enemies":"Jaw Worm","floor":5.0,"turns":1.0},{"damage":0.0,"enemies":"3 Louse","floor":7.0,"turns":2.0},{"damage":0.0,"enemies":"Lots of Slimes","floor":10.0,"turns":4.0},{"damage":8.0,"enemies":"3 Sentries","floor":11.0,"turns":4.0},{"damage":12.0,"enemies":"2 Fungi Beasts","floor":13.0,"turns":3.0},{"damage":40.0,"enemies":"Slime Boss","floor":16.0,"turns":8.0},{"damage":2.0,"enemies":"3 Byrds","floor":18.0,"turns":4.0},{"damage":25.0,"enemies":"Shell Parasite","floor":21.0,"turns":10.0},{"damage":27.0,"enemies":"Snake Plant","floor":22.0,"turns":6.0},{"damage":26.0,"enemies":"Centurion and Healer","floor":27.0,"turns":5.0},{"damage":37,"enemies":"Book of Stabbing","floor":29,"turns":5}],"seed_played":"-992932477872179890","potions_obtained":[{"floor":1.0,"key":"DistilledChaos"},{"floor":5.0,"key":"Swift Potion"},{"floor":10.0,"key":"ColorlessPotion"},{"floor":16.0,"key":"Explosive Potion"},{"floor":22.0,"key":"SpeedPotion"},{"floor":28.0,"key":"Weak Potion"}],"is_trial":false,"path_per_floor":["M","?","?","M","M","R","M","R","T","M","E","$","M","$","R","B",null,"M","?","?","M","M","R","$","R","T","M","?","E"],"character_chosen":"DEFECT","items_purchased":["Membership Card","Self Repair","Strawberry","Biased Cognition","Orrery"],"campfire_rested":2,"item_purchase_floors":[12,12,12,24,24],"current_hp_per_floor":[68,68,50,50,50,50,50,50,50,50,42,49,44,44,68,35,70,75,75,75,57,37,61,61,61,61,49,49,12,12],"gold":80,"neow_bonus":"THREE_ENEMY_KILL","is_daily":false,"chose_seed":false,"campfire_upgraded":3,"win_rate":0.0,"timestamp":1609169214,"path_taken":["M","?","?","M","M","R","M","R","T","M","E","$","M","$","R","BOSS","M","?","?","M","M","R","$","R","T","?","?","E"],"items_purchased_type":["Relic","Card","Relic","Card","Relic"],"build_version":"2020-12-22","purchased_purges":0,"victory":false,"max_hp_per_floor":[75,75,75,75,75,75,75,75,75,75,75,82,82,82,82,82,82,82,82,82,82,82,82,82,82,82,82,82,82,82],"card_choices":[{"not_picked":["Barrage","Coolheaded"],"picked":"Cold Snap","floor":1.0},{"not_picked":["Stack","Leap"],"picked":"Streamline","floor":4.0},{"not_picked":["Chaos","Streamline"],"picked":"Conserve Battery","floor":5.0},{"not_picked":["Streamline","Sweeping Beam"],"picked":"Leap","floor":7.0},{"not_picked":["Leap","Sweeping Beam"],"picked":"Creative AI","floor":10.0},{"not_picked":["Rebound","Go for the Eyes"],"picked":"Tempest","floor":11.0},{"not_picked":["Turbo","Streamline"],"picked":"Coolheaded","floor":13.0},{"not_picked":["Creative AI","Reboot"],"picked":"Electrodynamics","floor":16.0},{"not_picked":["Tempest","Leap"],"picked":"Sweeping Beam","floor":18.0},{"not_picked":["Genetic Algorithm+1","Fusion+1","Recycle"],"picked":"SKIP","floor":21.0},{"not_picked":["Compile Driver+1","Steam","Streamline"],"picked":"SKIP","floor":22.0},{"not_picked":["Fission","FTL"],"picked":"Sweeping Beam","floor":24.0},{"not_picked":["Sunder+1","Machine Learning"],"picked":"Turbo","floor":24.0},{"not_picked":["Gash","Streamline+1"],"picked":"Echo Form","floor":24.0},{"not_picked":["Reinforced Body","Steam Power"],"picked":"Turbo","floor":24.0},{"not_picked":["Tempest","Barrage"],"picked":"Melter","floor":24.0},{"not_picked":["Gash+1","Reinforced Body"],"picked":"Hologram","floor":27.0}],"player_experience":509828,"relics_obtained":[{"floor":9.0,"key":"Whetstone"},{"floor":11.0,"key":"Boot"},{"floor":17.0,"key":"Shovel"},{"floor":17.0,"key":"Ornamental Fan"},{"floor":17.0,"key":"Oddly Smooth Stone"},{"floor":26.0,"key":"Turnip"}],"event_choices":[{"damage_healed":0.0,"max_hp_gain":0.0,"max_hp_loss":0.0,"gold_gain":0.0,"event_name":"Living Wall","player_choice":"Grow","floor":2.0,"gold_loss":0.0,"damage_taken":0.0,"cards_upgraded":["Cold Snap"]},{"damage_healed":0.0,"max_hp_gain":0.0,"max_hp_loss":0.0,"gold_gain":0.0,"event_name":"Golden Idol","player_choice":"Take Damage","floor":3.0,"gold_loss":0.0,"damage_taken":18.0,"relics_obtained":["Golden Idol"]},{"damage_healed":0.0,"max_hp_gain":0.0,"max_hp_loss":0.0,"gold_gain":0.0,"event_name":"Ghosts","player_choice":"Ignored","floor":19.0,"gold_loss":0.0,"damage_taken":0.0},{"damage_healed":0.0,"max_hp_gain":0.0,"max_hp_loss":0.0,"gold_gain":0.0,"cards_transformed":["Strike_B"],"event_name":"Transmorgrifier","player_choice":"Transformed","floor":20.0,"gold_loss":0.0,"damage_taken":0.0,"cards_obtained":["Sunder"]},{"damage_healed":0.0,"max_hp_gain":0.0,"max_hp_loss":0.0,"gold_gain":0.0,"event_name":"Lab","player_choice":"Got Potions","floor":28.0,"gold_loss":0.0,"damage_taken":0.0}],"is_beta":false,"boss_relics":[{"not_picked":["Pandora\u0027s Box","Sozu"],"picked":"Calling Bell"}],"items_purged_floors":[],"is_endless":false,"potions_floor_spawned":[1,5,10,16,22,27],"killed_by":"Book of Stabbing","ascension_level":12}}