{"host":"amvpy7h9h10a217o","time":1609147761,"event":{"mods":["AchievementEnabler","BaseMod","Block Reminder","Challenge The Spire","Colored Powertips","GifTheSpireLib","Highlight Path","Minty Spire (QoL Compilation)","Permanent Neow","StSLib"],"gold_per_floor":[112,125,275,290,315,347,347,365,392,426,228,228,254,291,303,392,404,429,168,178,178,178],"floor_reached":21,"playtime":2132,"items_purged":["Strike_G","Doubt"],"score":394,"play_id":"026d5f30-dc9d-4406-a3b3-bb76d440daa0","local_time":"20201228042921","is_ascension_mode":true,"campfire_choices":[{"data":"Envenom","floor":7,"key":"SMITH"},{"floor":12,"key":"REST"},{"data":"Noxious Fumes","floor":15,"key":"SMITH"}],"circlet_count":0,"master_deck":["AscendersBane","Strike_G","Strike_G","Defend_G","Defend_G","Defend_G","Defend_G","Survivor","Neutralize","Skewer+1","Poisoned Stab+1","Dagger Throw+1","Cloak And Dagger+1","Cloak And Dagger+1","Dagger Spray","Envenom+1","Catalyst","Leg Sweep","Noxious Fumes+1","Calculated Gamble","Corpse Explosion","PiercingWail"],"relics":["Astrolabe","War Paint","Mercury Hourglass","Toy Ornithopter","Juzu Bracelet","MawBank","Odd Mushroom","SacredBark","OrangePellets"],"acts_visited":["Exordium","TheCity"],"potions_floor_usage":[10,14],"damage_taken":[{"damage":1,"enemies":"Small Slimes","floor":1,"turns":3},{"damage":4,"enemies":"Jaw Worm","floor":2,"turns":3},{"damage":0,"enemies":"2 Louse","floor":4,"turns":3},{"damage":15,"enemies":"3 Sentries","floor":6,"turns":9},{"damage":4,"enemies":"Blue Slaver","floor":8,"turns":3},{"damage":19,"enemies":"Gremlin Nob","floor":10,"turns":4},{"damage":7,"enemies":"Lagavulin","floor":13,"turns":6},{"damage":2,"enemies":"The Mushroom Lair","floor":14,"turns":2},{"damage":33,"enemies":"Slime Boss","floor":16,"turns":9},{"damage":8,"enemies":"Chosen","floor":18,"turns":5},{"damage":28,"enemies":"Shell Parasite","floor":20,"turns":6},{"damage":16,"enemies":"Snake Plant","floor":21,"turns":4}],"seed_played":"-7634908497915274133","potions_obtained":[{"floor":6,"key":"Explosive Potion"},{"floor":8,"key":"EssenceOfSteel"},{"floor":14,"key":"BlessingOfTheForge"},{"floor":16,"key":"FearPotion"}],"is_trial":false,"path_per_floor":["M","M","?","M","T","E","R","M","T","E","$","R","E","?","R","B",null,"M","$","M","M"],"character_chosen":"THE_SILENT","items_purchased":["Leg Sweep","Noxious Fumes","OrangePellets"],"campfire_rested":1,"item_purchase_floors":[11,11,19],"current_hp_per_floor":[58,54,54,54,54,39,39,35,35,21,21,40,33,36,36,3,50,42,42,14,0,0],"gold":178,"neow_bonus":"BOSS_RELIC","is_daily":false,"chose_seed":false,"campfire_upgraded":2,"win_rate":0.0,"timestamp":1609147761,"path_taken":["M","M","?","M","?","E","R","M","T","E","$","R","E","?","R","BOSS","M","$","M","M"],"items_purchased_type":["Card","Card","Relic"],"build_version":"2020-12-22","purchased_purges":2,"victory":false,"max_hp_per_floor":[66,66,66,66,66,66,66,66,66,66,66,66,66,66,66,66,66,66,66,66,66,66],"card_choices":[{"not_picked":["Slice","Masterful Stab"],"picked":"Cloak And Dagger","floor":1},{"not_picked":["Heel Hook","Backstab"],"picked":"Cloak And Dagger","floor":2},{"not_picked":["Underhanded Strike","Poisoned Stab"],"picked":"Dagger Spray","floor":4},{"not_picked":["Prepared","Riddle With Holes"],"picked":"Envenom","floor":6},{"not_picked":["Bouncing Flask","Skewer","Dagger Spray"],"picked":"SKIP","floor":8},{"not_picked":["Terror","Slice"],"picked":"Catalyst","floor":10},{"not_picked":["Outmaneuver","Flying Knee","Dagger Spray"],"picked":"SKIP","floor":13},{"not_picked":["Acrobatics","Outmaneuver"],"picked":"Calculated Gamble","floor":14},{"not_picked":["Grand Finale","Unload"],"picked":"Corpse Explosion","floor":16},{"not_picked":["Predator","Outmaneuver","Dagger Spray"],"picked":"SKIP","floor":18},{"not_picked":["Quick Slash+1","Dagger Spray+1"],"picked":"PiercingWail","floor":20}],"player_experience":1398260,"relics_obtained":[{"floor":5,"key":"War Paint"},{"floor":6,"key":"Mercury Hourglass"},{"floor":9,"key":"Toy Ornithopter"},{"floor":10,"key":"Juzu Bracelet"},{"floor":13,"key":"MawBank"},{"floor":14,"key":"Odd Mushroom"}],"event_choices":[{"damage_healed":0,"gold_gain":150,"player_choice":"AGREE","damage_taken":0,"max_hp_gain":0,"max_hp_loss":0,"event_name":"Liars Game","floor":3,"gold_loss":0,"cards_obtained":["Doubt"]},{"damage_healed":0,"gold_gain":0,"player_choice":"Fought Mushrooms","damage_taken":0,"max_hp_gain":0,"max_hp_loss":0,"event_name":"Mushrooms","floor":14,"gold_loss":0}],"is_beta":false,"boss_relics":[{"not_picked":["Sozu","Tiny House"],"picked":"SacredBark"}],"items_purged_floors":[11,19],"is_endless":false,"potions_floor_spawned":[6,8,14,16],"killed_by":"Snake Plant","ascension_level":20}}