{"host":"qxeepl7ydvsgmfdb","time":1609173611,"event":{"mods":["AchievementEnabler","BaseMod","Colored Powertips","Minty Spire (QoL Compilation)","Quick Restart","slay the spire mod where everything is the same but ironclad has a cowboy hat"],"gold_per_floor":[112,112,123,48,48,48,79,79,103,31,58,76,87,116,116,220,220,237,16,16,0,0,19,19,33,33,57,7,7,18,37,37,37,37],"floor_reached":33,"playtime":730,"items_purged":["Strike_G","Strike_G","Writhe"],"score":426,"play_id":"19baead8-7c41-4e59-a71e-f2faed264055","local_time":"20201228114011","is_ascension_mode":true,"campfire_choices":[{"floor":6.0,"key":"REST"},{"floor":8.0,"key":"REST"},{"floor":15.0,"key":"REST"},{"floor":29,"key":"REST"},{"floor":32,"key":"REST"}],"circlet_count":0,"master_deck":["Strike_G","Strike_G","Strike_G","Defend_G","Defend_G","Defend_G+1","Defend_G+1","Defend_G+1","Survivor","Neutralize+1","Backstab","Backstab","Blade Dance","Poisoned Stab","Backflip","Slice","Die Die Die","Necronomicurse","Acrobatics","Cloak And Dagger+1","Poisoned Stab"],"relics":["Ring of the Snake","NeowsBlessing","Anchor","Ancient Tea Set","War Paint","Happy Flower","Centennial Puzzle","SacredBark","Bag of Preparation","Necronomicon","MutagenicStrength","Mercury Hourglass","Smiling Mask"],"acts_visited":["Exordium","TheCity"],"potions_floor_usage":[25,31,33],"damage_taken":[{"damage":0.0,"enemies":"Cultist","floor":1.0,"turns":1.0},{"damage":0.0,"enemies":"2 Louse","floor":3.0,"turns":1.0},{"damage":0.0,"enemies":"3 Sentries","floor":7.0,"turns":1.0},{"damage":0.0,"enemies":"Jaw Worm","floor":12.0,"turns":2.0},{"damage":0.0,"enemies":"Blue Slaver","floor":13.0,"turns":2.0},{"damage":19.0,"enemies":"Lagavulin","floor":14.0,"turns":7.0},{"damage":0.0,"enemies":"Slime Boss","floor":16.0,"turns":7.0},{"damage":0.0,"enemies":"Chosen","floor":18.0,"turns":4.0},{"damage":0.0,"enemies":"2 Thieves","floor":23.0,"turns":4.0},{"damage":5,"enemies":"Cultist and Chosen","floor":25,"turns":4},{"damage":2,"enemies":"Snecko","floor":30,"turns":3},{"damage":8,"enemies":"Shelled Parasite and Fungi","floor":31,"turns":3},{"damage":105,"enemies":"Collector","floor":33,"turns":6}],"seed_played":"-2965560989859484515","potions_obtained":[{"floor":3.0,"key":"Swift Potion"},{"floor":13.0,"key":"AttackPotion"},{"floor":14.0,"key":"Fire Potion"},{"floor":18.0,"key":"DuplicationPotion"},{"floor":31,"key":"SkillPotion"}],"is_trial":false,"path_per_floor":["M","?","M","$","?","R","E","R","T","$","T","M","M","E","R","B",null,"M","$","?","?","?","M","?","M","T","T","$","R","M","M","R","B"],"character_chosen":"THE_SILENT","items_purchased":["Blade Dance","Poisoned Stab","Die Die Die","Fire Potion"],"campfire_rested":5,"item_purchase_floors":[10,10,19,19],"current_hp_per_floor":[63,49,49,49,16,37,37,58,58,58,58,58,58,39,60,60,68,68,68,68,68,52,52,52,47,47,47,47,68,66,58,70,0,0],"gold":37,"neow_bonus":"THREE_ENEMY_KILL","is_daily":false,"chose_seed":false,"campfire_upgraded":0,"win_rate":0.0,"timestamp":1609173611,"path_taken":["M","?","M","$","?","R","E","R","T","?","?","M","?","E","R","BOSS","M","$","?","?","?","M","?","M","T","?","$","R","M","?","R","BOSS"],"items_purchased_type":["Card","Card","Card","Potion"],"build_version":"2020-12-22","purchased_purges":3,"victory":false,"max_hp_per_floor":[70,70,70,70,70,70,70,70,70,70,70,70,70,70,70,70,70,70,70,70,70,70,70,70,70,70,70,70,70,70,70,70,70,70],"card_choices":[{"not_picked":["Cloak And Dagger","Slice"],"picked":"Backstab","floor":1.0},{"not_picked":["Prepared","Slice"],"picked":"Backstab","floor":3.0},{"not_picked":["Dash","Bullet Time","Unload"],"picked":"SKIP","floor":7.0},{"not_picked":["Choke","Deflect"],"picked":"Backflip","floor":12.0},{"not_picked":["Eviscerate","Bane"],"picked":"Slice","floor":13.0},{"not_picked":["Heel Hook","Infinite Blades","Concentrate"],"picked":"SKIP","floor":14.0},{"not_picked":["Outmaneuver","Underhanded Strike","Caltrops"],"picked":"SKIP","floor":18.0},{"not_picked":["Leg Sweep","Blur"],"picked":"Acrobatics","floor":23.0},{"not_picked":["Escape Plan","PiercingWail","Dodge and Roll"],"picked":"SKIP","floor":25},{"not_picked":["Underhanded Strike","Flying Knee"],"picked":"Cloak And Dagger+1","floor":30},{"not_picked":["Dagger Spray+1","Flying Knee"],"picked":"Poisoned Stab","floor":31}],"player_experience":415780,"relics_obtained":[{"floor":7.0,"key":"Ancient Tea Set"},{"floor":9.0,"key":"War Paint"},{"floor":11.0,"key":"Happy Flower"},{"floor":14.0,"key":"Centennial Puzzle"},{"floor":22.0,"key":"Necronomicon"},{"floor":26,"key":"Mercury Hourglass"},{"floor":27,"key":"Smiling Mask"}],"event_choices":[{"damage_healed":0.0,"max_hp_gain":0.0,"max_hp_loss":0.0,"gold_gain":0.0,"event_name":"Shining Light","player_choice":"Entered Light","floor":2.0,"gold_loss":0.0,"damage_taken":14.0,"cards_upgraded":["Neutralize","Defend_G"]},{"damage_healed":0.0,"max_hp_gain":0.0,"max_hp_loss":0.0,"gold_gain":0.0,"event_name":"Scrap Ooze","player_choice":"Success","floor":5.0,"gold_loss":0.0,"damage_taken":33.0,"relics_obtained":["Anchor"]},{"damage_healed":0.0,"max_hp_gain":0.0,"max_hp_loss":0.0,"gold_gain":0.0,"event_name":"The Mausoleum","player_choice":"Opened","floor":20.0,"gold_loss":0.0,"damage_taken":0.0,"relics_obtained":["Bag of Preparation"],"cards_obtained":["Writhe"]},{"damage_healed":0.0,"max_hp_gain":0.0,"max_hp_loss":0.0,"gold_gain":0.0,"event_name":"Masked Bandits","player_choice":"Paid Fearfully","floor":21.0,"gold_loss":16.0,"damage_taken":0.0},{"damage_healed":0.0,"max_hp_gain":0.0,"max_hp_loss":0.0,"gold_gain":0.0,"event_name":"Cursed Tome","player_choice":"Obtained Book","floor":22.0,"gold_loss":0.0,"damage_taken":16.0},{"damage_healed":0.0,"max_hp_gain":0.0,"max_hp_loss":0.0,"gold_gain":0.0,"event_name":"Drug Dealer","player_choice":"Inject Mutagens","floor":24.0,"gold_loss":0.0,"damage_taken":0.0,"relics_obtained":["MutagenicStrength"]}],"is_beta":false,"boss_relics":[{"not_picked":["Empty Cage","Pandora\u0027s Box"],"picked":"SacredBark"}],"items_purged_floors":[4,19,28],"is_endless":false,"potions_floor_spawned":[3,13,14,18,31],"killed_by":"Collector","ascension_level":6}}