{"host":"2461dio7vetlq1z3","time":1609189726,"event":{"mods":["2.2 Compatiblity","AchievementEnabler","Aspiration","BaseMod","Better Third Choice","Friendly Minions","Hermit","Marisa????????","Minty Spire (QoL Compilation)","Relic Stats","Spicy Shops","StSLib","Waifu the Spire"],"gold_per_floor":[111,124,138,138,63,63,82,82,108,133,143,176,194,208,208,282,282,296,221,237,237,248,248,277,277,322,335,355,355,355,386,386,461,461,471,471,491,52,63,89,105,105,159,190,206,234,234,47,47,47,47,47,5,36,36],"floor_reached":56,"playtime":4012,"items_purged":["Strike_MRS","Strike_MRS"],"score":2325,"play_id":"a9ee7228-12c7-4319-b0ea-215ce8feea62","local_time":"20201228220846","is_ascension_mode":true,"campfire_choices":[{"data":"DoubleSpark","floor":6.0,"key":"SMITH"},{"data":"OpenUniverse","floor":15.0,"key":"SMITH"},{"floor":23.0,"key":"REST"},{"data":"EscapeVelocity","floor":25.0,"key":"SMITH"},{"data":"Havoc","floor":32.0,"key":"SMITH"},{"floor":42,"key":"RECALL"},{"data":"Dual Wield","floor":47,"key":"SMITH"},{"data":"Barricade","floor":49,"key":"SMITH"},{"data":"Feel No Pain","floor":52,"key":"SMITH"}],"circlet_count":0,"master_deck":["AscendersBane","Strike_MRS","Defend_MRS","Defend_MRS","Defend_MRS","Defend_MRS","MasterSpark","UpSweep","DoubleSpark+1","DC+1","SprinkleStarSeal","Feel No Pain+1","Parasite","Parasite","StarlightTyphoon","Pommel Strike","Inflame","StarlightTyphoon","OpenUniverse+1","EscapeVelocity+1","Havoc+1","Barricade+1","Dark Embrace","Ghostly","Ghostly","Ghostly","Battle Trance","Impervious","Dual Wield+1","Feel No Pain","EarthLightRay+1","SuperPerseids+1","Orbital","Second Wind"],"relics":["aspiration:IroncladSkillbook","Juzu Bracelet","ShroomBag","Omamori","ExperimentalFamiliar","aspiration:RitualStick","aspiration:Lifesprig","Nunchaku","CaptainsWheel","Lantern","Black Star","Bottled Tornado","DollysMirror","Eternal Feather","Regal Pillow","aspiration:SeaSaltIceCream","Bottled Tornado","Blood Vial","Ornamental Fan","Blue Candle","BreadOfAWashokuLover","Orichalcum"],"acts_visited":["Exordium","TheCity","TheBeyond","TheEnding"],"potions_floor_usage":[33,50,55],"damage_taken":[{"damage":1.0,"enemies":"Cultist","floor":1.0,"turns":4.0},{"damage":7.0,"enemies":"Small Slimes","floor":2.0,"turns":3.0},{"damage":12.0,"enemies":"Jaw Worm","floor":3.0,"turns":2.0},{"damage":1.0,"enemies":"Blue Slaver","floor":7.0,"turns":4.0},{"damage":13.0,"enemies":"Gremlin Nob","floor":10.0,"turns":4.0},{"damage":1.0,"enemies":"Looter","floor":11.0,"turns":2.0},{"damage":10.0,"enemies":"Lagavulin","floor":12.0,"turns":5.0},{"damage":12.0,"enemies":"Large Slime","floor":13.0,"turns":5.0},{"damage":5.0,"enemies":"Exordium Thugs","floor":14.0,"turns":4.0},{"damage":19.0,"enemies":"The Guardian","floor":16.0,"turns":10.0},{"damage":32.0,"enemies":"Shell Parasite","floor":18.0,"turns":5.0},{"damage":1.0,"enemies":"Spheric Guardian","floor":20.0,"turns":4.0},{"damage":30.0,"enemies":"Chosen and Byrds","floor":22.0,"turns":7.0},{"damage":28.0,"enemies":"Book of Stabbing","floor":24.0,"turns":6.0},{"damage":12.0,"enemies":"Snake Plant","floor":27.0,"turns":3.0},{"damage":10.0,"enemies":"3 Cultists","floor":28.0,"turns":6.0},{"damage":0.0,"enemies":"Gremlin Leader","floor":31.0,"turns":5.0},{"damage":6,"enemies":"Automaton","floor":33,"turns":5},{"damage":3,"enemies":"Orb Walker","floor":35,"turns":4},{"damage":15,"enemies":"3 Shapes","floor":37,"turns":5},{"damage":2,"enemies":"Sphere and 2 Shapes","floor":39,"turns":5},{"damage":0,"enemies":"Nemesis","floor":40,"turns":7},{"damage":0,"enemies":"Transient","floor":41,"turns":6},{"damage":12,"enemies":"Reptomancer","floor":44,"turns":8},{"damage":5,"enemies":"Maw","floor":45,"turns":7},{"damage":3,"enemies":"Giant Head","floor":46,"turns":7},{"damage":17,"enemies":"Awakened One","floor":50,"turns":7},{"damage":35,"enemies":"Shield and Spear","floor":54,"turns":7},{"damage":19,"enemies":"The Heart","floor":55,"turns":10}],"seed_played":"-2610600408329209659","potions_obtained":[{"floor":3.0,"key":"Ancient Potion"},{"floor":10.0,"key":"Weak Potion"},{"floor":11.0,"key":"Swift Potion"},{"floor":12.0,"key":"Swift Potion"},{"floor":13.0,"key":"FairyPotion"},{"floor":16.0,"key":"PowerPotion"},{"floor":22.0,"key":"CultistPotion"},{"floor":27.0,"key":"Strength Potion"},{"floor":31.0,"key":"SmokeBomb"},{"floor":33,"key":"Block Potion"},{"floor":37,"key":"ColorlessPotion"},{"floor":46,"key":"SteroidPotion"},{"floor":54,"key":"SneckoOil"}],"is_trial":false,"path_per_floor":["M","M","M","?","$","R","M","?","T","E","M","E","M","M","R","B",null,"M","?","M","?","M","R","E","R","T","M","M","?","?","E","R","B",null,"M","?","M","$","M","E","M","R","T","E","M","E","R","$","R","B",null,"R","$","E","B",null],"character_chosen":"MARISA","items_purchased":["Bottled Tornado","DollysMirror","Orbital","Second Wind"],"campfire_rested":1,"item_purchase_floors":[38,38,48,53],"current_hp_per_floor":[66,63,55,55,55,55,58,62,62,53,56,54,48,51,51,40,63,39,39,44,26,25,46,26,26,26,22,20,20,20,28,28,30,34,35,35,25,25,31,35,35,35,35,27,32,35,35,35,35,32,34,35,35,14,37],"gold":36,"neow_bonus":"BOSS_RELIC","is_daily":false,"chose_seed":false,"campfire_upgraded":7,"win_rate":0.0,"timestamp":1609189726,"path_taken":["M","M","M","?","$","R","M","?","T","E","M","E","M","M","R","BOSS","M","?","M","?","M","R","E","R","T","M","M","?","?","E","R","BOSS","M","?","M","$","M","E","M","R","T","E","M","E","R","$","R","BOSS","R","$","E","BOSS"],"items_purchased_type":["Relic","Relic","Card","Card"],"build_version":"2020-12-22","purchased_purges":2,"victory":true,"max_hp_per_floor":[70,70,70,70,70,70,70,70,70,70,70,70,70,70,70,70,70,70,70,70,70,70,70,70,70,70,70,70,70,35,35,35,35,35,35,35,35,35,35,35,35,35,35,35,35,35,35,35,35,35,35,35,35,35,48],"relic_stats":{"Blood Vial":6,"Nunchaku":[36],"Regal Pillow":0,"counters":[29,157],"Ornamental Fan":[120],"Blue Candle":[7],"Eternal Feather":1,"Juzu Bracelet":1,"Black Star":4,"Orichalcum":[0],"obtain_stats":[{"aspiration:Lifesprig":24,"Lantern":31,"Regal Pillow":40,"Blue Candle":40,"Eternal Feather":40,"BreadOfAWashokuLover":54,"Juzu Bracelet":9,"Omamori":12,"aspiration:SeaSaltIceCream":44,"Bottled Tornado":38,"Orichalcum":54,"aspiration:IroncladSkillbook":0,"aspiration:RitualStick":21,"Blood Vial":44,"ShroomBag":10,"Nunchaku":26,"CaptainsWheel":29,"ExperimentalFamiliar":17,"DollysMirror":38,"Sundial":40,"Ornamental Fan":46,"Black Star":34,"MiniHakkero":0},{"aspiration:Lifesprig":14,"Lantern":17,"Regal Pillow":22,"Blue Candle":22,"Eternal Feather":22,"BreadOfAWashokuLover":28,"Juzu Bracelet":4,"Omamori":7,"aspiration:SeaSaltIceCream":24,"Bottled Tornado":20,"Orichalcum":28,"aspiration:IroncladSkillbook":0,"aspiration:RitualStick":12,"Blood Vial":24,"ShroomBag":5,"Nunchaku":14,"CaptainsWheel":16,"ExperimentalFamiliar":10,"DollysMirror":20,"Sundial":22,"Ornamental Fan":26,"Black Star":18,"MiniHakkero":0},{"aspiration:Lifesprig":65,"Lantern":79,"Regal Pillow":105,"Blue Candle":102,"Eternal Feather":105,"BreadOfAWashokuLover":147,"Juzu Bracelet":13,"Omamori":24,"aspiration:SeaSaltIceCream":119,"Bottled Tornado":93,"Orichalcum":147,"aspiration:IroncladSkillbook":0,"aspiration:RitualStick":52,"Blood Vial":119,"ShroomBag":17,"Nunchaku":65,"CaptainsWheel":74,"ExperimentalFamiliar":43,"DollysMirror":93,"Sundial":101,"Ornamental Fan":133,"Black Star":84,"MiniHakkero":0}],"aspiration:RitualStick":[10]},"card_choices":[{"not_picked":["Perfected Strike","PulseMagic","WitchLeyline"],"picked":"DoubleSpark","floor":1.0},{"not_picked":["GalacticHalo","True Grit","GrandCross"],"picked":"DC","floor":2.0},{"not_picked":["AsteroidBelt","DarkSpark","DC"],"picked":"SprinkleStarSeal","floor":3.0},{"not_picked":["UltimateShortwave","AsteroidBelt","IllusionStar"],"picked":"Feel No Pain","floor":7.0},{"not_picked":["Headbutt","GalacticHalo","Searing Blow"],"picked":"StarlightTyphoon","floor":10.0},{"not_picked":["PowerUp","Flex","BlazeAway"],"picked":"Pommel Strike","floor":11.0},{"not_picked":["Metallicize","Twin Strike","DC"],"picked":"Inflame","floor":12.0},{"not_picked":["ManaConvection","GasGiant","GalacticHalo"],"picked":"StarlightTyphoon","floor":13.0},{"not_picked":["AbsoluteMagnitude","IllusionStar","Heavy Blade"],"picked":"OpenUniverse","floor":14.0},{"not_picked":["AbsoluteMagnitude","CollectingQuirk","Demon Form"],"picked":"EscapeVelocity","floor":16.0},{"not_picked":["Clothesline","Entrench","MagicChant"],"picked":"Havoc","floor":18.0},{"not_picked":["IllusionStar","Iron Wave","Perfected Strike","MilkyWay"],"picked":"SKIP","floor":20.0},{"not_picked":["OrrerysSun+1","MysteriousBeam","Combust","Warcry"],"picked":"SKIP","floor":22.0},{"not_picked":["PulseMagic","Rage","WitchOfGreed","Inflame"],"picked":"SKIP","floor":24.0},{"not_picked":["Flex","Dropkick","NonDirectionalLaser"],"picked":"Barricade","floor":27.0},{"not_picked":["Perfected Strike+1","DoubleSpark","Body Slam"],"picked":"Dark Embrace","floor":28.0},{"not_picked":["ShootTheMoon","ShootingEcho","MagicAbsorber"],"picked":"Battle Trance","floor":31.0},{"not_picked":["UltimateShortwave","Bludgeon","StarDustReverie"],"picked":"Impervious","floor":33},{"not_picked":["Wild Strike","Shrug It Off","IllusionStar"],"picked":"Dual Wield","floor":35},{"not_picked":["DC","Havoc","Sever Soul+1","Rampage+1"],"picked":"SKIP","floor":37},{"not_picked":["Heavy Blade","Robbery","Metallicize","Perfected Strike+1"],"picked":"SKIP","floor":39},{"not_picked":["LuminesStrike","GrandCross","Thunderclap","Searing Blow"],"picked":"SKIP","floor":40},{"not_picked":["Warcry","DoubleSpark+1","Twin Strike+1","Wild Strike"],"picked":"SKIP","floor":41},{"not_picked":["SporeBomb+1","BinaryStars","Flex","UnstableBomb"],"picked":"SKIP","floor":44},{"not_picked":["DoubleSpark","Sword Boomerang+1","Dropkick"],"picked":"EarthLightRay+1","floor":45},{"not_picked":["MysteriousBeam+1","Havoc+1","Searing Blow"],"picked":"SuperPerseids+1","floor":46},{"not_picked":["Clothesline","LuminesStrike","UnstableBomb","Thunderclap"],"picked":"SKIP","floor":54}],"player_experience":1079371,"relics_obtained":[{"floor":9.0,"key":"Juzu Bracelet"},{"floor":10.0,"key":"ShroomBag"},{"floor":12.0,"key":"Omamori"},{"floor":24.0,"key":"aspiration:Lifesprig"},{"floor":26.0,"key":"Nunchaku"},{"floor":31.0,"key":"Lantern"},{"floor":40,"key":"Eternal Feather"},{"floor":40,"key":"Regal Pillow"},{"floor":44,"key":"aspiration:SeaSaltIceCream"},{"floor":44,"key":"Blood Vial"},{"floor":46,"key":"Ornamental Fan"},{"floor":46,"key":"Blue Candle"},{"floor":54,"key":"BreadOfAWashokuLover"},{"floor":54,"key":"Orichalcum"}],"event_choices":[{"damage_healed":0.0,"max_hp_gain":0.0,"max_hp_loss":0.0,"gold_gain":0.0,"event_name":"Living Wall","player_choice":"Grow","floor":4.0,"gold_loss":0.0,"damage_taken":0.0,"cards_upgraded":["DC"]},{"cards_removed":["Strike_MRS"],"damage_healed":0.0,"max_hp_gain":0.0,"max_hp_loss":0.0,"gold_gain":0.0,"event_name":"Beggar","player_choice":"Gave Gold","floor":19.0,"gold_loss":75.0,"damage_taken":0.0},{"damage_healed":0.0,"max_hp_gain":0.0,"max_hp_loss":0.0,"gold_gain":0.0,"event_name":"The Mausoleum","player_choice":"Opened","floor":29.0,"gold_loss":0.0,"damage_taken":0.0,"relics_obtained":["CaptainsWheel"],"cards_obtained":["Writhe"]},{"damage_healed":0.0,"max_hp_gain":0.0,"max_hp_loss":35.0,"gold_gain":0.0,"event_name":"Ghosts","player_choice":"Became a Ghost","floor":30.0,"gold_loss":0.0,"damage_taken":0.0,"cards_obtained":["Ghostly","Ghostly","Ghostly"]},{"damage_healed":0,"gold_gain":0,"player_choice":"Ignored","damage_taken":0,"max_hp_gain":0,"max_hp_loss":0,"event_name":"Tomb of Lord Red Mask","floor":36,"gold_loss":0}],"is_beta":false,"boss_relics":[{"not_picked":["aspiration:SecretTechniqueScroll","Philosopher\u0027s Stone"],"picked":"ExperimentalFamiliar"},{"not_picked":["Runic Pyramid","Astrolabe"],"picked":"Black Star"}],"items_purged_floors":[5,48],"is_endless":false,"potions_floor_spawned":[3,10,11,12,13,16,22,27,31,33,37,44,46,54],"ascension_level":19}}