{"host":"nzm1i0l8mrsm8hd2","time":1609152676,"event":{"mods":["Act Like it!","BaseMod","Better Third Choice","Conspire","Gensokyo","Minty Spire (QoL Compilation)","Pale of the Ancients","Quick Restart","RumiaBox-露米娅的神秘盒子","Spicy Shops","StSLib","The Dragon Tamer","Wandering Minibosses"],"gold_per_floor":[115,115,125,225,236,268,279,279,305,305,334,346,361,375,375,375,375],"floor_reached":16,"playtime":855,"items_purged":[],"score":233,"play_id":"15174829-bd1f-4a81-bf81-04e5a17050d9","local_time":"20201228185116","is_ascension_mode":true,"campfire_choices":[{"data":"Neutralize","floor":8.0,"key":"SMITH"},{"floor":10.0,"key":"REST"},{"data":"conspire:DoublingDagger","floor":15,"key":"SMITH"}],"circlet_count":0,"master_deck":["AscendersBane","Strike_G","Strike_G","Strike_G","Strike_G","Strike_G","Defend_G","Defend_G","Defend_G","Defend_G","Defend_G","Survivor","Neutralize+1","Calculated Gamble","Footwork","conspire:DoublingDagger+1","Calculated Gamble"],"relics":["Ring of the Snake","NeowsBlessing","Baka","Regal Pillow","Oddly Smooth Stone","Orichalcum"],"acts_visited":["Exordium"],"potions_floor_usage":[13,16],"damage_taken":[{"damage":0.0,"enemies":"Gensokyo:Gryphon","floor":1.0,"turns":1.0},{"damage":0.0,"enemies":"Gensokyo:Python","floor":3.0,"turns":1.0},{"damage":0.0,"enemies":"Gensokyo:3_Fairies","floor":5.0,"turns":1.0},{"damage":28.0,"enemies":"Gensokyo:Mamizou","floor":6.0,"turns":11.0},{"damage":7.0,"enemies":"Gensokyo:LivingMonolith","floor":7.0,"turns":4.0},{"damage":27.0,"enemies":"Gensokyo:Aya","floor":11.0,"turns":15.0},{"damage":23.0,"enemies":"Gensokyo:Python_and_Kodama","floor":12.0,"turns":10.0},{"damage":20,"enemies":"Gensokyo:Kitsune","floor":13,"turns":8},{"damage":0,"enemies":"Gensokyo:Gryphon_and_Rabbit","floor":14,"turns":2},{"damage":60,"enemies":"Gensokyo:Kokoro","floor":16,"turns":13}],"seed_played":"-3737197288899190673","potions_obtained":[{"floor":1.0,"key":"PowerPotion"},{"floor":5.0,"key":"ColorlessPotion"},{"floor":12.0,"key":"Regen Potion"},{"floor":13,"key":"CunningPotion"}],"is_trial":false,"path_per_floor":["M","?","M","?","M","E","M","R","T","R","E","M","M","M","R","B"],"character_chosen":"THE_SILENT","items_purchased":[],"campfire_rested":1,"item_purchase_floors":[],"current_hp_per_floor":[59,59,59,59,59,31,24,24,24,67,40,59,54,54,54,0,0],"gold":375,"neow_bonus":"THREE_ENEMY_KILL","is_daily":false,"chose_seed":false,"campfire_upgraded":2,"win_rate":0.0,"timestamp":1609152676,"path_taken":["M","?","M","?","?","E","M","R","T","R","E","M","M","M","R","BOSS"],"items_purchased_type":[],"build_version":"2020-12-22","purchased_purges":0,"victory":false,"max_hp_per_floor":[66,66,96,96,96,96,96,96,96,96,96,96,96,96,96,96,96],"card_choices":[{"not_picked":["Backstab","Quick Slash","Outmaneuver"],"picked":"SKIP","floor":1.0},{"not_picked":["Backflip","Flechettes"],"picked":"Calculated Gamble","floor":2.0},{"not_picked":["Poisoned Stab","Slice","Infinite Blades"],"picked":"SKIP","floor":3.0},{"not_picked":["Crippling Poison","Dodge and Roll"],"picked":"Footwork","floor":5.0},{"not_picked":["Finisher","Calculated Gamble"],"picked":"conspire:DoublingDagger","floor":6.0},{"not_picked":["Slice","Skewer","Infinite Blades"],"picked":"SKIP","floor":7.0},{"not_picked":["Grand Finale","Night Terror"],"picked":"Calculated Gamble","floor":11.0},{"not_picked":["Dodge and Roll","Flying Knee","Slice"],"picked":"SKIP","floor":12.0},{"not_picked":["Setup","Flying Knee","Dodge and Roll"],"picked":"SKIP","floor":13},{"not_picked":["Acrobatics","Eviscerate","Deflect"],"picked":"SKIP","floor":14}],"player_experience":557893,"relics_obtained":[{"floor":1.0,"key":"Baka"},{"floor":6.0,"key":"Regal Pillow"},{"floor":9.0,"key":"Oddly Smooth Stone"},{"floor":11.0,"key":"Orichalcum"}],"event_choices":[],"is_beta":false,"boss_relics":[],"items_purged_floors":[],"is_endless":false,"potions_floor_spawned":[1,5,12,13],"killed_by":"Gensokyo:Kokoro","ascension_level":20}}