{"host":"xjyie0ctswsml60g","time":1609180125,"event":{"mods":["AchievementEnabler","BaseMod","Colored Map","Minty Spire (QoL Compilation)","Quick Restart","SuperFastMode"],"gold_per_floor":[211,211,229,240,19,19,38,38,84,84,116,126,26,52,52,52,52],"floor_reached":16,"playtime":914,"items_purged":["Defend_P","Defend_P"],"score":110,"play_id":"86ef4d03-cc64-4085-97d7-bbf4d37cdd87","local_time":"20201228202845","is_ascension_mode":false,"campfire_choices":[{"floor":6.0,"key":"RECALL"},{"data":"Perseverance","floor":10.0,"key":"SMITH"},{"data":"LikeWater","floor":15.0,"key":"SMITH"}],"circlet_count":0,"master_deck":["Strike_P","Strike_P","Strike_P","Strike_P","Defend_P","Defend_P","Eruption","Vigilance","Protect","EmptyMind","BowlingBash","Perseverance+1","Conclude","FlurryOfBlows","Evaluate","DeceiveReality","LikeWater+1","ThirdEye"],"relics":["PureWater","Orrery","Centennial Puzzle","Bottled Lightning"],"acts_visited":["Exordium"],"potions_floor_usage":[16],"damage_taken":[{"damage":0.0,"enemies":"2 Louse","floor":1.0,"turns":2.0},{"damage":1.0,"enemies":"Cultist","floor":3.0,"turns":4.0},{"damage":1.0,"enemies":"Jaw Worm","floor":4.0,"turns":3.0},{"damage":13.0,"enemies":"Red Slaver","floor":7.0,"turns":4.0},{"damage":31.0,"enemies":"Lagavulin","floor":11.0,"turns":8.0},{"damage":3.0,"enemies":"Large Slime","floor":12.0,"turns":4.0},{"damage":2.0,"enemies":"3 Sentries","floor":14.0,"turns":7.0},{"damage":6,"enemies":"Hexaghost","floor":16,"turns":5}],"seed_played":"8717885379053001485","potions_obtained":[{"floor":4.0,"key":"EssenceOfSteel"},{"floor":12.0,"key":"Energy Potion"},{"floor":14.0,"key":"Swift Potion"}],"is_trial":false,"path_per_floor":["M","?","M","M","$","R","M","?","T","R","E","M","$","E","R","B"],"character_chosen":"WATCHER","items_purchased":["Orrery"],"campfire_rested":0,"item_purchase_floors":[5],"current_hp_per_floor":[72,72,71,70,70,70,57,57,57,57,26,23,23,21,21,15,15],"gold":52,"neow_bonus":"HUNDRED_GOLD","is_daily":false,"chose_seed":false,"campfire_upgraded":2,"win_rate":0.0,"timestamp":1609180125,"path_taken":["M","?","M","?","$","R","M","?","T","R","E","?","$","E","R","BOSS"],"items_purchased_type":["Relic"],"build_version":"2020-12-22","purchased_purges":2,"victory":false,"max_hp_per_floor":[72,72,72,72,72,72,72,72,72,72,72,72,72,72,72,72,72],"card_choices":[{"not_picked":["EmptyFist","Meditate"],"picked":"Protect","floor":1.0},{"not_picked":["PathToVictory","Consecrate"],"picked":"BowlingBash","floor":3.0},{"not_picked":["Nirvana","JustLucky","BowlingBash"],"picked":"SKIP","floor":4.0},{"not_picked":["CrushJoints","Weave"],"picked":"Perseverance","floor":5.0},{"not_picked":["Prostrate","PathToVictory"],"picked":"Conclude","floor":5.0},{"not_picked":["Scrawl","MasterReality"],"picked":"FlurryOfBlows","floor":5.0},{"not_picked":["FollowUp","FearNoEvil"],"picked":"Evaluate","floor":7.0},{"not_picked":["BowlingBash","FlurryOfBlows"],"picked":"DeceiveReality","floor":11.0},{"not_picked":["JustLucky","DeceiveReality"],"picked":"LikeWater","floor":12.0},{"not_picked":["Blasphemy","Halt"],"picked":"ThirdEye","floor":14.0}],"player_experience":455064,"relics_obtained":[{"floor":11.0,"key":"Centennial Puzzle"},{"floor":14.0,"key":"Bottled Lightning"}],"event_choices":[{"damage_healed":0.0,"max_hp_gain":0.0,"max_hp_loss":0.0,"gold_gain":0.0,"event_name":"Match and Keep!","player_choice":"1 cards matched","floor":2.0,"gold_loss":0.0,"damage_taken":0.0,"cards_obtained":["EmptyMind"]},{"damage_healed":0.0,"max_hp_gain":0.0,"max_hp_loss":0.0,"gold_gain":0.0,"event_name":"Transmorgrifier","player_choice":"Ignored","floor":8.0,"gold_loss":0.0,"damage_taken":0.0}],"is_beta":false,"boss_relics":[],"items_purged_floors":[5,13],"is_endless":false,"potions_floor_spawned":[4,12,14],"killed_by":"Hexaghost","ascension_level":0}}