{"host":"stk82ot58bnorhun","time":1609131363,"event":{"mods":["BaseMod","Downfall","Minty Spire (QoL Compilation)","StSLib"],"gold_per_floor":[99,99,99,116,53,53,78,78,89,102,133,147,147,161,172,274,274,274,289,309,329,346,371,371,384,418,432,432,467,467,492,503,602,602,602,621,621,636,656,656,656,656],"floor_reached":40,"playtime":3364,"items_purged":[],"score":627,"play_id":"07634620-1a95-4a0e-b4af-967d8b7b12ad","local_time":"20201228125603","is_ascension_mode":true,"campfire_choices":[{"floor":1.0,"key":"RECALL"},{"data":"Guardian:BronzeArmor","floor":8.0,"key":"SMITH"},{"data":"Guardian:Suspension","floor":13.0,"key":"SMITH"},{"data":"Guardian:GemFinder","floor":18.0,"key":"SMITH"},{"data":"Guardian:TimeCapacitor","floor":28.0,"key":"SMITH"},{"data":"Guardian:CurlUp","floor":30,"key":"SMITH"},{"data":"Guardian:Planning","floor":35,"key":"SMITH"}],"circlet_count":0,"master_deck":["Guardian:Strike_Guardian","Guardian:Strike_Guardian","Guardian:Strike_Guardian","Guardian:Strike_Guardian+1","Guardian:Defend_Guardian","Guardian:Defend_Guardian+1","Guardian:Defend_Guardian","Guardian:Defend_Guardian","Guardian:CurlUp+1","Guardian:TwinSlam+1","Guardian:Suspension+1","Guardian:BronzeArmor+1","Guardian:Planning+1","Guardian:ChargeCore","Guardian:Recover","Guardian:TemporalStrike","Guardian:ShieldCharger","Guardian:DecasProtection","Guardian:GemFinder+1","Guardian:Planning+1","Guardian:TemporalStrike","Guardian:EvasiveProtocol","Guardian:ChargeCore","Guardian:Repulse","Guardian:EvasiveProtocol","Guardian:TimeCapacitor+1","Guardian:BronzeArmor+1","Guardian:Reroute+1","Guardian:Emergency+1","Guardian:TimeSifter","CurseOfTheBell","Guardian:TemporalShield","Guardian:DecasProtection+1","Guardian:Harden"],"relics":["SlaversCollar","FossilizedHelix","Black Star","Centennial Puzzle","Unceasing Top","WingedGreaves","PreservedInsect","Oddly Smooth Stone","Darkstone Periapt","Eternal Feather","Kunai","Thread and Needle","Calling Bell","Bag of Marbles","Letter Opener","Ice Cream"],"acts_visited":["Exordium","TheCity","TheBeyond"],"potions_floor_usage":[40],"damage_taken":[{"damage":0.0,"enemies":"Cultist","floor":4.0,"turns":3.0},{"damage":0.0,"enemies":"downfall:FleeingMerchant","floor":5.0,"turns":4.0},{"damage":0.0,"enemies":"Jaw Worm","floor":9.0,"turns":3.0},{"damage":0.0,"enemies":"2 Louse","floor":10.0,"turns":2.0},{"damage":28.0,"enemies":"Gremlin Nob","floor":11.0,"turns":4.0},{"damage":0.0,"enemies":"Red Slaver","floor":12.0,"turns":3.0},{"damage":5.0,"enemies":"Lots of Slimes","floor":14.0,"turns":4.0},{"damage":0.0,"enemies":"Exordium Wildlife","floor":15.0,"turns":3.0},{"damage":9.0,"enemies":"downfall:Ironclad","floor":16.0,"turns":10.0},{"damage":2.0,"enemies":"3 Byrds","floor":19.0,"turns":4.0},{"damage":9.0,"enemies":"Cultist and Chosen","floor":20.0,"turns":8.0},{"damage":24.0,"enemies":"Sentry and Sphere","floor":21.0,"turns":8.0},{"damage":0.0,"enemies":"Centurion and Healer","floor":22.0,"turns":11.0},{"damage":13.0,"enemies":"Slavers","floor":23.0,"turns":8.0},{"damage":0.0,"enemies":"Snecko","floor":25.0,"turns":7.0},{"damage":0.0,"enemies":"Book of Stabbing","floor":26.0,"turns":5.0},{"damage":0.0,"enemies":"3 Cultists","floor":27.0,"turns":7.0},{"damage":16.0,"enemies":"Gremlin Leader","floor":29.0,"turns":12.0},{"damage":0,"enemies":"Book of Stabbing","floor":31,"turns":5},{"damage":0,"enemies":"Cultist and Chosen","floor":32,"turns":7},{"damage":0,"enemies":"downfall:Watcher","floor":33,"turns":7},{"damage":0,"enemies":"Orb Walker","floor":36,"turns":4},{"damage":14,"enemies":"3 Shapes","floor":38,"turns":5},{"damage":27,"enemies":"Transient","floor":39,"turns":5},{"damage":47,"enemies":"Reptomancer","floor":40,"turns":2}],"seed_played":"-2238345646795900533","potions_obtained":[{"floor":10.0,"key":"LiquidBronze"},{"floor":11.0,"key":"champ:CounterPotion"},{"floor":12.0,"key":"Guardian:BlockOnCardUsePotion"},{"floor":15.0,"key":"Block Potion"},{"floor":16.0,"key":"PowerPotion"},{"floor":19.0,"key":"Regen Potion"},{"floor":27.0,"key":"Regen Potion"},{"floor":33,"key":"EssenceOfSteel"}],"is_trial":false,"path_per_floor":["R","?","?","M","$","?","T","R","M","M","E","M","R","M","M","B",null,"R","M","M","M","M","E","T","M","E","M","R","E","R","E","M","B",null,"R","M","?","M","M","E"],"character_chosen":"GUARDIAN","items_purchased":["Guardian:Planning"],"campfire_rested":0,"item_purchase_floors":[5],"current_hp_per_floor":[80,80,80,80,80,80,80,80,80,80,52,52,52,47,47,38,80,80,78,69,45,60,47,47,47,47,47,47,46,61,61,61,61,86,86,86,86,72,45,0,0,0],"gold":656,"neow_bonus":"BOSS_RELIC","is_daily":false,"chose_seed":false,"campfire_upgraded":6,"win_rate":0.0,"timestamp":1609131363,"path_taken":["R","?","?","M","?","?","T","R","?","M","E","M","R","M","M","BOSS","R","M","M","M","M","E","T","M","E","?","R","E","R","E","M","BOSS","R","M","?","M","M","E"],"items_purchased_type":["Card"],"build_version":"2020-12-22","purchased_purges":0,"victory":false,"max_hp_per_floor":[80,80,80,80,80,80,80,80,80,80,80,80,80,80,80,80,80,80,80,80,80,80,80,80,80,80,80,80,80,80,80,80,80,86,86,86,86,86,86,86,86,86],"card_choices":[{"not_picked":["Guardian:PiercingHide","Guardian:Gem_Green"],"picked":"Guardian:Suspension","floor":4.0},{"not_picked":["Guardian:WalkerClaw","Guardian:Gem_Green"],"picked":"Guardian:BronzeArmor","floor":5.0},{"not_picked":["Guardian:GuardianWhirl","Guardian:Gem_Green"],"picked":"Guardian:Gem_Yellow","floor":9.0},{"not_picked":["Guardian:Gem_Red","Guardian:Incinerate"],"picked":"Guardian:ChargeCore","floor":10.0},{"not_picked":["Guardian:ConstructionForm","Guardian:PiercingHide"],"picked":"Guardian:Recover","floor":11.0},{"not_picked":["Guardian:Clone","Guardian:WalkerClaw"],"picked":"Guardian:TemporalStrike","floor":12.0},{"not_picked":["Guardian:Gem_Red","Guardian:Planning"],"picked":"Guardian:ShieldCharger","floor":14.0},{"not_picked":["Guardian:Recover","Guardian:Gem_Lightblue"],"picked":"Guardian:DecasProtection","floor":15.0},{"not_picked":["Guardian:StasisStrike","Guardian:SphericShield"],"picked":"Guardian:GemFinder","floor":16.0},{"not_picked":["Guardian:Gem_Fragmented","Guardian:Gem_Lightblue"],"picked":"Guardian:Planning+1","floor":19.0},{"not_picked":["Guardian:Gem_Lightblue","Guardian:Gem_Red"],"picked":"Guardian:Gem_Cyan","floor":20.0},{"not_picked":["Guardian:PrimingBeam+1","Guardian:WalkerClaw+1"],"picked":"Guardian:TemporalStrike","floor":20.0},{"not_picked":["Guardian:Gem_Lightblue","Guardian:Gem_Red"],"picked":"Guardian:Gem_Cyan","floor":21.0},{"not_picked":["Guardian:ShieldSpikes+1","Guardian:WalkerClaw","Guardian:Gem_Cyan"],"picked":"SKIP","floor":21.0},{"not_picked":["Guardian:ChargeCore","Guardian:VentSteam+1"],"picked":"Guardian:EvasiveProtocol","floor":22.0},{"not_picked":["Guardian:Gem_Lightblue","Guardian:Gem_Red"],"picked":"Guardian:Gem_Cyan","floor":23.0},{"not_picked":["Guardian:Gem_Green","Guardian:PiercingHide"],"picked":"Guardian:ChargeCore","floor":23.0},{"not_picked":["Guardian:Gem_Green","Guardian:Gem_Red"],"picked":"Guardian:Gem_Cyan","floor":25.0},{"not_picked":["Guardian:Reroute","Guardian:Incinerate"],"picked":"Guardian:Repulse","floor":25.0},{"not_picked":["Guardian:RollAttack","Guardian:Reroute+1"],"picked":"Guardian:EvasiveProtocol","floor":26.0},{"not_picked":["Guardian:PiercingHide","Guardian:PrismaticBarrier"],"picked":"Guardian:TimeCapacitor","floor":27.0},{"not_picked":["Guardian:ChargeCore","Guardian:Gem_Green"],"picked":"Guardian:BronzeArmor+1","floor":29},{"not_picked":["Guardian:Gem_Lightblue","Guardian:GemFinder"],"picked":"Guardian:Reroute+1","floor":31},{"not_picked":["Guardian:Gem_Green","Guardian:Gem_Lightblue"],"picked":"Guardian:Gem_Red","floor":32},{"not_picked":["Guardian:PiercingHide","Guardian:ChargeCore"],"picked":"Guardian:Emergency+1","floor":32},{"not_picked":["Guardian:GemFire","Guardian:SphericShield"],"picked":"Guardian:TimeSifter","floor":33},{"not_picked":["Guardian:Reroute","Guardian:PrimingBeam"],"picked":"Guardian:TemporalShield","floor":36},{"not_picked":["Guardian:Recover+1","Guardian:TemporalShield+1"],"picked":"Guardian:DecasProtection+1","floor":38},{"not_picked":["Guardian:BronzeOrb+1","Guardian:TemporalStrike+1"],"picked":"Guardian:Harden","floor":39}],"player_experience":46672,"relics_obtained":[{"floor":11.0,"key":"FossilizedHelix"},{"floor":23.0,"key":"Centennial Puzzle"},{"floor":23.0,"key":"Unceasing Top"},{"floor":24.0,"key":"WingedGreaves"},{"floor":26.0,"key":"PreservedInsect"},{"floor":26.0,"key":"Oddly Smooth Stone"},{"floor":29,"key":"Darkstone Periapt"},{"floor":29,"key":"Eternal Feather"},{"floor":31,"key":"Kunai"},{"floor":31,"key":"Thread and Needle"},{"floor":34,"key":"Bag of Marbles"},{"floor":34,"key":"Letter Opener"},{"floor":34,"key":"Ice Cream"}],"event_choices":[],"is_beta":false,"boss_relics":[{"not_picked":["SacredBark","Coffee Dripper"],"picked":"Black Star"},{"not_picked":["Cursed Key","Busted Crown"],"picked":"Calling Bell"}],"items_purged_floors":[],"is_endless":false,"potions_floor_spawned":[10,11,12,15,16,19,21,27,33],"killed_by":"Reptomancer","ascension_level":1}}