{"host":"e8rlfedn69rz2s07","time":1609185287,"event":{"mods":["Act Like it!","BaseMod","Conspire","Hubris","Infinite Spire","Minty Spire (QoL Compilation)","Permanent Neow","Relic Stats","Replay The Spire","Shop Mod","StSLib","The Jungle"],"gold_per_floor":[114,129,142,142,30,58,58,74,98,98,116,141,157,157,157,157,157],"floor_reached":16,"playtime":719,"items_purged":[],"score":224,"play_id":"92a4f4a6-904b-4df6-a3b8-f776af80b84e","local_time":"20201228215446","is_ascension_mode":true,"campfire_choices":[{"floor":7,"key":"REST"},{"floor":10,"key":"REST"},{"floor":15,"key":"REST"}],"circlet_count":0,"master_deck":["AscendersBane","Strike_G","Strike_G","Strike_G","Strike_G","Strike_G","Defend_G","Defend_G","Defend_G","Defend_G","Defend_G","Survivor","hubris:Gluttony","Burst","Dagger Throw","Flying Knee","Unload+1","Wraith Form v2+1","Replay:Poison Smokescreen","Well Laid Plans","Terror","Adrenaline"],"relics":["Ring of the Snake","Mirror","ReplayTheSpireMod:TigerMarble","Centennial Puzzle"],"acts_visited":["Exordium"],"potions_floor_usage":[3,12,12],"damage_taken":[{"damage":12,"enemies":"Cultist","floor":1,"turns":6},{"damage":2,"enemies":"2 Louse","floor":2,"turns":3},{"damage":0,"enemies":"Small Slimes","floor":3,"turns":2},{"damage":30,"enemies":"3 Sentries","floor":6,"turns":12},{"damage":2,"enemies":"Exordium Thugs","floor":8,"turns":5},{"damage":2,"enemies":"Exordium Wildlife","floor":11,"turns":4},{"damage":36,"enemies":"Replay:BlueRogue","floor":12,"turns":7},{"damage":10,"enemies":"Large Slime","floor":13,"turns":6},{"damage":26,"enemies":"Slime Boss","floor":16,"turns":6}],"seed_played":"1795693643574997236","potions_obtained":[{"floor":2,"key":"AttackPotion"},{"floor":8,"key":"FearPotion"},{"floor":11,"key":"Adrenaline Potion"}],"is_trial":false,"path_per_floor":["M","M","M","?","$","E","R","M","T","R","M","E","M","$","R","B"],"character_chosen":"THE_SILENT","items_purchased":["Wraith Form v2+1"],"campfire_rested":3,"item_purchase_floors":[5],"current_hp_per_floor":[47,45,45,45,45,15,34,32,32,51,49,13,3,3,22,0,0],"gold":157,"neow_bonus":"THREE_RARE_CARDS","is_daily":false,"chose_seed":false,"campfire_upgraded":0,"win_rate":0.0,"timestamp":1609185286,"path_taken":["M","M","?","?","$","E","R","M","T","R","M","E","M","?","R","BOSS"],"items_purchased_type":["Card"],"build_version":"2020-12-22","purchased_purges":0,"victory":false,"max_hp_per_floor":[66,66,66,66,66,66,66,66,66,66,66,66,66,66,66,66,66],"relic_stats":{"Centennial Puzzle":[6],"counters":[9,51],"obtain_stats":[{"Centennial Puzzle":12,"ReplayTheSpireMod:TigerMarble":9,"Mirror":6,"Ring of the Snake":0},{"Centennial Puzzle":7,"ReplayTheSpireMod:TigerMarble":5,"Mirror":4,"Ring of the Snake":0},{"Centennial Puzzle":39,"ReplayTheSpireMod:TigerMarble":28,"Mirror":23,"Ring of the Snake":0}],"Ring of the Snake":[18]},"card_choices":[{"not_picked":["Venomology","Poison Darts"],"picked":"Burst","floor":0.0},{"not_picked":["Blur","Prepared"],"picked":"Dagger Throw","floor":1},{"not_picked":["Prepared","hubris:Counter"],"picked":"Flying Knee","floor":2},{"not_picked":["Slice","Sucker Punch","hubris:Sniper"],"picked":"SKIP","floor":3},{"not_picked":["Acrobatics","Flechettes","Dagger Throw"],"picked":"SKIP","floor":6},{"not_picked":["Prepared","Slice"],"picked":"Replay:Poison Smokescreen","floor":8},{"not_picked":["Bane","Deflect"],"picked":"Well Laid Plans","floor":11},{"not_picked":["PiercingWail","Slice"],"picked":"Terror","floor":12},{"not_picked":["hubris:Sniper","Underhanded Strike"],"picked":"Adrenaline","floor":13}],"player_experience":925183,"relics_obtained":[{"floor":6,"key":"Mirror"},{"floor":9,"key":"ReplayTheSpireMod:TigerMarble"},{"floor":12,"key":"Centennial Puzzle"}],"event_choices":[],"is_beta":false,"boss_relics":[],"items_purged_floors":[],"is_endless":false,"potions_floor_spawned":[2,8,11],"killed_by":"Slime Boss","ascension_level":20}}