{"host":"r7lw16gtaifltel5","time":1609145127,"event":{"mods":["BaseMod","Hermit","Lobotomy","Minty Spire (QoL Compilation)","Shade Mod","StSLib","The Bug Knight","The Cursed","The Gatherer","The Hierophant","The Jungle","The Runesmith","WarShipGirlsR/??á´Ò³R mod"],"gold_per_floor":[113,128,140,150,0,29,29,45,72,100,0,0,0,0,0,98,98,116,47,67,117,128,128,161,161,161,172,186,186,215,215,215,319,319,334,351,367,380,380,410,410,425,425,436,280,300,106,135,135,135],"floor_reached":51,"playtime":5412,"items_purged":["Gatherer:Strike_Gatherer","Gatherer:Strike_Gatherer"],"score":734,"play_id":"3032972d-0685-4b16-99ae-c696f4852f11","local_time":"20201228174527","is_ascension_mode":false,"metric_token":861,"campfire_choices":[{"floor":15,"key":"REST"},{"data":"Gatherer:QuickSynthesis","floor":23,"key":"SMITH"},{"floor":32,"key":"REST"},{"floor":41,"key":"REST"},{"floor":49,"key":"REST"}],"circlet_count":0,"master_deck":["Gatherer:Strike_Gatherer","Gatherer:Strike_Gatherer","Gatherer:Defend_Gatherer+1","Gatherer:Defend_Gatherer","Gatherer:Defend_Gatherer+1","Gatherer:Centralize","Gatherer:FlowerWhip","Gatherer:FlamingBottle","Gatherer:WoolGloves","Gatherer:Snatch","Gatherer:FlamingBottle","Gatherer:Herbalism","Gatherer:QuickSynthesis","Gatherer:QuickSynthesis+1","Gatherer:SealedBomb","Gatherer:WoolGloves+1","Gatherer:Liquidism","Gatherer:UpgradeBag+1","Gatherer:WoolGloves+1","Gatherer:QuickSynthesis+1","Gatherer:FlowerShield+1","Gatherer:MindSearch","Gatherer:FruitForce+1","Gatherer:DrugPower+1","Gatherer:TreeGrowth","Gatherer:FlowerShield+1","CrushJoints+1","Gatherer:QuickSynthesis+1","Gatherer:ScherryThrow+1"],"relics":["Gatherer:AlchemyBag","War Paint","Bronze Scales","Ancient Tea Set","Bag of Preparation","SacredBark","Bag of Marbles","Runesmith:Locket","Girya","Empty Cage","Blood Vial","Nunchaku","Toxic Egg 2","Vajra","Runesmith:AutoHammer"],"acts_visited":["Exordium","Exordium","TheBeyond"],"potions_floor_usage":[24,30,33,36,48,48],"damage_taken":[{"damage":3.0,"enemies":"Jaw Worm","floor":1.0,"turns":2.0},{"damage":0.0,"enemies":"2 Louse","floor":2.0,"turns":1.0},{"damage":0.0,"enemies":"Cultist","floor":3.0,"turns":3.0},{"damage":9.0,"enemies":"Exordium Wildlife","floor":4.0,"turns":4.0},{"damage":8,"enemies":"Gremlin Nob","floor":6,"turns":3},{"damage":0,"enemies":"Blue Slaver","floor":8,"turns":3},{"damage":13,"enemies":"3 Sentries","floor":10,"turns":7},{"damage":26,"enemies":"The Guardian","floor":16,"turns":8},{"damage":0,"enemies":"theJungle:5_Spyders","floor":18,"turns":5},{"damage":2,"enemies":"theJungle:Flameango_and_Byrd","floor":20,"turns":4},{"damage":4,"enemies":"Snake Plant","floor":22,"turns":3},{"damage":7,"enemies":"theJungle:Cassacara","floor":24,"turns":5},{"damage":5,"enemies":"theJungle:Lyon","floor":27,"turns":3},{"damage":12,"enemies":"theJungle:2_Snecko_Cultists","floor":28,"turns":3},{"damage":1,"enemies":"theJungle:2_Phrogs","floor":30,"turns":4},{"damage":11,"enemies":"theJungle:FunGuy","floor":33,"turns":8},{"damage":0,"enemies":"3 Shapes","floor":35,"turns":5},{"damage":10,"enemies":"3 Darklings","floor":36,"turns":5},{"damage":15,"enemies":"Spire Growth","floor":37,"turns":5},{"damage":0,"enemies":"Maw","floor":38,"turns":4},{"damage":31,"enemies":"Reptomancer","floor":40,"turns":4},{"damage":0,"enemies":"Sphere and 2 Shapes","floor":42,"turns":1},{"damage":0,"enemies":"Transient","floor":44,"turns":5},{"damage":0,"enemies":"Maw","floor":46,"turns":5},{"damage":18,"enemies":"Giant Head","floor":48,"turns":6},{"damage":71,"enemies":"Time Eater","floor":50,"turns":7}],"seed_played":"-7358958707443423444","potions_obtained":[{"floor":2.0,"key":"Ancient Potion"},{"floor":4,"key":"FearPotion"},{"floor":18,"key":"Block Potion"},{"floor":27,"key":"BottledMiracle"},{"floor":28,"key":"Explosive Potion"},{"floor":30,"key":"SteroidPotion"},{"floor":37,"key":"FearPotion"},{"floor":38,"key":"FairyPotion"},{"floor":44,"key":"Fire Potion"},{"floor":46,"key":"Strength Potion"}],"is_trial":false,"path_per_floor":["M","M","M","M","$","E","$","M","T","E","$","?","?","?","R","B",null,"M","$","M","?","M","R","E","?","T","M","M","?","E","?","R","B",null,"M","M","M","M","?","E","R","M","T","M","$","M","$","E","R","B",null],"character_chosen":"THE_GATHERER","items_purchased":["Gatherer:Herbalism","Gatherer:Liquidism","Gatherer:GrowBook+1","Gatherer:QuickSynthesis+1","Vajra"],"campfire_rested":4,"item_purchase_floors":[5,19,45,47,47],"current_hp_per_floor":[48,48,48,39,39,31,31,31,31,18,18,18,6,6,27,1,72,72,72,70,60,56,56,49,49,49,44,32,34,33,33,54,43,72,76,66,51,51,51,22,44,46,46,48,48,50,50,34,56,32],"gold":135,"neow_bonus":"THREE_RARE_CARDS","is_daily":false,"chose_seed":false,"campfire_upgraded":1,"win_rate":0.0,"timestamp":1609145127,"path_taken":["M","M","M","M","$","E","$","M","T","E","$","?","?","?","R","BOSS","M","$","M","?","M","R","E","?","T","M","?","?","E","?","R","BOSS","M","M","?","?","?","E","R","M","T","M","$","M","$","E","R","BOSS"],"items_purchased_type":["Card","Card","Card","Card","Relic"],"build_version":"2020-12-22","purchased_purges":2,"victory":true,"max_hp_per_floor":[72,72,72,72,72,72,72,72,72,72,72,72,72,72,72,72,72,72,72,72,72,72,72,72,72,72,72,72,72,72,72,72,72,72,76,76,76,76,76,76,76,76,76,76,76,76,76,76,76,76],"card_choices":[{"not_picked":["Gatherer:HeartToFruit","Gatherer:StoneFence"],"picked":"Gatherer:FlamingBottle","floor":0.0},{"not_picked":["Gatherer:TacticalStrike","Gatherer:MiningStrike"],"picked":"Gatherer:WoolGloves","floor":1.0},{"not_picked":["Gatherer:CarefulStrike","Gatherer:Duality"],"picked":"Gatherer:Snatch","floor":2.0},{"not_picked":["Gatherer:SmartManeuver","Gatherer:RottenStipe"],"picked":"Gatherer:FlamingBottle","floor":3.0},{"not_picked":["Gatherer:CarefulStrike","Gatherer:SealedBomb","Gatherer:Enchant"],"picked":"SKIP","floor":4},{"not_picked":["Gatherer:Duality","Gatherer:GlowingPlant"],"picked":"Gatherer:QuickSynthesis","floor":6},{"not_picked":["Gatherer:WitheringStrike","Gatherer:OddSpoils"],"picked":"Gatherer:QuickSynthesis","floor":8},{"not_picked":["Gatherer:SmartManeuver","Gatherer:FeelingFine"],"picked":"Gatherer:SealedBomb","floor":10},{"not_picked":["Gatherer:Frenzy","Gatherer:TacticalStrike+1"],"picked":"Gatherer:WoolGloves+1","floor":18},{"not_picked":["Gatherer:FeelingFine","Gatherer:SaveValuables","Gatherer:FlowerFalling"],"picked":"SKIP","floor":20},{"not_picked":["Gatherer:FruitForce+1","Gatherer:Duality"],"picked":"Gatherer:UpgradeBag+1","floor":22},{"not_picked":["Gatherer:Convert","Gatherer:ColorfulGarden"],"picked":"Gatherer:WoolGloves+1","floor":24},{"not_picked":["Gatherer:ScrollOfWall","Gatherer:SmartManeuver+1"],"picked":"Gatherer:QuickSynthesis+1","floor":27},{"not_picked":["Gatherer:Snatch","Gatherer:FragileHammer+1"],"picked":"Gatherer:FlowerShield+1","floor":28},{"not_picked":["Gatherer:EchoOfNature","Gatherer:CarefulStrike","Gatherer:AromaProtection"],"picked":"SKIP","floor":30},{"not_picked":["Gatherer:FinishingStrike","Gatherer:Photoscythe"],"picked":"Gatherer:MindSearch","floor":33},{"not_picked":["Gatherer:PotentialSlash+1","Gatherer:Frenzy"],"picked":"Gatherer:FruitForce+1","floor":35},{"not_picked":["Gatherer:FlowerBeam+1","Gatherer:WoolGloves"],"picked":"Gatherer:DrugPower+1","floor":36},{"not_picked":["Gatherer:OddSpoils","Gatherer:FragileHammer+1"],"picked":"Gatherer:TreeGrowth","floor":37},{"not_picked":["Gatherer:Convert+1","Gatherer:TreeGrowth+1"],"picked":"Gatherer:FlowerShield+1","floor":38},{"not_picked":["Gatherer:BalancedGrowth","Gatherer:AromaProtection+1","Gatherer:RottenStipe"],"picked":"SKIP","floor":40},{"not_picked":["Gatherer:Polymorphism+1","Gatherer:Enchant+1","Gatherer:GlowingPlant"],"picked":"SKIP","floor":42},{"not_picked":["Gatherer:RecipeChange+1","Gatherer:CollectorsShot","Gatherer:Frenzy+1"],"picked":"SKIP","floor":44},{"not_picked":["Gatherer:CarefulStrike+1","Gatherer:FlamingBottle","Gatherer:Frenzy"],"picked":"SKIP","floor":46},{"not_picked":["Gatherer:PotentialSlash","Gatherer:WoolGloves+1"],"picked":"Gatherer:ScherryThrow+1","floor":48}],"player_experience":19379,"relics_obtained":[{"floor":6,"key":"War Paint"},{"floor":9,"key":"Bronze Scales"},{"floor":10,"key":"Ancient Tea Set"},{"floor":24,"key":"Bag of Marbles"},{"floor":26,"key":"Runesmith:Locket"},{"floor":30,"key":"Girya"},{"floor":40,"key":"Nunchaku"},{"floor":43,"key":"Toxic Egg 2"},{"floor":48,"key":"Runesmith:AutoHammer"}],"event_choices":[{"damage_healed":0,"gold_gain":0,"player_choice":"Ignored","damage_taken":0,"max_hp_gain":0,"max_hp_loss":0,"event_name":"Golden Idol","floor":12,"gold_loss":0},{"damage_healed":0,"gold_gain":0,"player_choice":"Success","damage_taken":12,"relics_obtained":["Bag of Preparation"],"max_hp_gain":0,"max_hp_loss":0,"event_name":"Scrap Ooze","floor":13,"gold_loss":0},{"cards_removed":["Gatherer:Defend_Gatherer"],"damage_healed":0,"gold_gain":0,"player_choice":"Purged","damage_taken":0,"max_hp_gain":0,"max_hp_loss":0,"event_name":"Purifier","floor":25,"gold_loss":0},{"damage_healed":0,"gold_gain":0,"player_choice":"Bought 0 Potions","damage_taken":0,"max_hp_gain":0,"max_hp_loss":0,"event_name":"The Woman in Blue","floor":31,"gold_loss":0},{"damage_healed":0,"gold_gain":0,"player_choice":"Gave Potion","damage_taken":0,"relics_obtained":["Blood Vial"],"max_hp_gain":0,"max_hp_loss":0,"event_name":"WeMeetAgain","floor":39,"gold_loss":0}],"is_beta":false,"boss_relics":[{"not_picked":["Busted Crown","Sozu"],"picked":"SacredBark"},{"not_picked":["Runic Dome","Gatherer:MiracleBag"],"picked":"Empty Cage"}],"items_purged_floors":[5,11],"is_endless":false,"potions_floor_spawned":[2,4,18,27,28,30,37,38,44,46],"ascension_level":0}}