{"host":"iak1zw6udsaqx1iy","time":1609192419,"event":{"mods":["Act Like it!","BaseMod","Gensokyo","Minty Spire (QoL Compilation)","Remilia（蕾米莉亚）","Replay The Spire","StSLib","The Alterego","The Cursed","The Servant 0.9.4","WarShipGirlsR/战舰少女R mod","Youmu（魂魄妖梦）"],"gold_per_floor":[119,119,119,119,139,166,166,198,272,286,300,328,328,346,346,451,451,464,29,129,129,147,179,192,218,242,253,253,273,273,289,289,390,390,403,423,8,23,23,65,65,65,65,88,36,63,90,99,99,249,249,249,8,50,50],"floor_reached":56,"playtime":6042,"items_purged":[],"score":1613,"play_id":"a8bbe350-9bb4-4041-856b-35e65cdd0c93","local_time":"20201229055338","is_ascension_mode":true,"campfire_choices":[{"data":"HellFireSword","floor":13.0,"key":"SMITH"},{"data":"HellFireSword","floor":15.0,"key":"SMITH"},{"data":"BizarrenessOfSixRealms","floor":28.0,"key":"SMITH"},{"data":"PreachingAvici","floor":30.0,"key":"SMITH"},{"floor":32.0,"key":"DIG"},{"floor":41.0,"key":"RECALL"},{"data":"HeavenlyHaloSlash","floor":52.0,"key":"SMITH"}],"circlet_count":0,"master_deck":["Strike_YM","Strike_YM+1","Strike_YM","Strike_YM+1","Defend_YM","Defend_YM+1","Defend_YM","Defend_YM+1","SlashOfPresentWorld","WheelOfPainOfLivingAndDead","HellFireSword+1","SwordExtraction+1","Pain","RapidSlash","HellFireSword+1","Injury","HeavenlyHaloSlash+1","BizarrenessOfSixRealms+1","EchoesOfTheInclemencyOfAllBeings","ASingleThoughtAndInfiniteKalpas","ThoughtCuttingSword","MatsuyoiReflectingSatelliteSlash+1","Doubt","Injury","Gensokyo:AllTheWorldsEvil","HumanRealmSword+1","HeavenGodSword","PreachingAvici+1","KarmicPunishmentOfTheIdleAndUnfocused+1","SlashClearingTheSixSenses+1","TwoHundredYojanaInOneSlash+1","SlashOfMeditation+1","SanzenSekai+1","IrresoluteSoul+1","SlashOfAscensionToBuddhahood+1","LightFlashOfTheNetherworld+1","CherryBlossomFlashing","LowerRealmReflectionSlash+1","HumanGodSword+1","CherryBlossomFlashing+1","Gensokyo:RisingWorld+1","SpiritCuttingSword+1"],"relics":["HalfPhantom","Strawberry","Ring of Peace","ReplayTheSpireMod:Ring of Exchange","Gensokyo:LunaticRedEyes","Centennial Puzzle","Simple Rune","Whetstone","Eternal Feather","Replay:Ancient Bell","Orichalcum","Onion Ring","Unceasing Top","ChewingGum","Du-Vu Doll","Dead Branch","MealTicket","Nunchaku","Vajra","Happy Flower","Tiny Chest","StrikeDummy","Guide Book","Painkiller Herb","Gensokyo:EmptyGrave","CeramicFish","Hakurouken","Chameleon Ring","Juzu Bracelet","ReplayTheSpireMod:Ninjato","Bottled Tornado","Divine Protection"],"acts_visited":["Exordium","Gensokyo:Gensokyo","Gensokyo:Gensokyoer","TheEnding"],"potions_floor_usage":[55,55],"damage_taken":[{"damage":0.0,"enemies":"Gensokyo:3_Fairies","floor":1.0,"turns":5.0},{"damage":0.0,"enemies":"Gensokyo:Gryphon","floor":5.0,"turns":4.0},{"damage":12.0,"enemies":"Gensokyo:Aya","floor":6.0,"turns":12.0},{"damage":19.0,"enemies":"Gensokyo:Cirno","floor":8.0,"turns":7.0},{"damage":0.0,"enemies":"Gensokyo:Python","floor":10.0,"turns":3.0},{"damage":0.0,"enemies":"Gensokyo:5_Fairies","floor":11.0,"turns":3.0},{"damage":0.0,"enemies":"Gensokyo:Mamizou","floor":12.0,"turns":6.0},{"damage":0.0,"enemies":"Gensokyo:LivingMonolith","floor":14.0,"turns":3.0},{"damage":47.0,"enemies":"Gensokyo:Yukari","floor":16.0,"turns":13.0},{"damage":0.0,"enemies":"Gensokyo:3_Dogs","floor":18.0,"turns":2.0},{"damage":36.0,"enemies":"Gensokyo:3_Dogs","floor":20.0,"turns":8.0},{"damage":0.0,"enemies":"Gensokyo:AngelMirror","floor":22.0,"turns":3.0},{"damage":0.0,"enemies":"Gensokyo:Koishi","floor":23.0,"turns":3.0},{"damage":0.0,"enemies":"Gensokyo:Wraith","floor":24.0,"turns":4.0},{"damage":8.0,"enemies":"Gensokyo:Tenshi","floor":25.0,"turns":3.0},{"damage":0.0,"enemies":"Gensokyo:Chomper_and_Gloop","floor":27.0,"turns":1.0},{"damage":0.0,"enemies":"Gensokyo:Swordslinger","floor":29.0,"turns":2.0},{"damage":0.0,"enemies":"Gensokyo:Monolith_and_Dog","floor":31.0,"turns":2.0},{"damage":0.0,"enemies":"Gensokyo:Eiki","floor":33.0,"turns":3.0},{"damage":0.0,"enemies":"Gensokyo:3_Boulders","floor":35.0,"turns":2.0},{"damage":0.0,"enemies":"Gensokyo:3_Bats","floor":36.0,"turns":2.0},{"damage":1.0,"enemies":"Gensokyo:Dusk_and_Dawn","floor":38.0,"turns":3.0},{"damage":10.0,"enemies":"Gensokyo:Marisa","floor":40.0,"turns":3.0},{"damage":0.0,"enemies":"Gensokyo:SeedOfUnknown","floor":44.0,"turns":2.0},{"damage":0.0,"enemies":"Gensokyo:Sharpion","floor":46.0,"turns":2.0},{"damage":0.0,"enemies":"Gensokyo:Sharpion","floor":48.0,"turns":6.0},{"damage":0.0,"enemies":"Gensokyo:Yuyuko","floor":50.0,"turns":3.0},{"damage":0.0,"enemies":"Shield and Spear","floor":54.0,"turns":3.0},{"damage":3,"enemies":"The Heart","floor":55,"turns":4}],"seed_played":"-4354393870992156922","potions_obtained":[{"floor":5.0,"key":"Block Potion"},{"floor":6.0,"key":"Strength Potion"},{"floor":10.0,"key":"SkillPotion"},{"floor":16.0,"key":"SkillPotion"},{"floor":22.0,"key":"Flashbang"},{"floor":23.0,"key":"Ancient Potion"},{"floor":27.0,"key":"Strength Potion"},{"floor":38.0,"key":"Dexterity Potion"},{"floor":44.0,"key":"LiquidMemories"}],"is_trial":false,"path_per_floor":["M","?","?","?","M","E","?","E","T","M","M","E","R","M","R","B",null,"M","COS","?","?","M","E","M","E","T","M","R","M","R","M","R","B",null,"M","M","COS","?","?","E","T","?","T","?","T","?","T","?","T","B",null,"T","T","E","B",null],"character_chosen":"YOUMU","items_purchased":["HumanGodSword+1","ReplayTheSpireMod:Ninjato"],"campfire_rested":0,"item_purchase_floors":[45,53],"current_hp_per_floor":[82,82,82,82,82,70,70,51,51,51,51,51,63,63,75,28,82,82,82,46,46,46,46,46,38,38,38,56,56,74,74,82,82,82,82,82,82,81,76,66,76,61,61,61,76,76,76,76,76,76,76,76,76,76,73],"gold":50,"neow_bonus":"RANDOM_COMMON_RELIC","is_daily":false,"chose_seed":false,"campfire_upgraded":5,"win_rate":0.0,"timestamp":1609192418,"path_taken":["M","?","?","?","M","E","?","E","T","M","?","E","R","M","R","BOSS","M","COS","?","?","?","E","M","E","T","M","R","M","R","M","R","BOSS","M","M","COS","?","?","E","T","?","T","?","T","?","?","?","T","BOSS","T","T","E","BOSS"],"items_purchased_type":["Card","Relic"],"build_version":"2020-12-22","purchased_purges":0,"victory":true,"max_hp_per_floor":[82,82,82,82,82,82,82,82,82,82,82,82,82,82,82,82,82,82,82,82,82,82,82,82,82,82,82,82,82,82,82,82,82,82,82,82,82,82,76,76,76,76,76,76,76,76,76,76,76,76,76,76,76,76,76],"card_choices":[{"not_picked":["ConstancyOfTheConventionalTruth","FlashingScatteredFlowers"],"picked":"HellFireSword","floor":1.0},{"not_picked":["LifeCuttingSword","SuddenPhantomFormationSlashOfKarmicWind"],"picked":"RapidSlash","floor":5.0},{"not_picked":["AsTheSilentNirvana","LifeCuttingSword"],"picked":"HellFireSword","floor":6.0},{"not_picked":["TwoHundredYojanaInOneSlash","FantasyOfEnteringEnlightenment"],"picked":"HeavenlyHaloSlash","floor":8.0},{"not_picked":["SlashOfMeditation","PhosphoricSlash"],"picked":"BizarrenessOfSixRealms","floor":10.0},{"not_picked":["SwordExtraction","DispleasureOfTheSevenHakus"],"picked":"EchoesOfTheInclemencyOfAllBeings","floor":11.0},{"not_picked":["KarmicPunishmentOfTheIdleAndUnfocused","SpiritCuttingSword"],"picked":"ASingleThoughtAndInfiniteKalpas","floor":12.0},{"not_picked":["FlashingScatteredFlowers","SwordExtraction"],"picked":"ThoughtCuttingSword","floor":14.0},{"not_picked":["AsuraSword","SlashOfTheEternalFuture"],"picked":"MatsuyoiReflectingSatelliteSlash","floor":16.0},{"not_picked":["Hallucinations","Looming Evil"],"picked":"Doubt","floor":17.0},{"not_picked":["TheCursedMod:Dregs","ReplayTheSpireMod:Faulty Equipment"],"picked":"Injury","floor":17.0},{"not_picked":["Wrath_TH","Clumsy"],"picked":"Gensokyo:AllTheWorldsEvil","floor":17.0},{"not_picked":["ThreeKonsSevenHakus","SuddenPhantomFormationSlashOfKarmicWind"],"picked":"HumanRealmSword+1","floor":18.0},{"not_picked":["ObsessionSword","CrescentMoonSlash"],"picked":"HeavenGodSword","floor":20.0},{"not_picked":["SpiderLilyBurial+1","LifeCuttingSword"],"picked":"KarmicPunishmentOfTheIdleAndUnfocused+1","floor":22.0},{"not_picked":["FlashingScatteredFlowers","SwordOfBindingDesires"],"picked":"SlashClearingTheSixSenses+1","floor":23.0},{"not_picked":["CrescentMoonSlash","TurningAngelCut"],"picked":"TwoHundredYojanaInOneSlash+1","floor":24.0},{"not_picked":["SanzenSekai","HumanRealmSword"],"picked":"SlashOfMeditation+1","floor":25.0},{"not_picked":["ThreeKonsSevenHakus","StrangeHalfBody","TwoHundredYojanaInOneSlash"],"picked":"SKIP","floor":27.0},{"not_picked":["LotusPostureSlash","SpiderLilyBurial"],"picked":"SanzenSekai","floor":29.0},{"not_picked":["LowerRealmReflectionSlash","TwoHundredYojanaInOneSlash","FiveSignsOfTheDyingDeva"],"picked":"SKIP","floor":31.0},{"not_picked":["AsuraSword","StrangeHalfBody"],"picked":"IrresoluteSoul","floor":33.0},{"not_picked":["SanzenSekai","SwordExtraction"],"picked":"SlashOfAscensionToBuddhahood+1","floor":35.0},{"not_picked":["HeavenlyHaloSlash","ConstancyOfTheConventionalTruth"],"picked":"LightFlashOfTheNetherworld+1","floor":36.0},{"not_picked":["HeavenlyHaloSlash","ConstancyOfTheConventionalTruth","ThoughtCuttingSword"],"picked":"SKIP","floor":38.0},{"not_picked":["TwoHundredYojanaInOneSlash+1","SwordOfBindingDesires+1"],"picked":"CherryBlossomFlashing","floor":40.0},{"not_picked":["BizarrenessOfSixRealms+1","HellGodSword"],"picked":"LowerRealmReflectionSlash+1","floor":44.0},{"not_picked":["PretaSword","PreachingAvici+1"],"picked":"CherryBlossomFlashing+1","floor":46.0},{"not_picked":["Gensokyo:LifeSpringInfinity+1","Gensokyo:MorningStar+1"],"picked":"Gensokyo:RisingWorld+1","floor":48.0},{"not_picked":["ConstancyOfTheConventionalTruth","ThreeKonsSevenHakus+1"],"picked":"SpiritCuttingSword+1","floor":54.0}],"player_experience":319957,"relics_obtained":[{"floor":2.0,"key":"Ring of Peace"},{"floor":2.0,"key":"ReplayTheSpireMod:Ring of Exchange"},{"floor":6.0,"key":"Centennial Puzzle"},{"floor":8.0,"key":"Whetstone"},{"floor":12.0,"key":"Eternal Feather"},{"floor":20.0,"key":"Du-Vu Doll"},{"floor":20.0,"key":"Dead Branch"},{"floor":23.0,"key":"Nunchaku"},{"floor":25.0,"key":"Happy Flower"},{"floor":26.0,"key":"Tiny Chest"},{"floor":32.0,"key":"StrikeDummy"},{"floor":40.0,"key":"CeramicFish"},{"floor":43.0,"key":"Chameleon Ring"},{"floor":47.0,"key":"Juzu Bracelet"},{"floor":54.0,"key":"Bottled Tornado"}],"event_choices":[],"is_beta":false,"boss_relics":[{"not_picked":["Replay:Drink Me","Busted Crown"],"picked":"Replay:Ancient Bell"},{"not_picked":["Boot","Akabeko"],"picked":"Orichalcum"},{"not_picked":["Garlic","Sundial"],"picked":"Onion Ring"},{"not_picked":["Wakizashi","Gambling Chip"],"picked":"Unceasing Top"},{"not_picked":["Empty Cage","Runic Pyramid"],"picked":"Guide Book"}],"items_purged_floors":[],"is_endless":false,"potions_floor_spawned":[5,6,10,16,22,23,27,38,44],"ascension_level":1}}