{"host":"k3osr9k2rabwc7ge","time":1609168837,"event":{"mods":["Aspiration","BaseMod","Challenge The Spire","Conspire","Energized Spire","Halation","Hubris","Infinite Spire","Minty Spire (QoL Compilation)","Quarter Circle Forward PUNCH!","Replay The Spire","StSLib","Unceasing Turn Reminder"],"gold_per_floor":[112,129,129,141,141,141,157,157,202,229,229,264,264,283,283,283,283],"floor_reached":16,"playtime":769,"items_purged":[],"score":190,"play_id":"262e8c9a-28c8-46ed-9f0e-45bc7967fa92","local_time":"20201228152037","is_ascension_mode":true,"campfire_choices":[{"data":"Pommel Strike","floor":6,"key":"SMITH"},{"floor":8,"key":"REST"},{"floor":13,"key":"REST"},{"data":"ReplayTheSpireMod:Corrosion Curse","floor":15,"key":"SMITH"}],"circlet_count":0,"master_deck":["AscendersBane","Strike_R","Strike_R","Strike_R","Strike_R","Strike_R","Defend_R","Defend_R","Defend_R","Defend_R","Bash","Pommel Strike+1","Flex","Perfected Strike","infinitespire:OneForAll","Reaper","Iron Wave","ReplayTheSpireMod:Corrosion Curse+1"],"relics":["Burning Blood","Dream Catcher","infinitespire:Joker Card","qcfpunch:Red_Headband"],"acts_visited":["Exordium"],"potions_floor_usage":[4,10,16],"damage_taken":[{"damage":7,"enemies":"Small Slimes","floor":1,"turns":4},{"damage":11,"enemies":"conspire:RoseBush","floor":2,"turns":4},{"damage":0,"enemies":"Cultist","floor":4,"turns":2},{"damage":35,"enemies":"Lots of Slimes","floor":7,"turns":4},{"damage":35,"enemies":"3 Sentries","floor":10,"turns":8},{"damage":35,"enemies":"Lagavulin","floor":12,"turns":5},{"damage":21,"enemies":"Blue Slaver","floor":14,"turns":3},{"damage":106,"enemies":"Slime Boss","floor":16,"turns":12}],"seed_played":"2801608217657855923","potions_obtained":[{"floor":2,"key":"Fire Potion"},{"floor":7,"key":"SteroidPotion"},{"floor":14,"key":"Ancient Potion"}],"is_trial":false,"path_per_floor":["M","M","$","M","?","R","M","R","T","E","?","E","R","M","R","B"],"character_chosen":"IRONCLAD","items_purchased":[],"campfire_rested":2,"item_purchase_floors":[],"current_hp_per_floor":[79,74,74,80,88,88,59,85,85,56,98,69,98,91,91,0,0],"gold":283,"neow_bonus":"TEN_PERCENT_HP_BONUS","is_daily":false,"chose_seed":false,"campfire_upgraded":2,"win_rate":0.0,"timestamp":1609168837,"path_taken":["M","M","$","M","?","R","M","R","T","E","?","E","R","M","R","BOSS"],"items_purchased_type":[],"build_version":"2020-12-22","purchased_purges":0,"victory":false,"max_hp_per_floor":[88,88,88,88,88,88,88,88,88,88,98,98,98,98,98,98,98],"card_choices":[{"not_picked":["Thunderclap","Heavy Blade"],"picked":"Pommel Strike","floor":1},{"not_picked":["Havoc","Combust"],"picked":"Flex","floor":2},{"not_picked":["hubris:ReadiedAction","Heavy Blade"],"picked":"Perfected Strike","floor":4},{"not_picked":["ReplayTheSpireMod:LeadingStrike","True Grit"],"picked":"infinitespire:OneForAll","floor":7},{"not_picked":["Abandon","Sentinel"],"picked":"Fiend Fire","floor":10},{"not_picked":["Clash","Heavy Blade"],"picked":"Reaper","floor":12},{"not_picked":["Run Through","Reckless Charge"],"picked":"Iron Wave","floor":13},{"not_picked":["Twin Strike","Sentinel"],"picked":"ReplayTheSpireMod:Corrosion Curse","floor":14}],"player_experience":852016,"relics_obtained":[{"floor":9,"key":"Dream Catcher"},{"floor":10,"key":"infinitespire:Joker Card"},{"floor":12,"key":"qcfpunch:Red_Headband"}],"event_choices":[{"cards_removed":["Fiend Fire"],"damage_healed":32,"gold_gain":0,"player_choice":"Offered Rare","damage_taken":0,"max_hp_gain":10,"max_hp_loss":0,"event_name":"Bonfire Elementals","floor":11,"gold_loss":0}],"is_beta":false,"boss_relics":[],"items_purged_floors":[],"is_endless":false,"potions_floor_spawned":[2,7,14],"killed_by":"Slime Boss","ascension_level":10}}