{"host":"12lnwhc48gjtaggg","time":1609167289,"event":{"mods":["Aspiration","BaseMod","BetterRewards","Gold Saver","GungeonMod","Infinite Spire","Minty Spire (QoL Compilation)","Remove Card Discount Mod","Shop Mod","StSLib","Trackpad","[IsaacMod]????"],"gold_per_floor":[1333,1333,1220,1233,1249,1249,1263,1293,1293,1320,1338,1259,1259,1277,1277,1381,1381,1397,1408,1408,1408],"floor_reached":20,"playtime":928,"items_purged":["Regret","Strike_B"],"score":300,"play_id":"79e99a66-3cc9-4a8c-8f06-b2978439b372","local_time":"20201228145449","is_ascension_mode":true,"campfire_choices":[{"data":"Creative AI","floor":6,"key":"SMITH"},{"floor":15,"key":"REST"}],"circlet_count":0,"master_deck":["Strike_B","Strike_B","Strike_B","Defend_B","Defend_B","Defend_B","Defend_B","Zap","Dualcast","Creative AI+1","Defragment","Ball Lightning","Fusion","Conserve Battery","Echo Form","Core Surge","Consume"],"relics":["Cracked Core","HushsDoor","SteamSale","Lee\u0027s Waffle","DemoMod:GundromedaStrain","DemoMod:Relodestone","Ornamental Fan","Runic Capacitor","DemoMod:WhiteGuonStone","Singing Bowl","aspiration:EnhancedActuators","trackpad:AdjectivePendant","Snecko Eye"],"acts_visited":["Exordium"],"potions_floor_usage":[16,16,19],"damage_taken":[{"damage":0,"enemies":"Cultist","floor":1,"turns":2},{"damage":1,"enemies":"2 Louse","floor":4,"turns":2},{"damage":18,"enemies":"infinitespire:Voidling","floor":5,"turns":3},{"damage":21,"enemies":"Exordium Thugs","floor":7,"turns":4},{"damage":6,"enemies":"Lagavulin","floor":8,"turns":5},{"damage":16,"enemies":"3 Sentries","floor":10,"turns":3},{"damage":0,"enemies":"Gremlin Gang","floor":11,"turns":3},{"damage":0,"enemies":"Blue Slaver","floor":14,"turns":3},{"damage":6,"enemies":"Hexaghost","floor":16,"turns":7},{"damage":29,"enemies":"2 Thieves","floor":18,"turns":3},{"damage":1,"enemies":"Shell Parasite","floor":19,"turns":5},{"damage":0,"enemies":"Centurion and Healer","floor":20,"turns":1}],"seed_played":"-603719168791626942","potions_obtained":[{"floor":4,"key":"SpeedPotion"},{"floor":5,"key":"Ancient Potion"},{"floor":14,"key":"Block Potion"},{"floor":18,"key":"Energy Potion"}],"is_trial":false,"path_per_floor":["M","?","$","M","M","R","M","E","T","E","M","$","?","M","R","B",null,"M","M","M"],"character_chosen":"DEFECT","items_purchased":["Lee\u0027s Waffle","Runic Capacitor","Defragment","trackpad:AdjectivePendant"],"campfire_rested":1,"item_purchase_floors":[0,3,3,12],"current_hp_per_floor":[82,82,82,81,67,67,46,40,40,26,28,28,28,28,53,47,86,57,58,58,58],"gold":1408,"neow_bonus":"","is_daily":false,"chose_seed":false,"campfire_upgraded":1,"win_rate":0.0,"timestamp":1609167289,"path_taken":["M","?","$","M","M","R","?","E","T","E","M","$","?","M","R","BOSS","M","M","M"],"items_purchased_type":["Relic","Relic","Card","Relic"],"build_version":"2020-12-22","purchased_purges":2,"victory":false,"max_hp_per_floor":[82,82,82,82,82,82,82,82,82,84,86,86,86,86,86,86,86,86,88,88,88],"card_choices":[{"not_picked":["Coolheaded","Scrape"],"picked":"Creative AI","floor":1},{"not_picked":["Doom and Gloom","Cold Snap"],"picked":"Ball Lightning","floor":4},{"not_picked":["Coolheaded","Cold Snap"],"picked":"Fusion","floor":5},{"not_picked":["Streamline","Cancel"],"picked":"Conserve Battery","floor":7},{"not_picked":["Sweeping Beam","Compile Driver"],"picked":"Bomb","floor":8},{"not_picked":["Darkness","Aggregate","Loop"],"picked":"Singing Bowl","floor":10},{"not_picked":["Conserve Battery","Ball Lightning","Beam Cell"],"picked":"Singing Bowl","floor":11},{"not_picked":["Glacier","Barrage"],"picked":"Echo Form","floor":14},{"not_picked":["Biased Cognition","Electrodynamics"],"picked":"Core Surge","floor":16},{"not_picked":["Beam Cell","Hologram"],"picked":"Consume","floor":18},{"not_picked":["Conserve Battery","Leap+1","Stack"],"picked":"Singing Bowl","floor":19}],"player_experience":342199,"relics_obtained":[{"floor":8,"key":"DemoMod:WhiteGuonStone"},{"floor":9,"key":"Singing Bowl"},{"floor":10,"key":"aspiration:EnhancedActuators"}],"event_choices":[{"damage_healed":0,"gold_gain":0,"player_choice":"Box","damage_taken":0,"relics_obtained":["Ornamental Fan"],"max_hp_gain":0,"max_hp_loss":0,"event_name":"Big Fish","floor":2,"gold_loss":0,"cards_obtained":["Regret"]}],"is_beta":false,"boss_relics":[{"not_picked":["aspiration:BursterCore","Fusion Hammer"],"picked":"Snecko Eye"}],"items_purged_floors":[3,12],"is_endless":false,"potions_floor_spawned":[4,5,8,11,14,18],"killed_by":"Centurion and Healer","ascension_level":1}}