{"host":"qj91dvco5uhu9oti","time":1609160340,"event":{"mods":["BaseMod","Colored Map","Keyboard Shortcuts","Minty Spire (QoL Compilation)","Permanent Neow","Quick Restart","Relic Stats","StSLib","SuperFastMode","everything is the same but u backflip on backflip"],"gold_per_floor":[114,131,150,166,166,193,61,80,80,111,130,17,37,37,37],"floor_reached":14,"playtime":458,"items_purged":["Defend_G"],"score":187,"play_id":"f38d9a18-70ab-4d25-9cae-47e5d5cebfd8","local_time":"20201228215900","is_ascension_mode":true,"campfire_choices":[],"circlet_count":0,"master_deck":["AscendersBane","Strike_G","Strike_G","Strike_G","Strike_G","Defend_G","Defend_G","Defend_G","Defend_G","Survivor","Neutralize","Footwork","Flying Knee","Blade Dance","Deadly Poison","Underhanded Strike","Cloak And Dagger","Acrobatics","Terror","Venomology","Tactician","Acrobatics","Tactician","Deflect"],"relics":["Black Star","Anchor","Lizard Tail","The Courier","Pantograph","Ginger"],"acts_visited":["Exordium"],"potions_floor_usage":[10,13,14,14],"damage_taken":[{"damage":2.0,"enemies":"Cultist","floor":1.0,"turns":5.0},{"damage":7.0,"enemies":"2 Louse","floor":2.0,"turns":4.0},{"damage":1.0,"enemies":"Jaw Worm","floor":3.0,"turns":5.0},{"damage":13.0,"enemies":"Large Slime","floor":4.0,"turns":11.0},{"damage":18.0,"enemies":"Gremlin Nob","floor":6.0,"turns":3.0},{"damage":7,"enemies":"Gremlin Gang","floor":8,"turns":4},{"damage":22,"enemies":"3 Sentries","floor":10,"turns":8},{"damage":1,"enemies":"Exordium Wildlife","floor":11,"turns":5},{"damage":11,"enemies":"Exordium Thugs","floor":13,"turns":4},{"damage":25,"enemies":"Gremlin Nob","floor":14,"turns":4}],"seed_played":"4106541367287855592","potions_obtained":[{"floor":1.0,"key":"Explosive Potion"},{"floor":2.0,"key":"FearPotion"},{"floor":10,"key":"EssenceOfSteel"}],"is_trial":false,"path_per_floor":["M","M","M","M","?","E","$","M","T","E","M","$","M","E"],"character_chosen":"THE_SILENT","items_purchased":["Acrobatics","Acrobatics","Tactician"],"campfire_rested":0,"item_purchase_floors":[7,12,12],"current_hp_per_floor":[57,50,49,36,36,18,18,11,11,23,22,22,11,0,0],"gold":37,"neow_bonus":"BOSS_RELIC","is_daily":false,"chose_seed":false,"campfire_upgraded":0,"win_rate":0.0,"timestamp":1609160340,"path_taken":["M","M","?","M","?","E","$","M","T","E","M","$","M","E"],"items_purchased_type":["Card","Card","Card"],"build_version":"2020-12-22","purchased_purges":1,"victory":false,"max_hp_per_floor":[66,66,66,66,66,66,66,66,66,66,66,66,66,66,66],"relic_stats":{"Lizard Tail":33,"counters":[10,53],"Pantograph":0,"Black Star":2,"Ginger":[1],"obtain_stats":[{"Anchor":6,"Lizard Tail":6,"Pantograph":10,"The Courier":9,"Black Star":0,"Ginger":10,"Ring of the Snake":0},{"Anchor":5,"Lizard Tail":5,"Pantograph":7,"The Courier":6,"Black Star":0,"Ginger":7,"Ring of the Snake":0},{"Anchor":28,"Lizard Tail":28,"Pantograph":40,"The Courier":32,"Black Star":0,"Ginger":40,"Ring of the Snake":0}]},"card_choices":[{"not_picked":["Caltrops","Reflex"],"picked":"Footwork","floor":1.0},{"not_picked":["Slice","Backflip"],"picked":"Flying Knee","floor":2.0},{"not_picked":["Calculated Gamble","Deadly Poison"],"picked":"Blade Dance","floor":3.0},{"not_picked":["Dagger Spray","Bane"],"picked":"Deadly Poison","floor":4.0},{"not_picked":["Dodge and Roll","Distraction"],"picked":"Cloak And Dagger","floor":6.0},{"not_picked":["Prepared","Blade Dance"],"picked":"Terror","floor":8},{"not_picked":["Outmaneuver","Quick Slash"],"picked":"Venomology","floor":10},{"not_picked":["Blade Dance","Concentrate"],"picked":"Tactician","floor":11},{"not_picked":["Acrobatics","Bane"],"picked":"Deflect","floor":13}],"player_experience":320800,"relics_obtained":[{"floor":6.0,"key":"Anchor"},{"floor":6.0,"key":"Lizard Tail"},{"floor":9,"key":"The Courier"},{"floor":10,"key":"Pantograph"},{"floor":10,"key":"Ginger"}],"event_choices":[{"damage_healed":0.0,"max_hp_gain":0.0,"max_hp_loss":0.0,"gold_gain":0.0,"cards_transformed":["Strike_G"],"event_name":"Living Wall","player_choice":"Change","floor":5.0,"gold_loss":0.0,"damage_taken":0.0,"cards_obtained":["Underhanded Strike"]}],"is_beta":false,"boss_relics":[],"items_purged_floors":[7],"is_endless":false,"potions_floor_spawned":[1,2,10,11],"killed_by":"Gremlin Nob","ascension_level":16}}