{"host":"cxvet2awney1vbzu","time":1609119708,"event":{"mods":["AchievementEnabler","BaseMod","Colored Powertips","Highlight Path","Minty Spire (QoL Compilation)","Quick Restart","StSLib"],"gold_per_floor":[113,188,201,52,69,69,69,96,96,127,82,97,114,172,172,267,267,286,286,11,11,25,56,56,84,84,84,84],"floor_reached":27,"playtime":2099,"items_purged":["Strike_G","Strike_G"],"score":272,"play_id":"6817cf98-5062-4590-8576-0d227481e8f9","local_time":"20201228014148","is_ascension_mode":true,"campfire_choices":[{"floor":6,"key":"REST"},{"floor":15,"key":"REST"},{"floor":24,"key":"REST"}],"circlet_count":0,"master_deck":["Strike_G","Strike_G","Strike_G","Defend_G","Defend_G","Defend_G+1","Defend_G","Survivor","Neutralize","Slice","Skewer","Terror","Heel Hook","Acrobatics","Backstab","Underhanded Strike","Storm of Steel","Tactician+1","Dagger Throw","Infinite Blades","Heel Hook","Dagger Throw","Skewer+1"],"relics":["Ring of the Serpent","Letter Opener","Ornamental Fan","Tingsha","The Courier","Singing Bowl","War Paint","Happy Flower","Calipers"],"acts_visited":["Exordium","TheCity"],"potions_floor_usage":[10,14,16,25],"damage_taken":[{"damage":0,"enemies":"Small Slimes","floor":1,"turns":3},{"damage":0,"enemies":"Jaw Worm","floor":3,"turns":5},{"damage":0,"enemies":"Cultist","floor":5,"turns":3},{"damage":20,"enemies":"Gremlin Nob","floor":8,"turns":4},{"damage":18,"enemies":"3 Sentries","floor":10,"turns":11},{"damage":0,"enemies":"2 Fungi Beasts","floor":12,"turns":3},{"damage":6,"enemies":"Large Slime","floor":13,"turns":6},{"damage":2,"enemies":"Lagavulin Event","floor":14,"turns":5},{"damage":41,"enemies":"Slime Boss","floor":16,"turns":17},{"damage":5,"enemies":"Chosen","floor":18,"turns":3},{"damage":10,"enemies":"Shell Parasite","floor":22,"turns":5},{"damage":16,"enemies":"Book of Stabbing","floor":23,"turns":4},{"damage":60,"enemies":"Slavers","floor":25,"turns":6},{"damage":5,"enemies":"Book of Stabbing","floor":27,"turns":2}],"seed_played":"-1792233019091033202","potions_obtained":[{"floor":3,"key":"SteroidPotion"},{"floor":5,"key":"GamblersBrew"},{"floor":10,"key":"Block Potion"},{"floor":14,"key":"Poison Potion"},{"floor":18,"key":"SpeedPotion"},{"floor":23,"key":"SmokeBomb"}],"is_trial":false,"path_per_floor":["M","?","M","$","M","R","?","E","T","E","$","M","M","?","R","B",null,"M","?","$","?","M","E","R","E","T","E"],"character_chosen":"THE_SILENT","items_purchased":["Skewer","Acrobatics","Dagger Throw","Infinite Blades","Heel Hook","Dagger Throw"],"campfire_rested":3,"item_purchase_floors":[4,11,20,20,20,20],"current_hp_per_floor":[70,59,59,59,59,70,70,50,50,32,32,32,26,24,45,4,70,65,65,65,65,57,41,62,4,4,0,0],"gold":84,"neow_bonus":"REMOVE_CARD","is_daily":false,"chose_seed":false,"campfire_upgraded":0,"win_rate":0.0,"timestamp":1609119708,"path_taken":["M","?","M","$","M","R","?","E","T","E","$","?","M","?","R","BOSS","M","?","$","?","M","E","R","E","T","E"],"items_purchased_type":["Card","Card","Card","Card","Card","Card"],"build_version":"2020-12-22","purchased_purges":2,"victory":false,"max_hp_per_floor":[70,70,70,70,70,70,70,70,70,70,70,70,70,70,70,70,70,70,70,70,70,72,72,72,74,74,74,74],"card_choices":[{"not_picked":["Bane","Catalyst","Eviscerate"],"picked":"SKIP","floor":1},{"not_picked":["Deflect","Sucker Punch"],"picked":"Slice","floor":3},{"not_picked":["Well Laid Plans","Blade Dance"],"picked":"Terror","floor":5},{"not_picked":["Dagger Spray","Flechettes"],"picked":"Heel Hook","floor":8},{"not_picked":["Outmaneuver","Underhanded Strike","Flying Knee"],"picked":"SKIP","floor":10},{"not_picked":["Reflex","Blade Dance","Storm of Steel"],"picked":"SKIP","floor":12},{"not_picked":["Sucker Punch","Dodge and Roll"],"picked":"Backstab","floor":13},{"not_picked":["Flying Knee","Cloak And Dagger"],"picked":"Underhanded Strike","floor":14},{"not_picked":["Glass Knife","Envenom"],"picked":"Storm of Steel","floor":16},{"not_picked":["Slice","Bane+1"],"picked":"Tactician","floor":18},{"not_picked":["Flying Knee","Dagger Spray","Slice+1"],"picked":"Singing Bowl","floor":22},{"not_picked":["Outmaneuver","Finisher"],"picked":"Skewer+1","floor":23},{"not_picked":["Deadly Poison+1","PiercingWail","Deflect"],"picked":"Singing Bowl","floor":25}],"player_experience":412826,"relics_obtained":[{"floor":8,"key":"Letter Opener"},{"floor":10,"key":"Ornamental Fan"},{"floor":23,"key":"War Paint"},{"floor":25,"key":"Happy Flower"},{"floor":26,"key":"Calipers"}],"event_choices":[{"damage_healed":0,"gold_gain":75,"player_choice":"Gather Gold","damage_taken":11,"max_hp_gain":0,"max_hp_loss":0,"event_name":"World of Goop","floor":2,"gold_loss":0},{"damage_healed":0,"gold_gain":0,"player_choice":"Ignored","damage_taken":0,"max_hp_gain":0,"max_hp_loss":0,"event_name":"NoteForYourself","floor":7,"gold_loss":0},{"damage_healed":0,"gold_gain":30,"player_choice":"Searched \u00273\u0027 times","damage_taken":0,"relics_obtained":["Tingsha"],"max_hp_gain":0,"max_hp_loss":0,"event_name":"Dead Adventurer","floor":14,"gold_loss":0},{"damage_healed":0,"gold_gain":0,"player_choice":"Opened","damage_taken":0,"relics_obtained":["The Courier"],"max_hp_gain":0,"max_hp_loss":0,"event_name":"The Mausoleum","floor":19,"gold_loss":0},{"damage_healed":0,"gold_gain":0,"player_choice":"Gave Potion","damage_taken":0,"relics_obtained":["Singing Bowl"],"max_hp_gain":0,"max_hp_loss":0,"event_name":"WeMeetAgain","floor":21,"gold_loss":0}],"is_beta":false,"boss_relics":[{"not_picked":["Calling Bell","Tiny House"],"picked":"Ring of the Serpent"}],"items_purged_floors":[4,20],"is_endless":false,"potions_floor_spawned":[3,5,10,14,18,23],"killed_by":"Book of Stabbing","ascension_level":1}}