{"host":"1hv1kueuvc4r3rdp","time":1609190010,"event":{"mods":["AchievementEnabler","BaseMod","DeckTracker","Highlight Path","Minty Spire (QoL Compilation)","Permanent Neow","StSLib"],"gold_per_floor":[111,171,62,81,81,81,100,100,149,169,169,186,212,228,228,333,333,351,52,70,70,85,116,116,127,153,165,92,104,136,159,171,183,183],"floor_reached":33,"playtime":1389,"items_purged":[],"score":294,"play_id":"01a15c32-efec-425d-b6b6-f0e241ddd2c5","local_time":"20201228151330","daily_mods":["Draft","Uncertain Future"],"is_ascension_mode":false,"campfire_choices":[{"data":"True Grit","floor":6,"key":"SMITH"},{"data":"True Grit","floor":8,"key":"SMITH"},{"data":"Inflame","floor":15,"key":"SMITH"},{"data":"Flame Barrier","floor":24,"key":"SMITH"},{"floor":27,"key":"REST"},{"floor":32,"key":"REST"}],"circlet_count":0,"master_deck":["Reckless Charge","Cleave","Twin Strike","Ghostly Armor","Clash","Sever Soul","Warcry","Havoc","True Grit+1","Headbutt","True Grit+1","Sentinel","Spot Weakness","Fire Breathing","Whirlwind","Offering","Flame Barrier+1","Inflame+1","Twin Strike","Immolate","Burning Pact","Clothesline","Uppercut","Armaments","Wild Strike"],"relics":["Burning Blood","Lantern","Nunchaku","Empty Cage","Mango","Ice Cream","MawBank","Omamori","InkBottle"],"acts_visited":["Exordium","TheCity"],"potions_floor_usage":[22,33],"damage_taken":[{"damage":4,"enemies":"Jaw Worm","floor":1,"turns":2},{"damage":0,"enemies":"2 Louse","floor":4,"turns":2},{"damage":0,"enemies":"Small Slimes","floor":7,"turns":2},{"damage":6,"enemies":"Exordium Wildlife","floor":10,"turns":3},{"damage":0,"enemies":"3 Louse","floor":12,"turns":1},{"damage":6,"enemies":"3 Sentries","floor":13,"turns":4},{"damage":6,"enemies":"Exordium Thugs","floor":14,"turns":3},{"damage":35,"enemies":"The Guardian","floor":16,"turns":11},{"damage":17,"enemies":"2 Thieves","floor":18,"turns":4},{"damage":6,"enemies":"Spheric Guardian","floor":20,"turns":3},{"damage":9,"enemies":"Snecko","floor":22,"turns":4},{"damage":34,"enemies":"Slavers","floor":23,"turns":4},{"damage":42,"enemies":"Snake Plant","floor":25,"turns":4},{"damage":22,"enemies":"3 Cultists","floor":30,"turns":4},{"damage":21,"enemies":"Shelled Parasite and Fungi","floor":31,"turns":4},{"damage":60,"enemies":"Collector","floor":33,"turns":5}],"seed_played":"33130886113863531","potions_obtained":[{"floor":4,"key":"Ancient Potion"},{"floor":7,"key":"GamblersBrew"},{"floor":13,"key":"DistilledChaos"},{"floor":22,"key":"SmokeBomb"},{"floor":25,"key":"Dexterity Potion"}],"is_trial":true,"path_per_floor":["M","?","$","M","?","R","M","R","T","M","?","M","E","M","R","B",null,"M","$","M","?","M","E","R","M","T","R","?","T","M","M","R","B"],"character_chosen":"IRONCLAD","items_purchased":["Spot Weakness","Fire Breathing","Mango"],"campfire_rested":2,"item_purchase_floors":[3,3,19],"current_hp_per_floor":[80,80,80,80,80,80,80,80,80,80,80,80,80,80,80,51,80,69,83,83,83,80,52,52,16,16,44,44,44,28,13,41,0,0],"gold":183,"neow_bonus":"","is_daily":false,"chose_seed":true,"campfire_upgraded":4,"win_rate":0.0,"timestamp":1609190010,"path_taken":["M","?","$","M","?","R","M","R","T","M","?","M","E","M","R","BOSS","M","$","M","?","M","E","R","M","T","R","?","?","M","M","R","BOSS"],"items_purchased_type":["Card","Card","Relic"],"build_version":"2020-12-22","purchased_purges":0,"victory":false,"max_hp_per_floor":[80,80,80,80,80,80,80,80,80,80,80,80,80,80,80,80,80,80,94,94,94,94,94,94,94,94,94,94,94,94,94,94,94,94],"card_choices":[{"not_picked":["Armaments","Anger"],"picked":"Reckless Charge","floor":0},{"not_picked":["Infernal Blade","Rupture"],"picked":"Thunderclap","floor":0},{"not_picked":["Twin Strike","Sentinel"],"picked":"Cleave","floor":0},{"not_picked":["Clothesline","Warcry"],"picked":"Twin Strike","floor":0},{"not_picked":["Warcry","Heavy Blade"],"picked":"Ghostly Armor","floor":0},{"not_picked":["Burning Pact","Havoc"],"picked":"Clash","floor":0},{"not_picked":["Perfected Strike","Body Slam"],"picked":"Sever Soul","floor":0},{"not_picked":["Clothesline","Dark Embrace"],"picked":"Warcry","floor":0},{"not_picked":["Body Slam","Clash"],"picked":"Havoc","floor":0},{"not_picked":["Clothesline","Clash"],"picked":"Pummel","floor":0},{"not_picked":["Fire Breathing","Thunderclap"],"picked":"True Grit","floor":0},{"not_picked":["Twin Strike","Sword Boomerang"],"picked":"Headbutt","floor":0},{"not_picked":["Twin Strike","Burning Pact"],"picked":"True Grit","floor":0},{"not_picked":["Dual Wield","Clash"],"picked":"Sword Boomerang","floor":0},{"not_picked":["Second Wind","Clash"],"picked":"Sentinel","floor":0},{"not_picked":["Clash","Wild Strike"],"picked":"Anger","floor":1},{"not_picked":["Warcry","Armaments"],"picked":"Whirlwind","floor":4},{"not_picked":["Sever Soul","Sword Boomerang","Flex"],"picked":"SKIP","floor":7},{"not_picked":["Headbutt","Shrug It Off"],"picked":"Offering","floor":10},{"not_picked":["Entrench","Infernal Blade"],"picked":"Flame Barrier","floor":12},{"not_picked":["Clothesline","Dark Embrace"],"picked":"Inflame","floor":13},{"not_picked":["Wild Strike","Iron Wave"],"picked":"Twin Strike","floor":14},{"not_picked":["Offering","Demon Form"],"picked":"Immolate","floor":16},{"not_picked":["Dropkick","Warcry","Rampage"],"picked":"SKIP","floor":18},{"not_picked":["Body Slam","Pommel Strike","Iron Wave"],"picked":"SKIP","floor":20},{"not_picked":["Combust+1","Perfected Strike","Pummel+1"],"picked":"SKIP","floor":22},{"not_picked":["Dual Wield","Havoc"],"picked":"Uppercut","floor":23},{"not_picked":["Headbutt","Flame Barrier"],"picked":"Armaments","floor":25},{"not_picked":["Blood for Blood","Clash","Flex"],"picked":"SKIP","floor":30},{"not_picked":["Intimidate","Twin Strike+1"],"picked":"Wild Strike","floor":31}],"player_experience":1110942,"relics_obtained":[{"floor":9,"key":"Lantern"},{"floor":13,"key":"Nunchaku"},{"floor":23,"key":"Ice Cream"},{"floor":26,"key":"MawBank"},{"floor":29,"key":"InkBottle"}],"event_choices":[{"damage_healed":0,"gold_gain":60,"player_choice":"Gained Gold","damage_taken":0,"max_hp_gain":0,"max_hp_loss":0,"event_name":"Golden Wing","floor":2,"gold_loss":0},{"damage_healed":0,"gold_gain":0,"player_choice":"Ignored","damage_taken":0,"max_hp_gain":0,"max_hp_loss":0,"event_name":"Golden Idol","floor":5,"gold_loss":0},{"damage_healed":0,"gold_gain":0,"player_choice":"Ignored","damage_taken":0,"max_hp_gain":0,"max_hp_loss":0,"event_name":"Liars Game","floor":11,"gold_loss":0},{"damage_healed":0,"gold_gain":0,"cards_transformed":["Thunderclap","Pummel"],"player_choice":"Became Test Subject","damage_taken":0,"max_hp_gain":0,"max_hp_loss":0,"event_name":"Drug Dealer","floor":21,"gold_loss":0,"cards_obtained":["Burning Pact","Clothesline"]},{"damage_healed":0,"gold_gain":0,"player_choice":"Obtained Relic","damage_taken":0,"relics_obtained":["Omamori"],"max_hp_gain":0,"max_hp_loss":0,"event_name":"Addict","floor":28,"gold_loss":85}],"is_beta":false,"boss_relics":[{"not_picked":["Runic Dome","Runic Cube"],"picked":"Empty Cage"}],"items_purged_floors":[],"is_endless":false,"potions_floor_spawned":[4,7,13,22,25],"killed_by":"Collector","ascension_level":0}}