{"host":"l60rmjjsfi0fipmi","time":1609193102,"event":{"mods":["BaseMod","Colored Map","DeckTracker","Minty Spire (QoL Compilation)"],"gold_per_floor":[109,129,103,203,222,222,222,222,222,237,254,264,264,277,277,379,379,399,410,161,173,184,184,217,65,65,79,92,92,124,124,124],"floor_reached":31,"playtime":5339,"items_purged":["Strike_B","Defend_B"],"score":271,"play_id":"bd88bbd0-a281-47d9-a9a4-889239572517","local_time":"20201228170502","is_ascension_mode":false,"campfire_choices":[{"floor":6,"key":"REST"},{"data":"Creative AI","floor":8,"key":"SMITH"},{"data":"Hello World","floor":13,"key":"SMITH"},{"data":"Gash","floor":15,"key":"SMITH"},{"data":"Redo","floor":23,"key":"SMITH"},{"data":"Seek","floor":29,"key":"SMITH"}],"circlet_count":0,"master_deck":["Strike_B","Strike_B","Strike_B","Defend_B","Defend_B","Defend_B","Zap","Dualcast","Creative AI+1","Static Discharge","Glacier","Rebound","Stack","Gash+1","Hello World+1","Undo","Steam","Biased Cognition","CurseOfTheBell","Go for the Eyes+1","Gash","Beam Cell+1","Redo+1","Hologram","Seek+1"],"relics":["Cracked Core","Pocketwatch","Bird Faced Urn","Calling Bell","PreservedInsect","TungstenRod","InkBottle","Lantern","HornCleat","Strawberry","Ginger"],"acts_visited":["Exordium","TheCity"],"potions_floor_usage":[31],"damage_taken":[{"damage":0,"enemies":"Small Slimes","floor":1,"turns":3},{"damage":9,"enemies":"Cultist","floor":2,"turns":4},{"damage":12,"enemies":"2 Louse","floor":5,"turns":2},{"damage":9,"enemies":"Blue Slaver","floor":10,"turns":7},{"damage":7,"enemies":"Looter","floor":11,"turns":4},{"damage":14,"enemies":"Large Slime","floor":12,"turns":5},{"damage":0,"enemies":"Exordium Thugs","floor":14,"turns":6},{"damage":30,"enemies":"Slime Boss","floor":16,"turns":7},{"damage":14,"enemies":"Shell Parasite","floor":18,"turns":8},{"damage":13,"enemies":"Spheric Guardian","floor":19,"turns":3},{"damage":10,"enemies":"Snake Plant","floor":21,"turns":4},{"damage":13,"enemies":"Centurion and Healer","floor":22,"turns":6},{"damage":17,"enemies":"Slavers","floor":24,"turns":7},{"damage":13,"enemies":"Sentry and Sphere","floor":27,"turns":8},{"damage":7,"enemies":"Chosen and Byrds","floor":28,"turns":6},{"damage":65,"enemies":"Gremlin Leader","floor":30,"turns":8},{"damage":17,"enemies":"3 Cultists","floor":31,"turns":4}],"seed_played":"-8488350343460210614","potions_obtained":[{"floor":1,"key":"Swift Potion"},{"floor":5,"key":"Strength Potion"},{"floor":10,"key":"GamblersBrew"},{"floor":14,"key":"DuplicationPotion"},{"floor":28,"key":"FocusPotion"}],"is_trial":false,"path_per_floor":["M","M","$","?","M","R","T","R","T","M","M","M","R","M","R","B",null,"M","M","$","M","M","R","E","$","T","M","M","R","E","M"],"character_chosen":"DEFECT","items_purchased":["Rebound","Gash","Lantern","Hologram"],"campfire_rested":1,"item_purchase_floors":[3,20,20,25],"current_hp_per_floor":[54,45,45,45,33,55,55,55,55,58,55,51,51,63,63,49,75,66,59,59,57,56,56,47,47,54,57,62,62,11,0,0],"gold":124,"neow_bonus":"THREE_RARE_CARDS","is_daily":false,"chose_seed":false,"campfire_upgraded":5,"win_rate":0.0,"timestamp":1609193102,"path_taken":["M","M","$","?","?","R","?","R","T","M","M","M","R","M","R","BOSS","M","M","$","M","M","R","E","$","T","M","M","R","E","M"],"items_purchased_type":["Card","Card","Relic","Card"],"build_version":"2020-12-22","purchased_purges":2,"victory":false,"max_hp_per_floor":[75,75,75,75,75,75,75,75,75,75,75,75,75,75,75,75,75,75,75,75,75,75,75,75,75,82,82,82,82,82,82,82],"card_choices":[{"not_picked":["Echo Form","Machine Learning"],"picked":"Creative AI","floor":0},{"not_picked":["Gash","Beam Cell"],"picked":"Static Discharge","floor":1},{"not_picked":["Gash","Capacitor"],"picked":"Glacier","floor":2},{"not_picked":["Ball Lightning","Darkness"],"picked":"Stack","floor":5},{"not_picked":["Aggregate","Cold Snap"],"picked":"Gash","floor":10},{"not_picked":["Scrape","Ball Lightning"],"picked":"Hello World","floor":11},{"not_picked":["Cold Snap","Compile Driver"],"picked":"Undo","floor":12},{"not_picked":["Cold Snap","Skim"],"picked":"Steam","floor":14},{"not_picked":["Machine Learning","Seek"],"picked":"Biased Cognition","floor":16},{"not_picked":["Sweeping Beam","Stack"],"picked":"Go for the Eyes+1","floor":18},{"not_picked":["Reinforced Body","Chaos","Beam Cell"],"picked":"SKIP","floor":19},{"not_picked":["Cold Snap","Streamline"],"picked":"Beam Cell+1","floor":21},{"not_picked":["Ball Lightning+1","Loop+1"],"picked":"Redo","floor":22},{"not_picked":["Steam Power","Reprogram+1","Leap"],"picked":"SKIP","floor":24},{"not_picked":["Go for the Eyes","Streamline","Steam"],"picked":"SKIP","floor":27},{"not_picked":["BootSequence","Streamline"],"picked":"Seek","floor":28},{"not_picked":["Streamline+1","Rip and Tear","Hologram"],"picked":"SKIP","floor":30}],"player_experience":61896,"relics_obtained":[{"floor":7,"key":"Pocketwatch"},{"floor":9,"key":"Bird Faced Urn"},{"floor":17,"key":"PreservedInsect"},{"floor":17,"key":"TungstenRod"},{"floor":17,"key":"InkBottle"},{"floor":24,"key":"HornCleat"},{"floor":26,"key":"Strawberry"},{"floor":30,"key":"Ginger"}],"event_choices":[{"damage_healed":0,"gold_gain":100,"player_choice":"Gold","damage_taken":0,"max_hp_gain":0,"max_hp_loss":0,"event_name":"Wheel of Change","floor":4,"gold_loss":0}],"is_beta":false,"boss_relics":[{"not_picked":["Cursed Key","Runic Pyramid"],"picked":"Calling Bell"}],"items_purged_floors":[20,25],"is_endless":false,"potions_floor_spawned":[1,5,10,14,21,22,28],"killed_by":"3 Cultists","ascension_level":0}}