{"host":"vumwfieg2b2mnrfl","time":1609122278,"event":{"mods":["AchievementEnabler","BaseMod","Minty Spire (QoL Compilation)","Rare Cards Sparkle","Relic Stats"],"gold_per_floor":[116,116,266,11,11,11,42,42,42,42,67,67,85,103,103,174,174,194,119,137,137,137,137,169,189,189,221,101,131,147,147,147,147,147],"floor_reached":33,"playtime":923,"items_purged":["Regret"],"score":592,"play_id":"598da750-4cd4-4912-b2f0-0314b6461715","local_time":"20201227202438","is_ascension_mode":true,"campfire_choices":[{"data":"Bash","floor":6,"key":"SMITH"},{"data":"Cleave","floor":8,"key":"SMITH"},{"data":"Defend_R","floor":10,"key":"SMITH"},{"data":"Defend_R","floor":12,"key":"SMITH"},{"data":"Strike_R","floor":15,"key":"SMITH"},{"floor":23,"key":"REST"},{"floor":32,"key":"REST"}],"circlet_count":0,"master_deck":["AscendersBane","Strike_R","Strike_R","Strike_R+1","Defend_R+1","Defend_R+1","Defend_R+1","Defend_R+1","Bash+1","Cleave+1","Pommel Strike+1","Rampage+1","Twin Strike+1","Barricade","Spot Weakness","Armaments","Armaments","Headbutt+1","Iron Wave+1","Battle Trance","Shrug It Off","Offering","Thunderclap+1","Armaments"],"relics":["Burning Blood","NeowsBlessing","Lantern","Molten Egg 2","War Paint","Torii","Gremlin Horn","Fusion Hammer","Spirit Poop","Question Card","Strawberry","Red Mask","Thread and Needle"],"acts_visited":["Exordium","TheCity"],"potions_floor_usage":[24,29],"damage_taken":[{"damage":0.0,"enemies":"Small Slimes","floor":1.0,"turns":1.0},{"damage":0,"enemies":"Lagavulin","floor":7,"turns":1},{"damage":0,"enemies":"3 Sentries","floor":11,"turns":1},{"damage":12,"enemies":"Jaw Worm","floor":13,"turns":3},{"damage":1,"enemies":"2 Louse","floor":14,"turns":2},{"damage":27,"enemies":"The Guardian","floor":16,"turns":11},{"damage":16,"enemies":"3 Byrds","floor":18,"turns":4},{"damage":13,"enemies":"Spheric Guardian","floor":20,"turns":4},{"damage":50,"enemies":"Book of Stabbing","floor":24,"turns":5},{"damage":1,"enemies":"Centurion and Healer","floor":25,"turns":7},{"damage":2,"enemies":"Masked Bandits","floor":27,"turns":4},{"damage":15,"enemies":"Slavers","floor":29,"turns":5},{"damage":0,"enemies":"3 Cultists","floor":30,"turns":5},{"damage":74,"enemies":"Champ","floor":33,"turns":12}],"seed_played":"7232927942779508761","potions_obtained":[{"floor":7,"key":"SteroidPotion"},{"floor":11,"key":"EssenceOfSteel"},{"floor":24,"key":"Ancient Potion"}],"is_trial":false,"path_per_floor":["M","?","?","$","?","R","E","R","T","R","E","R","M","M","R","B",null,"M","$","M","?","?","R","E","M","T","?","$","E","M","?","R","B"],"character_chosen":"IRONCLAD","items_purchased":["Molten Egg 2","Battle Trance","Shrug It Off"],"campfire_rested":2,"item_purchase_floors":[4,28,28],"current_hp_per_floor":[74,74,74,74,74,74,75,75,75,75,75,75,69,74,74,53,70,60,60,53,53,53,75,31,36,43,47,47,38,44,44,68,0,0],"gold":147,"neow_bonus":"THREE_ENEMY_KILL","is_daily":false,"chose_seed":false,"campfire_upgraded":5,"win_rate":0.0,"timestamp":1609122278,"path_taken":["M","?","?","$","?","R","E","R","T","R","E","R","?","M","R","BOSS","M","$","M","?","?","R","E","?","T","?","?","E","M","?","R","BOSS"],"items_purchased_type":["Relic","Card","Card"],"build_version":"2020-12-22","purchased_purges":1,"victory":false,"max_hp_per_floor":[75,75,75,75,75,75,75,75,75,75,75,75,75,75,75,75,75,75,75,75,75,75,75,75,75,82,82,82,82,82,82,82,82,82],"relic_stats":{"Torii":62,"Gremlin Horn":[8,10],"counters":[14,65],"War Paint":["Defend_R","Defend_R"],"Question Card":4,"obtain_stats":[{"Lantern":2,"NeowsBlessing":0,"Torii":9,"Gremlin Horn":11,"Spirit Poop":22,"Thread and Needle":29,"War Paint":7,"Question Card":24,"Burning Blood":0,"Strawberry":26,"Molten Egg 2":4,"Fusion Hammer":17,"Red Mask":27},{"Lantern":1,"NeowsBlessing":0,"Torii":2,"Gremlin Horn":3,"Spirit Poop":8,"Thread and Needle":12,"War Paint":2,"Question Card":9,"Burning Blood":0,"Strawberry":10,"Molten Egg 2":1,"Fusion Hammer":6,"Red Mask":11},{"Lantern":1,"NeowsBlessing":0,"Torii":2,"Gremlin Horn":3,"Spirit Poop":27,"Thread and Needle":48,"War Paint":2,"Question Card":32,"Burning Blood":0,"Strawberry":39,"Molten Egg 2":1,"Fusion Hammer":19,"Red Mask":43}],"Burning Blood":67},"card_choices":[{"not_picked":["True Grit","Clash"],"picked":"Cleave","floor":1.0},{"not_picked":["True Grit","Juggernaut"],"picked":"Pommel Strike+1","floor":7},{"not_picked":["Flame Barrier","Anger+1"],"picked":"Rampage+1","floor":11},{"not_picked":["Searing Blow+1","Anger+1"],"picked":"Twin Strike+1","floor":13},{"not_picked":["Combust","Searing Blow+1","Rupture"],"picked":"SKIP","floor":14},{"not_picked":["Exhume","Berserk"],"picked":"Barricade","floor":16},{"not_picked":["Battle Trance","Thunderclap+1"],"picked":"Spot Weakness","floor":18},{"not_picked":["Cleave+1","Sentinel"],"picked":"Armaments","floor":20},{"not_picked":["Sever Soul+1","Sword Boomerang+1"],"picked":"Armaments","floor":24},{"not_picked":["Rampage+1","Hemokinesis+1","Rupture"],"picked":"Headbutt+1","floor":25},{"not_picked":["Fire Breathing","Clash+1","Twin Strike+1"],"picked":"Iron Wave+1","floor":27},{"not_picked":["Power Through","Dropkick+1","Intimidate"],"picked":"Offering","floor":29},{"not_picked":["Clothesline+1","Clash+1","Body Slam+1","Blood for Blood+1"],"picked":"SKIP","floor":30}],"player_experience":319399,"relics_obtained":[{"floor":7,"key":"War Paint"},{"floor":9,"key":"Torii"},{"floor":11,"key":"Gremlin Horn"},{"floor":24,"key":"Question Card"},{"floor":26,"key":"Strawberry"},{"floor":27,"key":"Red Mask"},{"floor":29,"key":"Thread and Needle"}],"event_choices":[{"damage_healed":0.0,"max_hp_gain":0.0,"max_hp_loss":0.0,"gold_gain":0.0,"event_name":"Big Fish","player_choice":"Box","floor":2.0,"gold_loss":0.0,"damage_taken":0.0,"relics_obtained":["Lantern"],"cards_obtained":["Regret"]},{"damage_healed":0.0,"max_hp_gain":0.0,"max_hp_loss":0.0,"gold_gain":150.0,"event_name":"Liars Game","player_choice":"AGREE","floor":3.0,"gold_loss":0.0,"damage_taken":0.0,"cards_obtained":["Doubt"]},{"damage_healed":0,"gold_gain":0,"player_choice":"Fled","damage_taken":0,"max_hp_gain":0,"max_hp_loss":0,"event_name":"Scrap Ooze","floor":5,"gold_loss":0},{"damage_healed":0,"gold_gain":0,"player_choice":"Ignored","damage_taken":0,"max_hp_gain":0,"max_hp_loss":0,"event_name":"Ghosts","floor":21,"gold_loss":0},{"cards_removed":["Doubt"],"damage_healed":0,"gold_gain":0,"player_choice":"Offered Curse","damage_taken":0,"relics_obtained":["Spirit Poop"],"max_hp_gain":0,"max_hp_loss":0,"event_name":"Bonfire Elementals","floor":22,"gold_loss":0},{"damage_healed":0,"gold_gain":0,"player_choice":"Fought Bandits","damage_taken":0,"max_hp_gain":0,"max_hp_loss":0,"event_name":"Masked Bandits","floor":27,"gold_loss":0},{"damage_healed":0,"gold_gain":0,"cards_transformed":["Strike_R","Strike_R"],"player_choice":"Became Test Subject","damage_taken":0,"max_hp_gain":0,"max_hp_loss":0,"event_name":"Drug Dealer","floor":31,"gold_loss":0,"cards_obtained":["Thunderclap","Armaments"]}],"is_beta":false,"boss_relics":[{"not_picked":["Runic Dome","SacredBark"],"picked":"Fusion Hammer"}],"items_purged_floors":[19],"is_endless":false,"potions_floor_spawned":[7,11,13,18,24,25],"killed_by":"Champ","ascension_level":15}}