{"host":"2lqi9xx9scmc3cqh","time":1609149112,"event":{"mods":["AchievementEnabler","BaseMod","Colored Map","Minty Spire (QoL Compilation)","Remove Card Discount Mod","StSLib"],"gold_per_floor":[109,126,4475,4475,4408,4408,4441,4441,4441,4471,4489,4489,4515,4531,4531,4608,4608,4618,3957,3957,3971,3971,4000,4000,4029,4075,4106,4106,4125,4125,3312,3312,3388,3388,3398,3418,3433,3433,2773,2803,2803,2833,2833,2833,2833,2867,2884,2700,2700,2700],"floor_reached":51,"playtime":2522,"items_purged":["Strike_G","Strike_G","Strike_G","Defend_G","Defend_G","Defend_G+1","Noxious Fumes","Strike_G","Defend_G"],"score":1750,"play_id":"03e57339-fe24-415c-bc79-58ee1f1a5295","local_time":"20201228185152","is_ascension_mode":true,"campfire_choices":[{"data":"Blade Dance","floor":6,"key":"SMITH"},{"data":"Neutralize","floor":8,"key":"SMITH"},{"data":"Cloak And Dagger","floor":12,"key":"SMITH"},{"floor":15,"key":"REST"},{"data":"Blade Dance","floor":24,"key":"SMITH"},{"floor":28,"key":"REST"},{"data":"Blade Dance","floor":30,"key":"SMITH"},{"data":"Tactician","floor":32,"key":"SMITH"},{"data":"Acrobatics","floor":41,"key":"SMITH"},{"data":"Cloak And Dagger","floor":44,"key":"SMITH"},{"data":"Reflex","floor":49,"key":"SMITH"}],"circlet_count":0,"master_deck":["AscendersBane","Strike_G","Defend_G","Survivor+1","Neutralize+1","Blade Dance+1","Accuracy+1","Prepared","Cloak And Dagger+1","Acrobatics+1","Reflex","Die Die Die","CurseOfTheBell","Blade Dance+1","Escape Plan","After Image+1","Blade Dance+1","Accuracy+1","Accuracy+1","Backflip","Tactician+1","Accuracy+1","Adrenaline+1","Cloak And Dagger+1","Finesse","Reflex+1","Prepared","Footwork+1"],"relics":["Ring of the Snake","NeowsBlessing","Singing Bowl","War Paint","ClockworkSouvenir","Boot","Juzu Bracelet","Art of War","Bronze Scales","Calling Bell","Blood Vial","Frozen Egg 2","Pocketwatch","Pantograph","Orrery","Bottled Flame","Meat on the Bone","Happy Flower","Regal Pillow","Smiling Mask","Oddly Smooth Stone","Du-Vu Doll","TwistedFunnel","SlaversCollar","Omamori","Gremlin Horn","TheAbacus","Mango","Bird Faced Urn","Strawberry","Paper Crane","HandDrill"],"acts_visited":["Exordium","TheCity","TheBeyond"],"potions_floor_usage":[16,23,23,25,33,33,47],"damage_taken":[{"damage":0,"enemies":"2 Louse","floor":1,"turns":1},{"damage":0,"enemies":"Small Slimes","floor":2,"turns":1},{"damage":0,"enemies":"Gremlin Nob","floor":7,"turns":1},{"damage":14,"enemies":"3 Sentries","floor":10,"turns":8},{"damage":0,"enemies":"Jaw Worm","floor":11,"turns":1},{"damage":15,"enemies":"Gremlin Nob","floor":13,"turns":4},{"damage":0,"enemies":"Red Slaver","floor":14,"turns":2},{"damage":4,"enemies":"The Guardian","floor":16,"turns":7},{"damage":18,"enemies":"2 Thieves","floor":18,"turns":4},{"damage":0,"enemies":"Chosen","floor":21,"turns":2},{"damage":15,"enemies":"Slavers","floor":23,"turns":3},{"damage":12,"enemies":"Book of Stabbing","floor":25,"turns":3},{"damage":28,"enemies":"Slavers","floor":27,"turns":5},{"damage":0,"enemies":"Sentry and Sphere","floor":29,"turns":2},{"damage":12,"enemies":"Automaton","floor":33,"turns":6},{"damage":0,"enemies":"3 Shapes","floor":35,"turns":2},{"damage":0,"enemies":"3 Darklings","floor":36,"turns":2},{"damage":0,"enemies":"Maw","floor":37,"turns":4},{"damage":6,"enemies":"Nemesis","floor":40,"turns":3},{"damage":0,"enemies":"Reptomancer","floor":42,"turns":2},{"damage":0,"enemies":"Giant Head","floor":46,"turns":4},{"damage":28,"enemies":"Writhing Mass","floor":47,"turns":3},{"damage":14,"enemies":"Awakened One","floor":50,"turns":12}],"seed_played":"-7154586578108730163","potions_obtained":[{"floor":1,"key":"FearPotion"},{"floor":10,"key":"Ancient Potion"},{"floor":13,"key":"Block Potion"},{"floor":21,"key":"LiquidMemories"},{"floor":23,"key":"SteroidPotion"},{"floor":29,"key":"Ancient Potion"},{"floor":37,"key":"AttackPotion"},{"floor":47,"key":"Swift Potion"}],"is_trial":false,"path_per_floor":["M","M","$","?","?","R","E","R","T","E","M","R","E","M","R","B",null,"M","$","?","M","?","E","R","E","T","E","R","M","R","$","R","B",null,"M","M","M","?","$","E","R","E","T","R","?","E","M","$","R","B",null],"character_chosen":"THE_SILENT","items_purchased":["Blade Dance","Accuracy","Singing Bowl","War Paint","ClockworkSouvenir","Pantograph","Orrery","Bottled Flame","Oddly Smooth Stone","Du-Vu Doll","TwistedFunnel","Tactician","Accuracy+1","PowerPotion","Omamori","Gremlin Horn","TheAbacus","Block Potion","Cloak And Dagger","HandDrill","Footwork+1"],"campfire_rested":2,"item_purchase_floors":[3,3,3,3,3,19,19,19,31,31,31,31,31,31,39,39,39,39,39,48,48],"current_hp_per_floor":[59,59,59,59,59,59,61,61,61,47,47,47,32,32,52,48,63,49,53,53,55,34,21,21,23,23,21,60,62,62,62,62,69,78,82,85,87,87,87,97,97,101,108,108,102,114,88,88,88,112],"gold":2700,"neow_bonus":"THREE_ENEMY_KILL","is_daily":false,"chose_seed":false,"campfire_upgraded":9,"win_rate":0.0,"timestamp":1609149112,"path_taken":["M","M","$","?","?","R","E","R","T","E","M","R","E","M","R","BOSS","M","$","?","M","?","E","R","E","T","E","R","M","R","?","R","BOSS","M","M","M","?","$","E","R","E","T","R","?","E","M","$","R","BOSS"],"items_purchased_type":["Card","Card","Relic","Relic","Relic","Relic","Relic","Relic","Relic","Relic","Relic","Card","Card","Potion","Relic","Relic","Relic","Potion","Card","Relic","Card"],"build_version":"2020-12-22","purchased_purges":9,"victory":true,"max_hp_per_floor":[66,66,66,66,66,66,68,68,68,68,68,68,68,68,68,68,68,70,74,74,74,79,79,79,79,79,81,81,81,81,81,81,81,81,83,85,87,87,87,103,103,105,112,112,116,116,116,116,116,116],"card_choices":[{"not_picked":["PiercingWail","Bane"],"picked":"Noxious Fumes","floor":1},{"not_picked":["Expertise","Dodge and Roll","Dagger Throw"],"picked":"SKIP","floor":2},{"not_picked":["All Out Attack","Skewer","Terror"],"picked":"Singing Bowl","floor":7},{"not_picked":["Caltrops","Bane"],"picked":"Prepared","floor":10},{"not_picked":["Heel Hook","Dagger Spray"],"picked":"Cloak And Dagger","floor":11},{"not_picked":["Expertise","Outmaneuver"],"picked":"Acrobatics","floor":13},{"not_picked":["Heel Hook","Wraith Form v2"],"picked":"Reflex","floor":14},{"not_picked":["Wraith Form v2","Unload"],"picked":"Die Die Die","floor":16},{"not_picked":["Underhanded Strike+1","Distraction","Dash"],"picked":"Singing Bowl","floor":18},{"not_picked":["Flying Knee","Dash"],"picked":"Blade Dance","floor":19},{"not_picked":["PiercingWail","Prepared+1"],"picked":"Escape Plan","floor":19},{"not_picked":["Bane","Corpse Explosion","Slice"],"picked":"Singing Bowl","floor":19},{"not_picked":["Well Laid Plans+1","Deadly Poison","PiercingWail"],"picked":"Singing Bowl","floor":19},{"not_picked":["Underhanded Strike","Poisoned Stab"],"picked":"After Image+1","floor":19},{"not_picked":["Riddle With Holes","Deflect"],"picked":"Blade Dance","floor":21},{"not_picked":["Underhanded Strike","Prepared"],"picked":"Accuracy+1","floor":23},{"not_picked":["Underhanded Strike","Corpse Explosion"],"picked":"Accuracy+1","floor":25},{"not_picked":["Poisoned Stab","Deflect","Blur"],"picked":"Singing Bowl","floor":27},{"not_picked":["Dagger Spray","Dash"],"picked":"Backflip","floor":29},{"not_picked":["Grand Finale","Burst"],"picked":"Adrenaline","floor":33},{"not_picked":["Backstab","Slice","Terror"],"picked":"Singing Bowl","floor":35},{"not_picked":["Catalyst","Dagger Spray","Sucker Punch"],"picked":"Singing Bowl","floor":36},{"not_picked":["Terror","Riddle With Holes+1","Finisher+1"],"picked":"Singing Bowl","floor":37},{"not_picked":["Concentrate","Accuracy+1","Sucker Punch+1"],"picked":"Singing Bowl","floor":40},{"not_picked":["Die Die Die","Backflip","Terror"],"picked":"Singing Bowl","floor":42},{"not_picked":["Enlightenment","Dramatic Entrance","Dark Shackles"],"picked":"Singing Bowl","floor":45},{"not_picked":["The Bomb","Magnetism+1","PanicButton"],"picked":"Singing Bowl","floor":45},{"not_picked":["Swift Strike","Jack Of All Trades"],"picked":"Finesse","floor":45},{"not_picked":["Noxious Fumes+1","Footwork+1"],"picked":"Reflex","floor":46},{"not_picked":["Blur","Poisoned Stab"],"picked":"Prepared","floor":47}],"player_experience":382358,"relics_obtained":[{"floor":7,"key":"Boot"},{"floor":9,"key":"Juzu Bracelet"},{"floor":10,"key":"Art of War"},{"floor":13,"key":"Bronze Scales"},{"floor":17,"key":"Blood Vial"},{"floor":17,"key":"Frozen Egg 2"},{"floor":17,"key":"Pocketwatch"},{"floor":23,"key":"Meat on the Bone"},{"floor":25,"key":"Happy Flower"},{"floor":26,"key":"Regal Pillow"},{"floor":27,"key":"Smiling Mask"},{"floor":40,"key":"Mango"},{"floor":42,"key":"Bird Faced Urn"},{"floor":43,"key":"Strawberry"},{"floor":46,"key":"Paper Crane"}],"event_choices":[{"damage_healed":0,"gold_gain":0,"player_choice":"Grow","damage_taken":0,"max_hp_gain":0,"max_hp_loss":0,"event_name":"Living Wall","floor":4,"gold_loss":0,"cards_upgraded":["Accuracy"]},{"damage_healed":0,"gold_gain":0,"player_choice":"Left Gold","damage_taken":0,"max_hp_gain":0,"max_hp_loss":0,"event_name":"World of Goop","floor":5,"gold_loss":67},{"damage_healed":0,"gold_gain":0,"player_choice":"Ignored","damage_taken":0,"max_hp_gain":0,"max_hp_loss":0,"event_name":"Vampires","floor":20,"gold_loss":0},{"damage_healed":0,"gold_gain":0,"player_choice":"Shed Blood","damage_taken":26,"max_hp_gain":5,"max_hp_loss":0,"event_name":"Forgotten Altar","floor":22,"gold_loss":0},{"damage_healed":0,"gold_gain":0,"player_choice":"Upgraded","damage_taken":0,"max_hp_gain":0,"max_hp_loss":0,"event_name":"Upgrade Shrine","floor":38,"gold_loss":0,"cards_upgraded":["Adrenaline"]},{"damage_healed":0,"gold_gain":0,"player_choice":"Memory 3","damage_taken":10,"max_hp_gain":0,"max_hp_loss":0,"event_name":"SensoryStone","floor":45,"gold_loss":0}],"is_beta":false,"boss_relics":[{"not_picked":["Coffee Dripper","Runic Dome"],"picked":"Calling Bell"},{"not_picked":["Black Star","Empty Cage"],"picked":"SlaversCollar"}],"items_purged_floors":[3,3,3,3,3,19,31,31,39],"is_endless":false,"potions_floor_spawned":[1,10,11,13,21,23,29,37,40,47],"ascension_level":15}}