{"host":"1hv1kueuvc4r3rdp","time":1609193922,"event":{"mods":["AchievementEnabler","BaseMod","DeckTracker","Highlight Path","Minty Spire (QoL Compilation)","Permanent Neow","StSLib"],"gold_per_floor":[112,126,126,48,58,85,85,102,151,171,181,191,191,191,191,295,295,309,12,112,125,136,136,166,166,214,234,234,249,262,291,291,291,291],"floor_reached":33,"playtime":1075,"items_purged":[],"score":323,"play_id":"71b84028-c75d-43f6-a0b9-81374b75c75c","local_time":"20201228161842","daily_mods":["Uncertain Future"],"is_ascension_mode":false,"campfire_choices":[{"data":"Eruption","floor":7,"key":"SMITH"},{"data":"Wallop","floor":13,"key":"SMITH"},{"data":"BowlingBash","floor":15,"key":"SMITH"},{"data":"ClearTheMind","floor":23,"key":"SMITH"},{"floor":25,"key":"REST"},{"floor":32,"key":"REST"}],"circlet_count":0,"master_deck":["Strike_P+1","Strike_P+1","Strike_P+1","Strike_P+1","Defend_P+1","Defend_P+1","Defend_P+1","Eruption+1","Vigilance+1","Wallop+1","DeceiveReality","Establishment","ReachHeaven","CutThroughFate","BowlingBash+1","InnerPeace","Tantrum","Halt+1","ClearTheMind+1","MasterReality"],"relics":["PureWater","Darkstone Periapt","Smiling Mask","Dead Branch","VioletLotus","Happy Flower","Ancient Tea Set","CeramicFish","War Paint"],"acts_visited":["Exordium","TheCity"],"potions_floor_usage":[6,8,21,22,33],"damage_taken":[{"damage":0,"enemies":"2 Louse","floor":1,"turns":2},{"damage":0,"enemies":"Cultist","floor":2,"turns":2},{"damage":0,"enemies":"Small Slimes","floor":5,"turns":2},{"damage":14,"enemies":"Lagavulin","floor":6,"turns":3},{"damage":5,"enemies":"Red Slaver","floor":8,"turns":2},{"damage":2,"enemies":"Looter","floor":10,"turns":3},{"damage":0,"enemies":"Blue Slaver","floor":11,"turns":3},{"damage":6,"enemies":"Large Slime","floor":12,"turns":3},{"damage":0,"enemies":"Slime Boss","floor":16,"turns":3},{"damage":2,"enemies":"Shell Parasite","floor":18,"turns":3},{"damage":6,"enemies":"3 Byrds","floor":21,"turns":3},{"damage":11,"enemies":"Shelled Parasite and Fungi","floor":22,"turns":5},{"damage":41,"enemies":"Slavers","floor":24,"turns":3},{"damage":0,"enemies":"Chosen and Byrds","floor":27,"turns":4},{"damage":8,"enemies":"Snake Plant","floor":29,"turns":5},{"damage":0,"enemies":"Sentry and Sphere","floor":30,"turns":3},{"damage":0,"enemies":"Centurion and Healer","floor":31,"turns":4},{"damage":69,"enemies":"Champ","floor":33,"turns":7}],"seed_played":"29495148733922","potions_obtained":[{"floor":2,"key":"Fire Potion"},{"floor":5,"key":"AttackPotion"},{"floor":6,"key":"DistilledChaos"},{"floor":18,"key":"DistilledChaos"},{"floor":22,"key":"Dexterity Potion"},{"floor":30,"key":"BlessingOfTheForge"}],"is_trial":true,"path_per_floor":["M","M","?","$","M","E","R","M","T","M","M","M","R","T","R","B",null,"M","$","?","M","M","R","E","R","T","M","?","M","M","M","R","B"],"character_chosen":"WATCHER","items_purchased":["ReachHeaven","Happy Flower","Ancient Tea Set"],"campfire_rested":2,"item_purchase_floors":[4,19,19],"current_hp_per_floor":[72,72,72,72,72,58,58,53,53,51,51,45,45,45,45,45,72,70,70,70,64,53,53,12,33,33,33,33,25,25,25,46,0,0],"gold":291,"neow_bonus":"","is_daily":false,"chose_seed":true,"campfire_upgraded":4,"win_rate":0.0,"timestamp":1609193922,"path_taken":["M","M","?","$","?","E","R","M","T","M","M","M","R","?","R","BOSS","M","$","?","M","?","R","E","R","T","M","?","M","M","M","R","BOSS"],"items_purchased_type":["Card","Relic","Relic"],"build_version":"2020-12-22","purchased_purges":0,"victory":false,"max_hp_per_floor":[72,72,72,72,72,72,72,72,72,72,72,72,72,72,72,72,72,72,72,72,72,72,72,72,72,72,72,72,72,72,72,72,72,72],"card_choices":[{"not_picked":["FlurryOfBlows","Prostrate"],"picked":"Wallop","floor":1},{"not_picked":["PathToVictory","ClearTheMind"],"picked":"DeceiveReality","floor":2},{"not_picked":["MentalFortress","Protect"],"picked":"CutThroughFate","floor":5},{"not_picked":["Halt","DeceiveReality","WaveOfTheHand"],"picked":"SKIP","floor":6},{"not_picked":["Crescendo","Devotion"],"picked":"BowlingBash","floor":8},{"not_picked":["PathToVictory","Consecrate","EmptyBody"],"picked":"SKIP","floor":10},{"not_picked":["WindmillStrike","EmptyBody"],"picked":"InnerPeace","floor":11},{"not_picked":["Study","Crescendo","PathToVictory"],"picked":"SKIP","floor":12},{"not_picked":["FlurryOfBlows","Fasting2"],"picked":"Tantrum","floor":18},{"not_picked":["SashWhip","Evaluate"],"picked":"Halt","floor":21},{"not_picked":["Vengeance","Consecrate"],"picked":"ClearTheMind","floor":22},{"not_picked":["Wireheading","CrushJoints","LikeWater"],"picked":"SKIP","floor":24},{"not_picked":["Crescendo","ClearTheMind+1","WreathOfFlame"],"picked":"SKIP","floor":27},{"not_picked":["Halt","PathToVictory","BowlingBash"],"picked":"SKIP","floor":29},{"not_picked":["FollowUp+1","Consecrate+1","Weave"],"picked":"SKIP","floor":30},{"not_picked":["Evaluate+1","ClearTheMind"],"picked":"MasterReality","floor":31}],"player_experience":1113559,"relics_obtained":[{"floor":6,"key":"Darkstone Periapt"},{"floor":9,"key":"Smiling Mask"},{"floor":14,"key":"Dead Branch"},{"floor":24,"key":"CeramicFish"},{"floor":26,"key":"War Paint"}],"event_choices":[{"damage_healed":0,"gold_gain":0,"cards_transformed":["Defend_P"],"player_choice":"Transformed","damage_taken":0,"max_hp_gain":0,"max_hp_loss":0,"event_name":"Transmorgrifier","floor":3,"gold_loss":0,"cards_obtained":["Establishment"]},{"damage_healed":0,"gold_gain":100,"player_choice":"Pray","damage_taken":0,"max_hp_gain":0,"max_hp_loss":0,"event_name":"Golden Shrine","floor":20,"gold_loss":0},{"damage_healed":0,"gold_gain":0,"player_choice":"Simplicity","damage_taken":0,"max_hp_gain":0,"max_hp_loss":0,"event_name":"Back to Basics","floor":28,"gold_loss":0,"cards_upgraded":["Strike_P","Strike_P","Strike_P","Strike_P","Defend_P","Defend_P","Defend_P"]}],"is_beta":false,"boss_relics":[{"not_picked":["Cursed Key","Coffee Dripper"],"picked":"VioletLotus"}],"items_purged_floors":[],"is_endless":false,"potions_floor_spawned":[2,5,6,18,22,30],"killed_by":"Champ","ascension_level":0}}