{"host":"p5nht1vx148lgsp8","time":1609223504,"event":{"mods":["AchievementEnabler","BaseMod","Better Altar","Better Match","Better Note","Better Sensory Stone","Better Skull","Better Third Choice","Colored Map","Colored Powertips","Downfall","Infinite Spire","Marisa????????","Minty Spire (QoL Compilation)","Permanent Neow","Replay The Spire","StSLib","The Servant 0.9.4","Waifu the Spire"],"gold_per_floor":[119,133,308,20,20,53,53,78,104,104,118,152,168,37,37,136,136,149,149,167,167,181,181,214,214,214,214,285,305,315,240,240,335,335,349,259,259,278,289,289,317,317,317,337,355,374,393,393,393,393,393],"floor_reached":50,"playtime":2955,"items_purged":["Doubt","Strike_R","Clothesline"],"score":749,"play_id":"38f103d6-b943-4af3-93aa-ac9e42a0e50a","local_time":"20201228223144","is_ascension_mode":true,"campfire_choices":[{"floor":10,"key":"REST"},{"floor":15,"key":"REST"},{"data":"Fire Breathing","floor":23,"key":"SMITH"},{"data":"Bash","floor":25,"key":"PURGE"},{"floor":32,"key":"REST"},{"floor":40,"key":"REST"},{"floor":42,"key":"REST"}],"circlet_count":0,"master_deck":["Immolate","Fire Breathing+1","Feed","TalkToTheHand","Evolve","Bullet Time","Battle Trance","Metallicize","Adrenaline","Slimebound:Icky","Immolate","expansioncontent:AwakenDeath","ReplayTheSpireMod:Chaos Vortex","CurseOfTheBell","Flame Barrier","Inflame+1","Ghostly Armor","Power Through","Brutality","Demon Form+1","Seeing Red","Feed","Sword Boomerang","Bloodletting","Burning Pact","Flame Barrier","Shockwave","Metallicize","Life Link"],"relics":["Replay:M_StaffOfTheSnake","infinitespire:Cubic Diamond","King of Hearts","NlothsMask","Smiling Mask","infinitespire:CheckeredPen","ReplayTheSpireMod:SealedPack","Calling Bell","Anchor","infinitespire:Broken Mirror","Peace Pipe","Centennial Puzzle","Bronze Scales","Singing Bowl","Pandora\u0027s Box","ReplayTheSpireMod:Lightbulb","Regal Pillow"],"acts_visited":["Exordium","TheCity","TheBeyond"],"potions_floor_usage":[8,12,16,20,24,33,38,41,47,50],"damage_taken":[{"damage":6,"enemies":"Cultist","floor":1,"turns":3},{"damage":0,"enemies":"2 Louse","floor":2,"turns":1},{"damage":15,"enemies":"3 Sentries","floor":6,"turns":4},{"damage":24,"enemies":"Replay:BlueRogue","floor":8,"turns":7},{"damage":11,"enemies":"Jaw Worm","floor":11,"turns":4},{"damage":20,"enemies":"3 Sentries","floor":12,"turns":3},{"damage":13,"enemies":"Large Slime","floor":13,"turns":4},{"damage":0,"enemies":"Slime Boss","floor":16,"turns":5},{"damage":0,"enemies":"3 Byrds","floor":18,"turns":4},{"damage":0,"enemies":"Chosen","floor":20,"turns":3},{"damage":4,"enemies":"Snecko","floor":22,"turns":3},{"damage":3,"enemies":"Gremlin Leader","floor":24,"turns":6},{"damage":3,"enemies":"Cultist and Chosen","floor":29,"turns":3},{"damage":11,"enemies":"3 Cultists","floor":30,"turns":3},{"damage":23,"enemies":"Automaton","floor":33,"turns":7},{"damage":12,"enemies":"Orb Walker","floor":35,"turns":4},{"damage":17,"enemies":"3 Shapes","floor":38,"turns":3},{"damage":21,"enemies":"3 Darklings","floor":39,"turns":3},{"damage":45,"enemies":"Giant Head","floor":41,"turns":8},{"damage":5,"enemies":"Sphere and 2 Shapes","floor":44,"turns":4},{"damage":9,"enemies":"4 Shapes","floor":45,"turns":3},{"damage":3,"enemies":"3 Darklings","floor":46,"turns":3},{"damage":30,"enemies":"Maw","floor":47,"turns":6},{"damage":56,"enemies":"infinitespire:MassOfShapes","floor":50,"turns":7}],"seed_played":"-2988483258263429340","potions_obtained":[{"floor":6,"key":"Adrenaline Potion"},{"floor":11,"key":"Swift Potion"},{"floor":13,"key":"Fire Potion"},{"floor":18,"key":"hexamod:EctoCoolerPotion"},{"floor":22,"key":"ColorlessPotion"},{"floor":30,"key":"Slimebound:ThreeZeroPotion"},{"floor":35,"key":"EssenceOfSteel"},{"floor":39,"key":"Block Potion"},{"floor":45,"key":"Fire Potion"},{"floor":49,"key":"Cursed Concoction"},{"floor":49,"key":"ElixirPotion"}],"is_trial":false,"path_per_floor":["M","M","?","$","?","E","?","E","T","R","M","E","M","$","R","B",null,"M","AVR","M","?","M","R","E","R","T","?","T","M","M","?","R","B",null,"M","$","?","M","M","R","E","R","T","M","M","M","M","?","R_BF","B"],"character_chosen":"IRONCLAD","items_purchased":["Fire Breathing","Feed","Metallicize","Metallicize"],"campfire_rested":5,"item_purchase_floors":[4,4,14,36],"current_hp_per_floor":[80,80,80,80,80,68,68,44,44,68,60,40,27,27,52,52,86,86,86,88,88,84,84,81,81,81,81,81,80,69,73,94,71,94,84,84,84,72,54,85,45,77,77,77,73,72,44,32,32,0,0],"gold":393,"neow_bonus":"ONE_RANDOM_RARE_CARD","is_daily":false,"chose_seed":false,"campfire_upgraded":1,"win_rate":0.0,"timestamp":1609223504,"path_taken":["M","?","?","$","?","E","?","E","T","R","M","E","?","?","R","BOSS","M","AVR","M","?","?","R","E","R","T","?","?","?","M","?","R","BOSS","M","$","?","M","M","R","E","R","T","M","M","M","?","?","R_BF","BOSS"],"items_purchased_type":["Card","Card","Card","Card"],"build_version":"2020-12-22","purchased_purges":3,"victory":false,"max_hp_per_floor":[80,80,80,80,80,83,83,83,83,83,86,86,86,86,86,86,86,86,86,88,88,88,88,88,88,88,88,88,90,90,94,94,94,94,96,96,96,101,104,104,109,109,109,114,119,121,123,123,123,123,123],"card_choices":[{"not_picked":["Heavy Blade","Pommel Strike","Entrench"],"picked":"SKIP","floor":1},{"not_picked":["Clothesline","ReplayTheSpireMod:LeadingStrike","Pommel Strike"],"picked":"SKIP","floor":2},{"not_picked":["Anger","JustLucky","Thunderclap"],"picked":"SKIP","floor":6},{"not_picked":["True Grit","Armaments"],"picked":"TalkToTheHand","floor":8},{"not_picked":["Reckless Charge","Disarm"],"picked":"Evolve","floor":11},{"not_picked":["Cleave","Vengeance"],"picked":"Bullet Time","floor":12},{"not_picked":["Outmaneuver","Anger"],"picked":"Battle Trance","floor":13},{"not_picked":["Barricade","Hemogenesis"],"picked":"Adrenaline","floor":16},{"not_picked":["Die Die Die","Impervious"],"picked":"Immolate","floor":17},{"not_picked":["Replay:Sssssssssstrike","Dark Shackles"],"picked":"expansioncontent:AwakenDeath","floor":17},{"not_picked":["infinitespire:TheBestDefense","infinitespire:NeuralNetwork"],"picked":"ReplayTheSpireMod:Chaos Vortex","floor":17},{"not_picked":["Wild Strike","Clothesline","Twin Strike"],"picked":"SKIP","floor":18},{"not_picked":["Heavy Blade","Twin Strike"],"picked":"Battle Trance","floor":20},{"not_picked":["Second Wind","Sentinel","Massacre"],"picked":"SKIP","floor":22},{"not_picked":["Burning Pact+1","Corruption"],"picked":"Inflame+1","floor":24},{"not_picked":["Rampage","Armaments","Body Slam"],"picked":"Singing Bowl","floor":29},{"not_picked":["Anger","Wild Strike"],"picked":"Power Through","floor":30},{"not_picked":["Clash","Body Slam","Clothesline"],"picked":"Singing Bowl","floor":31},{"not_picked":["Fiend Fire","Eclipse"],"picked":"Brutality","floor":31},{"not_picked":["Flash of Steel","expansioncontent:Sear","Replay:SS_hec_1"],"picked":"Singing Bowl","floor":31},{"not_picked":["Berserk","Juggernaut"],"picked":"Demon Form","floor":33},{"not_picked":["Power Through","Sword Boomerang","Twin Strike+1"],"picked":"Singing Bowl","floor":35},{"not_picked":["Havoc","Clothesline+1","Flame Barrier+1"],"picked":"Singing Bowl","floor":38},{"not_picked":["Headbutt","Perfected Strike+1"],"picked":"Life Link","floor":39},{"not_picked":["Dark Embrace+1","infinitespire:OneForAll+1","Dual Wield+1"],"picked":"Singing Bowl","floor":41},{"not_picked":["ReplayTheSpireMod:Stacked","ReplayTheSpireMod:Limb From Limb+1","Entrench"],"picked":"Singing Bowl","floor":44},{"not_picked":["Headbutt+1","ReplayReversal","Warcry"],"picked":"Singing Bowl","floor":45},{"not_picked":["Flex+1","Run Through+1","Shockwave+1"],"picked":"Singing Bowl","floor":46},{"not_picked":["Replay:Undeath\u0027s Touch+1","Berserk","Dropkick"],"picked":"Singing Bowl","floor":47}],"player_experience":182826,"relics_obtained":[{"floor":6,"key":"King of Hearts"},{"floor":8,"key":"Smiling Mask"},{"floor":12,"key":"infinitespire:CheckeredPen"},{"floor":19,"key":"Anchor"},{"floor":19,"key":"infinitespire:Broken Mirror"},{"floor":19,"key":"Peace Pipe"},{"floor":24,"key":"Centennial Puzzle"},{"floor":26,"key":"Bronze Scales"},{"floor":28,"key":"Singing Bowl"},{"floor":41,"key":"ReplayTheSpireMod:Lightbulb"},{"floor":43,"key":"Regal Pillow"}],"event_choices":[{"damage_healed":0,"gold_gain":175,"player_choice":"AGREE","damage_taken":133,"max_hp_gain":0,"max_hp_loss":0,"event_name":"betterThird:BetterSerpent","floor":3,"gold_loss":0},{"damage_healed":0,"gold_gain":0,"player_choice":"Trade","damage_taken":0,"relics_obtained":["NlothsMask"],"max_hp_gain":0,"max_hp_loss":0,"event_name":"FaceTrader","floor":7,"gold_loss":0},{"damage_healed":0,"gold_gain":0,"cards_transformed":["Battle Trance"],"player_choice":"Transformed","damage_taken":0,"max_hp_gain":0,"max_hp_loss":0,"event_name":"Transmorgrifier","floor":21,"gold_loss":0,"cards_obtained":["Flame Barrier"]},{"damage_healed":0,"gold_gain":0,"player_choice":"Read","damage_taken":0,"max_hp_gain":0,"max_hp_loss":0,"event_name":"The Library","floor":27,"gold_loss":0,"cards_obtained":["Ghostly Armor"]},{"damage_healed":0,"gold_gain":0,"player_choice":"1","damage_taken":0,"max_hp_gain":0,"max_hp_loss":0,"event_name":"betterMatch:BetterMatch","floor":31,"gold_loss":0,"cards_obtained":["betterMatch:CommonCard","betterMatch:ColorlessUncommonCard","betterMatch:RareCard"]},{"damage_healed":0,"gold_gain":0,"player_choice":"Forge","damage_taken":0,"max_hp_gain":0,"max_hp_loss":0,"event_name":"Accursed Blacksmith","floor":37,"gold_loss":0,"cards_upgraded":["Demon Form"]},{"damage_healed":0,"gold_gain":0,"player_choice":"Damaged","damage_taken":12,"max_hp_gain":0,"max_hp_loss":0,"event_name":"Wheel of Change","floor":48,"gold_loss":0}],"is_beta":false,"boss_relics":[{"not_picked":["Replay:Drink Me","SlaversCollar"],"picked":"ReplayTheSpireMod:SealedPack"},{"not_picked":["Tiny House","infinitespire:Cupcake"],"picked":"Pandora\u0027s Box"}],"items_purged_floors":[4,14,36],"is_endless":false,"potions_floor_spawned":[6,11,13,18,22,30,35,39,45],"killed_by":"infinitespire:MassOfShapes","ascension_level":4}}