{"host":"e5u7qs1emxzejr12","time":1609159497,"event":{"mods":["2.2 Compatiblity","ATMod(∞¢Ë™Mod)","Act Like it!","BaseMod","Card Forge","Custom Start","Highlight Path","Luminous","Minty Spire (QoL Compilation)","Prisma Mod","Quick Restart","Reimu£®≤©¿ˆ¡È√Œ£©","Replay The Spire","Shop Mod","StSLib","SuperFastMode","Uncapped","UnlockEverythingMod","Yakumo Yukari mod","vexMod","°æ“≈ŒÔø®≈∆°øREMEMod"],"gold_per_floor":[138,195,195,195,237,237,237],"floor_reached":6,"playtime":275,"items_purged":[],"score":72,"play_id":"23fb38bd-81d7-47e8-b997-32a698c60053","local_time":"20201228204457","daily_mods":["Heirloom","Flight","DeadlyEvents","Elite Swarm","Midas"],"is_ascension_mode":true,"campfire_choices":[],"circlet_count":0,"master_deck":["AscendersBane","PrismaMod:MiyuCommonDefend+1","PrismaMod:MiyuCommonAttack+1","PrismaMod:MiyuCommonAttack+1","PrismaMod:MiyuCheapChannelAttack+1","PrismaMod:MiyuCheapChannelDefend+1","REME_ACTH+1","AT_ThreeBodyProblem+1","PrismaMod:MiyuEvokeBuffDex"],"relics":["PrismaMod:PrismaSapphire","Hammer of Thor","Seething Fire","Anvil of the Gods","AT_ATBox","REME_ComplimentaryCards","vexMod:PlasmaPancake","CultistMask"],"acts_visited":["Exordium"],"potions_floor_usage":[],"damage_taken":[{"damage":0,"enemies":"2 Louse","floor":1,"turns":1},{"damage":0,"enemies":"Small Slimes","floor":2,"turns":2},{"damage":1,"enemies":"Cultist","floor":5,"turns":4},{"damage":6,"enemies":"3 Sentries","floor":6,"turns":2}],"seed_played":"6957187827137584906","potions_obtained":[{"floor":1,"key":"Dexterity Potion"},{"floor":5,"key":"LifebloodPotion"}],"is_trial":true,"path_per_floor":["M","M","?","?","M","E"],"character_chosen":"MIYU","items_purchased":[],"campfire_rested":0,"item_purchase_floors":[],"current_hp_per_floor":[70,70,70,70,69,63,63],"gold":237,"neow_bonus":"","is_daily":false,"chose_seed":false,"campfire_upgraded":0,"win_rate":0.0,"timestamp":1609159497,"path_taken":["M","M","?","?","?","E"],"items_purchased_type":[],"build_version":"2020-12-22","purchased_purges":0,"victory":false,"max_hp_per_floor":[77,77,77,77,77,77,77],"card_choices":[{"not_picked":["PrismaMod:MiyuCarnivalAttack","PrismaMod:MiyuDefenseExplosion"],"picked":"PrismaMod:MiyuMaid","floor":1},{"not_picked":["PrismaMod:MiyuAttackChannelAttack","PrismaMod:MiyuCheapStrBuff"],"picked":"PrismaMod:MiyuCheapChannelRandom","floor":2},{"not_picked":["PrismaMod:MiyuUncommonAttack","PrismaMod:MiyuCheapEvoke"],"picked":"PrismaMod:MiyuEvokeBuffDex","floor":5}],"player_experience":40058,"relics_obtained":[],"event_choices":[{"damage_healed":0,"gold_gain":0,"cards_transformed":["PrismaMod:MiyuCommonDefend"],"player_choice":"Change","damage_taken":0,"max_hp_gain":0,"max_hp_loss":0,"event_name":"Living Wall","floor":3,"gold_loss":0,"cards_obtained":["PrismaMod:MiyuCheapStrBuff"]},{"damage_healed":0,"gold_gain":0,"player_choice":"Trade","damage_taken":0,"relics_obtained":["CultistMask"],"max_hp_gain":0,"max_hp_loss":0,"event_name":"FaceTrader","floor":4,"gold_loss":0}],"is_beta":false,"boss_relics":[],"items_purged_floors":[],"is_endless":false,"potions_floor_spawned":[1,5],"killed_by":"3 Sentries","ascension_level":20}}