{"host":"Shugu","time":1609142994,"event":{"mods":["BaseMod","Colored Powertips","Minty Spire (QoL Compilation)","Waifu the Spire"],"gold_per_floor":[11,29,42,42,60,85,85,112,112,112,112,112,143,143,143,246,246,257,182,182,25,42,42,42,42,111,111,111,111],"floor_reached":28,"playtime":1514,"items_purged":["Strike_R"],"score":338,"play_id":"76203ab9-46b4-4569-a4e6-542cc5ddeb66","local_time":"20201228160954","is_ascension_mode":true,"campfire_choices":[{"floor":7.0,"key":"REST"},{"data":"Mayhem","floor":10.0,"key":"SMITH"},{"data":"Blood for Blood","floor":12.0,"key":"SMITH"},{"data":"Juggernaut","floor":15.0,"key":"SMITH"},{"data":"Defend_R","floor":23.0,"key":"PURGE"},{"data":"Strike_R","floor":25,"key":"PURGE"},{"data":"Defend_R","floor":27,"key":"PURGE"}],"circlet_count":0,"master_deck":["Strike_R","Strike_R","Defend_R","Defend_R","Bash","Mayhem+1","Warcry","Headbutt","Clash","Blood for Blood+1","Shrug It Off","Flame Barrier","Juggernaut+1","Fiend Fire","CurseOfTheBell","Dark Embrace+1","Metallicize","Rage+1"],"relics":["Burning Blood","Toy Ornithopter","WingedGreaves","Shuriken","Pear","Eternal Feather","Calling Bell","Omamori","Meat on the Bone","Peace Pipe","WarpedTongs","Molten Egg 2"],"acts_visited":["Exordium","TheCity"],"potions_floor_usage":[],"damage_taken":[{"damage":8.0,"enemies":"2 Louse","floor":1.0,"turns":4.0},{"damage":7.0,"enemies":"Small Slimes","floor":2.0,"turns":4.0},{"damage":12.0,"enemies":"Jaw Worm","floor":3.0,"turns":3.0},{"damage":23.0,"enemies":"Exordium Thugs","floor":5.0,"turns":4.0},{"damage":35.0,"enemies":"3 Sentries","floor":6.0,"turns":8.0},{"damage":22.0,"enemies":"Lagavulin","floor":8.0,"turns":7.0},{"damage":22.0,"enemies":"3 Sentries","floor":13.0,"turns":9.0},{"damage":15.0,"enemies":"The Guardian","floor":16.0,"turns":7.0},{"damage":27.0,"enemies":"2 Thieves","floor":18.0,"turns":4.0},{"damage":16.0,"enemies":"Chosen","floor":22.0,"turns":5.0},{"damage":79,"enemies":"Slavers","floor":28,"turns":4}],"seed_played":"1531997927851083792","potions_obtained":[{"floor":3.0,"key":"FearPotion"},{"floor":5.0,"key":"Fruit Juice"},{"floor":6.0,"key":"DistilledChaos"},{"floor":22.0,"key":"LiquidMemories"}],"is_trial":false,"path_per_floor":["M","M","M","?","M","E","R","E","T","R","?","R","E","?","R","B",null,"M","?","?","$","M","R","?","R","T","R","E"],"character_chosen":"IRONCLAD","items_purchased":["Metallicize"],"campfire_rested":1,"item_purchase_floors":[21],"current_hp_per_floor":[70,69,63,68,56,27,54,43,43,43,50,50,34,34,43,34,84,63,63,43,43,45,57,57,69,69,78,0,0],"gold":111,"neow_bonus":"RANDOM_COLORLESS_2","is_daily":false,"chose_seed":false,"campfire_upgraded":3,"win_rate":0.0,"timestamp":1609142994,"path_taken":["M","M","M","?","M","E","R","E","T","R","?","R","E","?","R","BOSS","M","?","?","$","M","R","?","R","T","R","E"],"items_purchased_type":["Card"],"build_version":"2020-12-18","purchased_purges":1,"victory":false,"max_hp_per_floor":[80,80,80,85,90,90,90,90,90,90,100,100,100,100,100,100,100,100,100,105,105,105,105,105,105,105,105,105,105],"card_choices":[{"not_picked":["Violence","Metamorphosis"],"picked":"Mayhem","floor":0.0},{"not_picked":["Fire Breathing","Dual Wield"],"picked":"Warcry","floor":1.0},{"not_picked":["Armaments","True Grit"],"picked":"Headbutt","floor":2.0},{"not_picked":["Sword Boomerang","Hemokinesis"],"picked":"Clash","floor":3.0},{"not_picked":["Iron Wave","Body Slam"],"picked":"Blood for Blood","floor":5.0},{"not_picked":["Disarm","Entrench"],"picked":"Shrug It Off","floor":6.0},{"not_picked":["Pommel Strike","Anger"],"picked":"Flame Barrier","floor":8.0},{"not_picked":["Hemokinesis","Body Slam"],"picked":"Juggernaut","floor":13.0},{"not_picked":["Exhume","Demon Form"],"picked":"Fiend Fire","floor":16.0},{"not_picked":["Battle Trance","Anger+1"],"picked":"Dark Embrace+1","floor":18.0},{"not_picked":["Searing Blow+1","Second Wind+1"],"picked":"Rage+1","floor":22.0}],"player_experience":353010,"relics_obtained":[{"floor":6.0,"key":"Toy Ornithopter"},{"floor":8.0,"key":"WingedGreaves"},{"floor":9.0,"key":"Shuriken"},{"floor":13.0,"key":"Eternal Feather"},{"floor":17.0,"key":"Omamori"},{"floor":17.0,"key":"Meat on the Bone"},{"floor":17.0,"key":"Peace Pipe"},{"floor":26,"key":"Molten Egg 2"}],"event_choices":[{"damage_healed":0.0,"max_hp_gain":5.0,"max_hp_loss":0.0,"gold_gain":0.0,"event_name":"Big Fish","player_choice":"Donut","floor":4.0,"gold_loss":0.0,"damage_taken":0.0},{"damage_healed":0.0,"max_hp_gain":0.0,"max_hp_loss":0.0,"gold_gain":0.0,"event_name":"Scrap Ooze","player_choice":"Success","floor":11.0,"gold_loss":0.0,"damage_taken":3.0,"relics_obtained":["Pear"]},{"damage_healed":0.0,"max_hp_gain":0.0,"max_hp_loss":0.0,"gold_gain":0.0,"event_name":"Liars Game","player_choice":"Ignored","floor":14.0,"gold_loss":0.0,"damage_taken":0.0},{"cards_removed":["Strike_R"],"damage_healed":0.0,"max_hp_gain":0.0,"max_hp_loss":0.0,"gold_gain":0.0,"event_name":"Beggar","player_choice":"Gave Gold","floor":19.0,"gold_loss":75.0,"damage_taken":0.0},{"damage_healed":0.0,"max_hp_gain":5.0,"max_hp_loss":0.0,"gold_gain":0.0,"event_name":"Forgotten Altar","player_choice":"Shed Blood","floor":20.0,"gold_loss":0.0,"damage_taken":25.0},{"damage_healed":0,"gold_gain":0,"player_choice":"Rummage","damage_taken":0,"relics_obtained":["WarpedTongs"],"max_hp_gain":0,"max_hp_loss":0,"event_name":"Accursed Blacksmith","floor":24,"gold_loss":0,"cards_obtained":["Pain"]}],"is_beta":true,"boss_relics":[{"not_picked":["Runic Cube","Cursed Key"],"picked":"Calling Bell"}],"items_purged_floors":[21],"is_endless":false,"potions_floor_spawned":[3,5,6,22],"killed_by":"Slavers","ascension_level":7}}