{"host":"dfw6edahkz448cbz","time":1609126095,"event":{"mods":["BaseMod","Better Silent Start","Block Reminder","Gold Saver","Minty Spire (QoL Compilation)","StSLib","everything is the same but u backflip on backflip"],"gold_per_floor":[399,399,418,418,433,463,463,10,10,10,37,54,87,100,100,203,203,214,224,238,258,277,277,345,96,144,69,69,69,101,101,101,201,201,215,215,229,279,279,279,289,319,319,344,368,381,381,381],"floor_reached":49,"playtime":3083,"items_purged":["Strike_R","Strike_R"],"score":853,"play_id":"33c85cc3-93cb-4a0a-a3ad-e174f12dada3","local_time":"20201227202815","is_ascension_mode":true,"campfire_choices":[{"data":"Sever Soul","floor":7.0,"key":"SMITH"},{"floor":15.0,"key":"REST"},{"data":"Demon Form","floor":23.0,"key":"SMITH"},{"data":"Limit Break","floor":32.0,"key":"SMITH"},{"data":"Flex","floor":40.0,"key":"SMITH"}],"circlet_count":0,"master_deck":["Strike_R+1","Defend_R","Defend_R","Defend_R","Defend_R+1","CurseOfTheBell","Sever Soul+1","Regret","Inflame","Flex+1","Limit Break+1","Demon Form+1","Flex","Reaper","Shrug It Off","Whirlwind+1","Limit Break","Flex"],"relics":["Calling Bell","Orichalcum","InkBottle","Incense Burner","StoneCalendar","Tiny Chest","Du-Vu Doll","White Beast Statue","Art of War","Boot","Empty Cage","Sling","Omamori","Nilry\u0027s Codex","Sundial","Runic Pyramid","Ornamental Fan","CaptainsWheel","Potion Belt","Eternal Feather","Ice Cream","Toy Ornithopter"],"acts_visited":["Exordium","TheCity","TheBeyond"],"potions_floor_usage":[44,44,44,48,48],"damage_taken":[{"damage":8.0,"enemies":"Small Slimes","floor":1.0,"turns":3.0},{"damage":2.0,"enemies":"2 Louse","floor":3.0,"turns":2.0},{"damage":2.0,"enemies":"Jaw Worm","floor":5.0,"turns":4.0},{"damage":3.0,"enemies":"Gremlin Nob","floor":6.0,"turns":4.0},{"damage":12.0,"enemies":"Blue Slaver","floor":12.0,"turns":3.0},{"damage":15.0,"enemies":"3 Sentries","floor":13.0,"turns":7.0},{"damage":9.0,"enemies":"Gremlin Gang","floor":14.0,"turns":5.0},{"damage":10.0,"enemies":"Slime Boss","floor":16.0,"turns":7.0},{"damage":24.0,"enemies":"Shell Parasite","floor":18.0,"turns":4.0},{"damage":30.0,"enemies":"Spheric Guardian","floor":19.0,"turns":7.0},{"damage":22.0,"enemies":"Cultist and Chosen","floor":20.0,"turns":7.0},{"damage":18.0,"enemies":"Shelled Parasite and Fungi","floor":21.0,"turns":4.0},{"damage":44.0,"enemies":"Centurion and Healer","floor":22.0,"turns":7.0},{"damage":20.0,"enemies":"Gremlin Leader","floor":30.0,"turns":5.0},{"damage":45.0,"enemies":"Champ","floor":33.0,"turns":7.0},{"damage":26.0,"enemies":"3 Darklings","floor":35.0,"turns":4.0},{"damage":25.0,"enemies":"Orb Walker","floor":37.0,"turns":5.0},{"damage":12.0,"enemies":"Mind Bloom Boss Battle","floor":38.0,"turns":4.0},{"damage":61.0,"enemies":"Spire Growth","floor":41.0,"turns":6.0},{"damage":45.0,"enemies":"Giant Head","floor":42.0,"turns":6.0},{"damage":32,"enemies":"Nemesis","floor":44,"turns":5},{"damage":9,"enemies":"Sphere and 2 Shapes","floor":46,"turns":3},{"damage":53,"enemies":"Donu and Deca","floor":48,"turns":5}],"seed_played":"3608915008930061914","potions_obtained":[{"floor":5.0,"key":"Block Potion"},{"floor":12.0,"key":"LiquidMemories"},{"floor":13.0,"key":"FearPotion"},{"floor":14.0,"key":"BloodPotion"},{"floor":16.0,"key":"SkillPotion"},{"floor":18.0,"key":"SkillPotion"},{"floor":19.0,"key":"LiquidMemories"},{"floor":20.0,"key":"DuplicationPotion"},{"floor":21.0,"key":"ColorlessPotion"},{"floor":22.0,"key":"Explosive Potion"},{"floor":30.0,"key":"Strength Potion"},{"floor":33.0,"key":"Explosive Potion"},{"floor":35.0,"key":"Regen Potion"},{"floor":37.0,"key":"EntropicBrew"},{"floor":42.0,"key":"SpeedPotion"},{"floor":44,"key":"PowerPotion"},{"floor":46,"key":"EssenceOfSteel"}],"is_trial":false,"path_per_floor":["M","?","M","?","M","E","R","$","T","$","T","M","E","M","R","B",null,"M","M","M","M","M","R","T","$","T","?","?","$","E","$","R","B",null,"M","T","M","?","?","R","M","E","T","E","T","M","?","B",null],"character_chosen":"IRONCLAD","items_purchased":["Du-Vu Doll","Limit Break","Sling"],"campfire_rested":1,"item_purchase_floors":[8,8,25],"current_hp_per_floor":[72,56,54,54,52,49,49,49,49,49,49,37,22,13,37,43,80,63,42,50,80,60,60,60,60,60,60,44,44,58,58,58,42,80,59,59,80,68,80,80,47,80,80,48,48,80,80,59],"gold":381,"neow_bonus":"BOSS_RELIC","is_daily":false,"chose_seed":false,"campfire_upgraded":4,"win_rate":0.0,"timestamp":1609126095,"path_taken":["M","?","M","?","M","E","R","$","T","?","?","M","E","M","R","BOSS","M","?","M","M","M","R","?","?","T","?","?","$","E","$","R","BOSS","M","?","?","?","?","R","M","E","T","E","?","M","?","BOSS"],"items_purchased_type":["Relic","Card","Relic"],"build_version":"2020-12-22","purchased_purges":2,"victory":true,"max_hp_per_floor":[80,80,80,80,80,80,80,80,80,80,80,80,80,80,80,80,80,80,80,80,80,80,80,80,80,80,80,80,80,80,80,80,80,80,80,80,80,80,80,80,80,80,80,80,80,80,80,80],"card_choices":[{"not_picked":["Perfected Strike","Havoc"],"picked":"Sever Soul","floor":1.0},{"not_picked":["Disarm","Warcry","Headbutt"],"picked":"SKIP","floor":3.0},{"not_picked":["Fire Breathing","Twin Strike"],"picked":"Inflame","floor":5.0},{"not_picked":["Infernal Blade","Twin Strike"],"picked":"Flex","floor":6.0},{"not_picked":["Clash","Dual Wield","Anger"],"picked":"SKIP","floor":12.0},{"not_picked":["Carnage","Thunderclap"],"picked":"Demon Form","floor":13.0},{"not_picked":["Havoc","Sentinel"],"picked":"Flex","floor":14.0},{"not_picked":["Berserk","Immolate"],"picked":"Reaper","floor":16.0},{"not_picked":["Feel No Pain","Bloodletting","Uppercut"],"picked":"SKIP","floor":18.0},{"not_picked":["Body Slam","Perfected Strike+1"],"picked":"Shrug It Off","floor":19.0},{"not_picked":["Armaments","Burning Pact","Evolve+1"],"picked":"SKIP","floor":20.0},{"not_picked":["Iron Wave","Wild Strike","Havoc"],"picked":"SKIP","floor":21.0},{"not_picked":["Inflame","Reckless Charge+1","Flex"],"picked":"SKIP","floor":22.0},{"not_picked":["Sword Boomerang","Clothesline","Metallicize"],"picked":"SKIP","floor":30.0},{"not_picked":["Anger","Twin Strike"],"picked":"Whirlwind+1","floor":35.0},{"not_picked":["Searing Blow","Pummel","Twin Strike+1"],"picked":"SKIP","floor":37.0},{"not_picked":["Hemokinesis+1","Bloodletting","Perfected Strike"],"picked":"SKIP","floor":41.0},{"not_picked":["Disarm+1","Rupture","Feel No Pain+1"],"picked":"SKIP","floor":42.0},{"not_picked":["Warcry+1","Shrug It Off+1"],"picked":"Limit Break","floor":44},{"not_picked":["Wild Strike+1","Anger"],"picked":"Flex","floor":46}],"player_experience":137366,"relics_obtained":[{"floor":0.0,"key":"Orichalcum"},{"floor":0.0,"key":"InkBottle"},{"floor":0.0,"key":"Incense Burner"},{"floor":6.0,"key":"Tiny Chest"},{"floor":9.0,"key":"White Beast Statue"},{"floor":11.0,"key":"Art of War"},{"floor":13.0,"key":"Boot"},{"floor":26.0,"key":"Omamori"},{"floor":28.0,"key":"Nilry\u0027s Codex"},{"floor":30.0,"key":"Sundial"},{"floor":36.0,"key":"Ornamental Fan"},{"floor":38.0,"key":"CaptainsWheel"},{"floor":42.0,"key":"Potion Belt"},{"floor":43.0,"key":"Eternal Feather"},{"floor":44,"key":"Ice Cream"},{"floor":45,"key":"Toy Ornithopter"}],"event_choices":[{"damage_healed":0.0,"max_hp_gain":0.0,"max_hp_loss":0.0,"gold_gain":0.0,"event_name":"Shining Light","player_choice":"Entered Light","floor":2.0,"gold_loss":0.0,"damage_taken":16.0,"cards_upgraded":["Strike_R","Defend_R"]},{"damage_healed":0.0,"max_hp_gain":0.0,"max_hp_loss":0.0,"gold_gain":0.0,"event_name":"Big Fish","player_choice":"Box","floor":4.0,"gold_loss":0.0,"damage_taken":0.0,"relics_obtained":["StoneCalendar"],"cards_obtained":["Regret"]},{"cards_removed":["Bash"],"damage_healed":0.0,"max_hp_gain":0.0,"max_hp_loss":0.0,"gold_gain":0.0,"event_name":"Beggar","player_choice":"Gave Gold","floor":27.0,"gold_loss":75.0,"damage_taken":0.0},{"damage_healed":0.0,"max_hp_gain":0.0,"max_hp_loss":0.0,"gold_gain":0.0,"event_name":"Cursed Tome","player_choice":"Obtained Book","floor":28.0,"gold_loss":0.0,"damage_taken":16.0},{"damage_healed":0.0,"max_hp_gain":0.0,"max_hp_loss":0.0,"gold_gain":0.0,"event_name":"MindBloom","player_choice":"Fight","floor":38.0,"gold_loss":0.0,"damage_taken":0.0},{"damage_healed":20.0,"max_hp_gain":0.0,"max_hp_loss":0.0,"gold_gain":0.0,"event_name":"Winding Halls","player_choice":"Writhe","floor":39.0,"gold_loss":0.0,"damage_taken":0.0,"cards_obtained":["Writhe"]},{"damage_healed":0,"gold_gain":0,"player_choice":"Took Portal","damage_taken":0,"max_hp_gain":0,"max_hp_loss":0,"event_name":"SecretPortal","floor":47,"gold_loss":0}],"is_beta":false,"boss_relics":[{"not_picked":["Runic Cube","Coffee Dripper"],"picked":"Empty Cage"},{"not_picked":["Runic Dome","Mark of Pain"],"picked":"Runic Pyramid"}],"items_purged_floors":[8,25],"is_endless":false,"potions_floor_spawned":[5,12,13,14,16,18,19,20,21,22,30,33,35,37,38,41,42,44,46],"ascension_level":3}}