{"host":"sum4dy402bbv9y4o","time":1609195402,"event":{"mods":["Aspiration","BaseMod","Conspire","Highlight Path","Minty Spire (QoL Compilation)","StSLib"],"gold_per_floor":[18,31,31,31,45,71,71,97,97,108,120,137,147,175,175,253,253,273,285,300,300,26,26,26,41,41,53,53,65,84,84,84,157,157,172,187,187,6,25,25,56,56,79,26,61,77,93,93,93,93,93,93],"floor_reached":51,"playtime":2716,"items_purged":["Strike_R+1","Strike_R+1"],"score":1481,"play_id":"3d80ddd9-77be-45f0-a652-1ed3186f5e3a","local_time":"20201229014322","is_ascension_mode":true,"campfire_choices":[{"data":"Disarm","floor":15,"key":"SMITH"},{"floor":23,"key":"REST"},{"floor":32,"key":"REST"},{"floor":40,"key":"REST"},{"floor":49,"key":"REST"}],"circlet_count":0,"master_deck":["AscendersBane","Defend_R+1","Bash+1","Feed+1","Evolve","Battle Trance+1","Anger+1","Ghostly Armor","Headbutt+1","Disarm","Cleave","Disarm+1","Demon Form","Sword Boomerang","Heavy Blade+1","Whirlwind","Twin Strike","Disarm","Shrug It Off+1","Cloak And Dagger","Defend_G","Endless Agony","Berserk","Deflect+1","Combust","Flying Knee+1","Rage"],"relics":["Burning Blood","Sundial","War Paint","conspire:DeflatedDodgeball","conspire:Dentures","conspire:SpecialSausage","Sling","conspire:Flyswatter","aspiration:SilentSkillbook","aspiration:FetidBarrel","Toy Ornithopter","aspiration:ChemicalBlood","conspire:DecoderRing"],"acts_visited":["Exordium","TheCity","TheBeyond"],"potions_floor_usage":[6,8,13,14,18,19,20,24,30,39,39,45,45,45,46,47,50,50,50,50,50,50,50,51,51,51],"damage_taken":[{"damage":4,"enemies":"Small Slimes","floor":1,"turns":4},{"damage":6,"enemies":"2 Louse","floor":2,"turns":3},{"damage":7,"enemies":"Jaw Worm","floor":5,"turns":3},{"damage":32,"enemies":"Gremlin Nob","floor":6,"turns":4},{"damage":30,"enemies":"Lagavulin","floor":8,"turns":4},{"damage":0,"enemies":"Large Slime","floor":10,"turns":5},{"damage":3,"enemies":"Blue Slaver","floor":11,"turns":2},{"damage":0,"enemies":"Red Slaver","floor":12,"turns":5},{"damage":0,"enemies":"Exordium Thugs","floor":13,"turns":3},{"damage":8,"enemies":"Gremlin Nob","floor":14,"turns":3},{"damage":8,"enemies":"Hexaghost","floor":16,"turns":7},{"damage":20,"enemies":"3 Byrds","floor":18,"turns":7},{"damage":12,"enemies":"2 Thieves","floor":19,"turns":4},{"damage":46,"enemies":"3 Cultists","floor":20,"turns":7},{"damage":0,"enemies":"Book of Stabbing","floor":24,"turns":1},{"damage":24,"enemies":"Centurion and Healer","floor":25,"turns":6},{"damage":15,"enemies":"Snake Plant","floor":27,"turns":6},{"damage":10,"enemies":"Snecko","floor":29,"turns":5},{"damage":53,"enemies":"Shelled Parasite and Fungi","floor":30,"turns":7},{"damage":25,"enemies":"Champ","floor":33,"turns":9},{"damage":11,"enemies":"Orb Walker","floor":35,"turns":5},{"damage":96,"enemies":"3 Darklings","floor":36,"turns":7},{"damage":59,"enemies":"Spire Growth","floor":39,"turns":7},{"damage":26,"enemies":"Nemesis","floor":41,"turns":5},{"damage":55,"enemies":"Reptomancer","floor":45,"turns":7},{"damage":23,"enemies":"Writhing Mass","floor":46,"turns":9},{"damage":6,"enemies":"Maw","floor":47,"turns":7},{"damage":97,"enemies":"Donu and Deca","floor":50,"turns":10},{"damage":76,"enemies":"Time Eater","floor":51,"turns":8}],"seed_played":"4072720983733352155","potions_obtained":[{"floor":2,"key":"Explosive Potion"},{"floor":6,"key":"Regen Potion"},{"floor":8,"key":"SpeedPotion"},{"floor":12,"key":"Strength Potion"},{"floor":14,"key":"AttackPotion"},{"floor":16,"key":"SteroidPotion"},{"floor":19,"key":"BloodPotion"},{"floor":20,"key":"SmokeBomb"},{"floor":25,"key":"Explosive Potion"},{"floor":36,"key":"ColorlessPotion"},{"floor":41,"key":"EssenceOfSteel"},{"floor":45,"key":"BloodPotion"},{"floor":46,"key":"BloodPotion"}],"is_trial":false,"path_per_floor":["M","M","$","?","M","E","?","E","T","M","M","M","M","E","R","B",null,"M","M","M","?","$","R","E","M","T","M","$","M","M","?","R","B",null,"M","M","?","$","M","R","E","?","T","$","E","M","M","T","R","B","B"],"character_chosen":"IRONCLAD","items_purchased":["Sling","Whirlwind","Regen Potion","ColorlessPotion"],"campfire_rested":4,"item_purchase_floors":[22,22,38,44],"current_hp_per_floor":[73,76,76,65,67,41,41,29,29,39,46,52,62,60,60,58,87,77,75,59,59,59,91,97,83,83,74,74,70,27,27,61,46,102,101,11,102,102,61,91,71,71,71,71,57,65,70,70,100,60,0,0],"gold":93,"neow_bonus":"TRANSFORM_TWO_CARDS","is_daily":false,"chose_seed":false,"campfire_upgraded":1,"win_rate":0.0,"timestamp":1609195402,"path_taken":["M","M","$","?","M","E","?","E","T","M","M","M","M","E","R","BOSS","M","M","M","?","$","R","E","M","T","M","$","M","M","?","R","BOSS","M","M","?","$","M","R","E","?","T","$","E","?","M","?","R","BOSS","BOSS"],"items_purchased_type":["Relic","Card","Potion","Potion"],"build_version":"2020-12-22","purchased_purges":2,"victory":false,"max_hp_per_floor":[78,81,81,81,84,84,84,84,84,88,92,92,96,96,96,96,96,100,104,108,108,108,108,108,112,112,112,112,112,116,116,116,120,120,124,124,102,102,102,102,102,102,102,102,102,102,102,102,102,106,106,106],"card_choices":[{"not_picked":["Havoc","Second Wind"],"picked":"Battle Trance","floor":1},{"not_picked":["Fire Breathing","Sword Boomerang"],"picked":"Anger","floor":2},{"not_picked":["Iron Wave","Dual Wield"],"picked":"Ghostly Armor","floor":5},{"not_picked":["Barricade","True Grit"],"picked":"Headbutt","floor":6},{"not_picked":["Carnage","Rupture","Warcry"],"picked":"SKIP","floor":8},{"not_picked":["Clothesline","Havoc","Battle Trance"],"picked":"SKIP","floor":10},{"not_picked":["Shrug It Off","Heavy Blade"],"picked":"Disarm","floor":11},{"not_picked":["Havoc","Combust","Perfected Strike"],"picked":"SKIP","floor":12},{"not_picked":["Perfected Strike","Fiend Fire"],"picked":"Cleave","floor":13},{"not_picked":["Dark Embrace","Anger"],"picked":"Disarm","floor":14},{"not_picked":["conspire:HitWhereItHurts","Impervious"],"picked":"Demon Form","floor":16},{"not_picked":["Thunderclap","Anger","Fire Breathing"],"picked":"SKIP","floor":18},{"not_picked":["Intimidate","Power Through+1"],"picked":"Sword Boomerang","floor":19},{"not_picked":["Entrench","Dropkick+1"],"picked":"Heavy Blade+1","floor":20},{"not_picked":["Flex","Havoc"],"picked":"Twin Strike","floor":25},{"not_picked":["Searing Blow","Armaments"],"picked":"Disarm","floor":27},{"not_picked":["Anger+1","conspire:Charge"],"picked":"Shrug It Off+1","floor":29},{"not_picked":["Warcry","Wild Strike","Clash"],"picked":"SKIP","floor":30},{"not_picked":["Impervious","Offering"],"picked":"Berserk","floor":33},{"not_picked":["Armaments+1","Poisoned Stab","Blade Dance","Predator"],"picked":"SKIP","floor":35},{"not_picked":["Flying Knee","Body Slam","Headbutt+1"],"picked":"Deflect+1","floor":36},{"not_picked":["Evolve","Armaments+1","Clothesline","Burning Pact"],"picked":"SKIP","floor":39},{"not_picked":["Dagger Spray","Spot Weakness","Clothesline","Backflip"],"picked":"SKIP","floor":41},{"not_picked":["Cleave+1","Iron Wave+1","Thunderclap"],"picked":"Flying Knee+1","floor":45},{"not_picked":["Flame Barrier+1","Calculated Gamble","Deflect"],"picked":"Rage","floor":46},{"not_picked":["Flame Barrier","Corruption","Quick Slash+1","Cleave+1"],"picked":"SKIP","floor":47}],"player_experience":2864262,"relics_obtained":[{"floor":6,"key":"Juzu Bracelet"},{"floor":8,"key":"War Paint"},{"floor":9,"key":"conspire:DeflatedDodgeball"},{"floor":14,"key":"conspire:Dentures"},{"floor":26,"key":"conspire:Flyswatter"},{"floor":41,"key":"aspiration:FetidBarrel"},{"floor":43,"key":"Toy Ornithopter"},{"floor":45,"key":"aspiration:ChemicalBlood"},{"floor":48,"key":"conspire:DecoderRing"}],"event_choices":[{"damage_healed":0,"gold_gain":0,"player_choice":"Success","damage_taken":11,"relics_obtained":["Sundial"],"max_hp_gain":0,"max_hp_loss":0,"event_name":"Scrap Ooze","floor":4,"gold_loss":0},{"damage_healed":0,"gold_gain":0,"player_choice":"Ignored","damage_taken":0,"max_hp_gain":0,"max_hp_loss":0,"event_name":"Ghosts","floor":21,"gold_loss":0},{"damage_healed":102,"gold_gain":0,"player_choice":"Heal","damage_taken":0,"max_hp_gain":0,"max_hp_loss":22,"event_name":"The Moai Head","floor":37,"gold_loss":0},{"damage_healed":0,"gold_gain":0,"cards_transformed":["Strike_R"],"player_choice":"Transformed","damage_taken":0,"max_hp_gain":0,"max_hp_loss":0,"event_name":"Transmorgrifier","floor":42,"gold_loss":0,"cards_obtained":["Combust"]}],"is_beta":false,"boss_relics":[{"not_picked":["Runic Cube","Calling Bell"],"picked":"conspire:SpecialSausage"},{"not_picked":["Pandora\u0027s Box","conspire:SlowCooker"],"picked":"aspiration:SilentSkillbook"}],"items_purged_floors":[22,38],"is_endless":false,"potions_floor_spawned":[2,6,8,12,14,16,19,20,25,36,41,45,46],"killed_by":"Time Eater","ascension_level":20}}