{"host":"zig6x0mxqzam82fb","time":1609128539,"event":{"mods":["BaseMod","Block Reminder","Colored Map","Colored Powertips","Minty Spire (QoL Compilation)","Relic Stats","StSLib","The Marked"],"gold_per_floor":[110,127,25,42,55,90,90,90,90,90,90,110,125,154,154,258,258,271,13,26,36,46,46,46,65,65,65,65,65,39,58,58,163,163,177,195,20,40,58,58,58,58],"floor_reached":41,"playtime":2529,"items_purged":[],"score":518,"play_id":"6b4a68fb-5597-4242-87c7-f71ed548a8a6","local_time":"20201227230859","is_ascension_mode":true,"campfire_choices":[{"floor":7,"key":"REST"},{"data":"theMarked:Electrocute","floor":11,"key":"SMITH"},{"floor":15,"key":"REST"},{"floor":27,"key":"REST"},{"floor":29,"key":"REST"},{"floor":32,"key":"REST"},{"floor":40,"key":"REST"}],"circlet_count":0,"master_deck":["theMarked:Defend","theMarked:Defend","theMarked:Defend","theMarked:SoldierOfQuellstein","theMarked:WastefulAttack","theMarked:Overthink","theMarked:GodGivenPower+1","theMarked:Electrocute+1","theMarked:EmpowerWeapon","theMarked:Electrocute","theMarked:Improvise+1","theMarked:WastefulDefense+1","theMarked:Overcharge+1","theMarked:WastefulDefense+1","theMarked:SummonStrength","theMarked:Indomitable+1","theMarked:ShockingTouch","theMarked:ChainLightning","theMarked:Indomitable+1","Bite","Bite","Bite","Bite","Bite","theMarked:Indomitable+1","theMarked:Improvise+1","theMarked:Indomitable+1","theMarked:UnarmedFury","theMarked:ChainLightning+1","theMarked:RepellingDischarge+1","theMarked:Static+1","theMarked:Indomitable+1"],"relics":["theMarked:ArtifactOfAir","Toxic Egg 2","Ornamental Fan","Pantograph","Akabeko","Busted Crown","Question Card","MutagenicStrength","theMarked:Gun","Black Star","Pen Nib"],"acts_visited":["Exordium","TheCity","TheBeyond"],"potions_floor_usage":[6,14,16,25,33,35,39,39],"damage_taken":[{"damage":6,"enemies":"Cultist","floor":1,"turns":4},{"damage":2,"enemies":"Jaw Worm","floor":2,"turns":3},{"damage":7,"enemies":"Small Slimes","floor":4,"turns":3},{"damage":1,"enemies":"2 Fungi Beasts","floor":5,"turns":3},{"damage":40,"enemies":"Lagavulin","floor":6,"turns":5},{"damage":12,"enemies":"3 Louse","floor":12,"turns":4},{"damage":13,"enemies":"Blue Slaver","floor":13,"turns":2},{"damage":11,"enemies":"3 Sentries","floor":14,"turns":4},{"damage":47,"enemies":"The Guardian","floor":16,"turns":11},{"damage":7,"enemies":"Spheric Guardian","floor":18,"turns":4},{"damage":0,"enemies":"Chosen","floor":20,"turns":5},{"damage":52,"enemies":"Snake Plant","floor":21,"turns":5},{"damage":7,"enemies":"Centurion and Healer","floor":22,"turns":4},{"damage":0,"enemies":"Cultist and Chosen","floor":25,"turns":4},{"damage":44,"enemies":"Snake Plant","floor":31,"turns":3},{"damage":56,"enemies":"Automaton","floor":33,"turns":8},{"damage":11,"enemies":"Orb Walker","floor":35,"turns":2},{"damage":33,"enemies":"3 Darklings","floor":36,"turns":6},{"damage":24,"enemies":"Sphere and 2 Shapes","floor":38,"turns":4},{"damage":14,"enemies":"4 Shapes","floor":39,"turns":9},{"damage":51,"enemies":"Giant Head","floor":41,"turns":6}],"seed_played":"1714820131089671010","potions_obtained":[{"floor":2,"key":"FearPotion"},{"floor":6,"key":"SteroidPotion"},{"floor":13,"key":"Strength Potion"},{"floor":18,"key":"Strength Potion"},{"floor":22,"key":"DistilledChaos"},{"floor":31,"key":"DuplicationPotion"},{"floor":33,"key":"AttackPotion"},{"floor":35,"key":"Weak Potion"}],"is_trial":false,"path_per_floor":["M","M","$","M","M","E","R","?","T","?","R","M","M","E","R","B",null,"M","$","M","M","M","?","?","M","T","R","?","R","$","M","R","B",null,"M","M","$","M","M","R","E"],"character_chosen":"THE_DEFAULT","items_purchased":["theMarked:GodGivenPower","theMarked:Electrocute","Question Card","theMarked:Improvise+1","theMarked:RepellingDischarge+1","Pen Nib"],"campfire_rested":6,"item_purchase_floors":[3,3,19,30,37,37],"current_hp_per_floor":[71,69,69,62,61,21,44,44,44,44,44,32,19,8,31,9,77,70,70,70,18,11,11,11,21,21,36,36,51,51,11,26,5,53,46,25,25,9,3,18,0,0],"gold":58,"neow_bonus":"TEN_PERCENT_HP_BONUS","is_daily":false,"chose_seed":false,"campfire_upgraded":1,"win_rate":0.0,"timestamp":1609128539,"path_taken":["M","M","$","M","M","E","R","?","T","?","R","M","M","E","R","BOSS","M","$","M","M","M","?","?","M","T","R","?","R","?","M","R","BOSS","M","M","$","M","M","R","E"],"items_purchased_type":["Card","Card","Relic","Card","Card","Relic"],"build_version":"2020-12-22","purchased_purges":0,"victory":false,"max_hp_per_floor":[77,77,77,77,77,77,77,77,77,77,77,77,77,77,77,77,77,77,77,77,77,77,53,53,53,53,53,53,53,53,53,53,53,53,53,53,53,53,53,53,53,53],"relic_stats":{"Busted Crown":22,"counters":[21,99],"Ornamental Fan":[148],"Pantograph":50,"Pen Nib":[4],"Black Star":0,"Question Card":10,"obtain_stats":[{"theMarked:ArtifactOfAir":0,"Busted Crown":17,"theMarked:Gun":26,"Ornamental Fan":9,"Pantograph":10,"MutagenicStrength":24,"Pen Nib":37,"Black Star":34,"Toxic Egg 2":6,"Question Card":19,"Akabeko":14},{"theMarked:ArtifactOfAir":0,"Busted Crown":9,"theMarked:Gun":14,"Ornamental Fan":5,"Pantograph":5,"MutagenicStrength":13,"Pen Nib":18,"Black Star":16,"Toxic Egg 2":5,"Question Card":10,"Akabeko":8},{"theMarked:ArtifactOfAir":0,"Busted Crown":39,"theMarked:Gun":61,"Ornamental Fan":18,"Pantograph":18,"MutagenicStrength":57,"Pen Nib":80,"Black Star":72,"Toxic Egg 2":18,"Question Card":43,"Akabeko":28}]},"card_choices":[{"not_picked":["theMarked:Parkour","theMarked:Frustration"],"picked":"theMarked:WastefulAttack","floor":1},{"not_picked":["theMarked:Aftermath","theMarked:Opportunist"],"picked":"theMarked:Overthink","floor":2},{"not_picked":["theMarked:Seal","theMarked:ElectricStrings"],"picked":"theMarked:EmpowerWeapon","floor":4},{"not_picked":["theMarked:RepellingDischarge","theMarked:ContemptForTheProud"],"picked":"theMarked:Electrocute","floor":5},{"not_picked":["theMarked:Aftermath+1","theMarked:MaelstromOfLightning+1"],"picked":"theMarked:Improvise+1","floor":6},{"not_picked":["theMarked:ThrowWeapon","theMarked:BanishingWave"],"picked":"theMarked:WastefulDefense+1","floor":12},{"not_picked":["theMarked:Improvise+1","theMarked:BanishingWave"],"picked":"theMarked:Overcharge+1","floor":13},{"not_picked":["theMarked:Electrify+1","theMarked:Seal+1"],"picked":"theMarked:WastefulDefense+1","floor":14},{"not_picked":["theMarked:Challenge+1","theMarked:FavorableWinds+1"],"picked":"theMarked:SummonStrength","floor":16},{"not_picked":[],"picked":"theMarked:Indomitable+1","floor":18},{"not_picked":["theMarked:Aftermath+1"],"picked":"theMarked:ShockingTouch","floor":20},{"not_picked":["theMarked:BanishingStrike"],"picked":"theMarked:ChainLightning","floor":21},{"not_picked":["theMarked:Aftermath+1"],"picked":"theMarked:Indomitable+1","floor":22},{"not_picked":["theMarked:EmpowerWeapon+1"],"picked":"theMarked:Indomitable+1","floor":25},{"not_picked":["theMarked:HeritageOfTheMarked"],"picked":"theMarked:Indomitable+1","floor":31},{"not_picked":["theMarked:SoldierForm"],"picked":"theMarked:UnarmedFury","floor":33},{"not_picked":["theMarked:ElectricStrings","theMarked:EmpowerWeapon+1"],"picked":"SKIP","floor":35},{"not_picked":["theMarked:MagicAdept"],"picked":"theMarked:ChainLightning+1","floor":36},{"not_picked":["theMarked:BanishingStrike+1"],"picked":"theMarked:Static+1","floor":38},{"not_picked":["theMarked:Electrify+1"],"picked":"theMarked:Indomitable+1","floor":39}],"player_experience":373812,"relics_obtained":[{"floor":6,"key":"Toxic Egg 2"},{"floor":9,"key":"Ornamental Fan"},{"floor":14,"key":"Akabeko"},{"floor":26,"key":"theMarked:Gun"}],"event_choices":[{"damage_healed":0,"gold_gain":0,"player_choice":"Grow","damage_taken":0,"max_hp_gain":0,"max_hp_loss":0,"event_name":"Living Wall","floor":8,"gold_loss":0,"cards_upgraded":["theMarked:GodGivenPower"]},{"damage_healed":0,"gold_gain":0,"player_choice":"Searched \u00271\u0027 times","damage_taken":0,"relics_obtained":["Pantograph"],"max_hp_gain":0,"max_hp_loss":0,"event_name":"Dead Adventurer","floor":10,"gold_loss":0},{"damage_healed":0,"gold_gain":0,"player_choice":"Became a vampire","damage_taken":0,"max_hp_gain":0,"max_hp_loss":24,"event_name":"Vampires","floor":23,"gold_loss":0,"cards_obtained":["Bite","Bite","Bite","Bite","Bite"]},{"damage_healed":0,"gold_gain":0,"player_choice":"Inject Mutagens","damage_taken":0,"relics_obtained":["MutagenicStrength"],"max_hp_gain":0,"max_hp_loss":0,"event_name":"Drug Dealer","floor":24,"gold_loss":0},{"cards_removed":["theMarked:Defend"],"damage_healed":0,"gold_gain":0,"player_choice":"Elegance","damage_taken":0,"max_hp_gain":0,"max_hp_loss":0,"event_name":"Back to Basics","floor":28,"gold_loss":0}],"is_beta":false,"boss_relics":[{"not_picked":["Calling Bell","Runic Pyramid"],"picked":"Busted Crown"},{"not_picked":["Coffee Dripper","Empty Cage"],"picked":"Black Star"}],"items_purged_floors":[],"is_endless":false,"potions_floor_spawned":[2,6,13,18,22,31,33,35],"killed_by":"Giant Head","ascension_level":3}}