{"host":"m6aaltr68g9tvoay","time":1609139026,"event":{"mods":["AchievementEnabler","BaseMod","Colored Map","Minty Spire (QoL Compilation)","StSLib"],"gold_per_floor":[116,135,147,147,166,192,65,82,153,153,153,153,170,189,189,263,263,276,276,74,86,136,136,136,136,136,136,35,35,51,69,69,69,69],"floor_reached":33,"playtime":1025,"items_purged":[],"score":469,"play_id":"c3605e6e-5a44-4e4e-9bfe-c9be796bff40","local_time":"20201227230346","is_ascension_mode":true,"campfire_choices":[{"floor":12,"key":"REST"},{"floor":15,"key":"REST"},{"floor":23,"key":"REST"},{"floor":27,"key":"REST"},{"floor":32,"key":"REST"}],"circlet_count":0,"master_deck":["AscendersBane","Defend_R","Defend_R","Defend_R","Defend_R","Bash","Intimidate","Heavy Blade","Twin Strike","Flex","Metallicize","Whirlwind","Fire Breathing","Searing Blow","Parasite","Ghostly Armor","Shrug It Off","Feed","Iron Wave+1","Headbutt+1","Offering+1","Ghostly Armor+1","Inflame","Seeing Red","Evolve","Good Instincts","Infernal Blade"],"relics":["Burning Blood","NeowsBlessing","Nunchaku","White Beast Statue","Astrolabe","Nilry\u0027s Codex","Juzu Bracelet","TungstenRod"],"acts_visited":["Exordium","TheCity"],"potions_floor_usage":[5,6,14,16],"damage_taken":[{"damage":0,"enemies":"Cultist","floor":1,"turns":1},{"damage":0,"enemies":"Jaw Worm","floor":2,"turns":1},{"damage":0,"enemies":"2 Louse","floor":3,"turns":1},{"damage":15,"enemies":"Exordium Thugs","floor":5,"turns":3},{"damage":45,"enemies":"3 Sentries","floor":6,"turns":9},{"damage":15,"enemies":"Large Slime","floor":8,"turns":4},{"damage":4,"enemies":"Exordium Wildlife","floor":13,"turns":3},{"damage":10,"enemies":"Exordium Thugs","floor":14,"turns":5},{"damage":30,"enemies":"Slime Boss","floor":16,"turns":8},{"damage":16,"enemies":"Chosen","floor":18,"turns":6},{"damage":12,"enemies":"2 Thieves","floor":21,"turns":4},{"damage":21,"enemies":"Cultist and Chosen","floor":30,"turns":6},{"damage":41,"enemies":"Sentry and Sphere","floor":31,"turns":7},{"damage":69,"enemies":"Champ","floor":33,"turns":11}],"seed_played":"3445030701138332272","potions_obtained":[{"floor":1,"key":"DuplicationPotion"},{"floor":2,"key":"LiquidBronze"},{"floor":8,"key":"PowerPotion"},{"floor":14,"key":"Energy Potion"},{"floor":16,"key":"Explosive Potion"},{"floor":31,"key":"LiquidMemories"}],"is_trial":false,"path_per_floor":["M","M","M","?","M","E","$","M","T","?","?","R","M","M","R","B",null,"M","?","$","M","?","R","?","$","T","R","$","?","M","M","R","B"],"character_chosen":"IRONCLAD","items_purchased":["Whirlwind","Explosive Potion","Juzu Bracelet","Inflame","Good Instincts"],"campfire_rested":5,"item_purchase_floors":[7,7,20,20,28],"current_hp_per_floor":[74,75,75,75,66,27,27,18,18,18,36,58,60,56,75,51,69,59,38,38,32,32,54,54,54,54,75,75,75,60,28,51,0,0],"gold":69,"neow_bonus":"THREE_ENEMY_KILL","is_daily":false,"chose_seed":false,"campfire_upgraded":0,"win_rate":0.0,"timestamp":1609139026,"path_taken":["M","?","M","?","?","E","$","M","T","?","?","R","M","?","R","BOSS","M","?","$","M","?","R","?","$","T","R","?","?","M","M","R","BOSS"],"items_purchased_type":["Card","Potion","Relic","Card","Card"],"build_version":"2020-12-22","purchased_purges":0,"victory":false,"max_hp_per_floor":[75,75,75,75,75,75,75,75,75,75,75,75,75,75,75,75,75,75,75,75,75,75,75,75,75,75,75,75,75,75,78,78,78,78],"card_choices":[{"not_picked":["Havoc","Thunderclap"],"picked":"Intimidate","floor":1},{"not_picked":["Dark Embrace","Wild Strike"],"picked":"Heavy Blade","floor":2},{"not_picked":["Sentinel","Iron Wave"],"picked":"Twin Strike","floor":3},{"not_picked":["Iron Wave","Headbutt","Sentinel"],"picked":"SKIP","floor":5},{"not_picked":["Burning Pact","Reckless Charge"],"picked":"Metallicize","floor":6},{"not_picked":["Wild Strike","True Grit"],"picked":"Fire Breathing","floor":8},{"not_picked":["Wild Strike","Havoc"],"picked":"Ghostly Armor","floor":13},{"not_picked":["Dropkick","Barricade"],"picked":"Shrug It Off","floor":14},{"not_picked":["Corruption","Exhume"],"picked":"Feed","floor":16},{"not_picked":["Armaments","Shrug It Off"],"picked":"Ghostly Armor+1","floor":18},{"not_picked":["Bloodletting","Hemokinesis"],"picked":"Seeing Red","floor":21},{"not_picked":["Infernal Blade","Metallicize","Intimidate"],"picked":"SKIP","floor":30},{"not_picked":["Bloodletting","Armaments","Iron Wave"],"picked":"SKIP","floor":31}],"player_experience":1313599,"relics_obtained":[{"floor":6,"key":"Nunchaku"},{"floor":9,"key":"White Beast Statue"},{"floor":19,"key":"Nilry\u0027s Codex"},{"floor":26,"key":"TungstenRod"}],"event_choices":[{"damage_healed":0,"gold_gain":0,"cards_transformed":["Strike_R"],"player_choice":"Transformed","damage_taken":0,"max_hp_gain":0,"max_hp_loss":0,"event_name":"Transmorgrifier","floor":4,"gold_loss":0,"cards_obtained":["Flex"]},{"damage_healed":0,"gold_gain":0,"cards_transformed":["Strike_R"],"player_choice":"Change","damage_taken":0,"max_hp_gain":0,"max_hp_loss":0,"event_name":"Living Wall","floor":10,"gold_loss":0,"cards_obtained":["Searing Blow"]},{"damage_healed":18,"gold_gain":0,"player_choice":"Healed and dodged fight","damage_taken":0,"max_hp_gain":0,"max_hp_loss":0,"event_name":"Mushrooms","floor":11,"gold_loss":0,"cards_obtained":["Parasite"]},{"damage_healed":0,"gold_gain":0,"player_choice":"Obtained Book","damage_taken":21,"max_hp_gain":0,"max_hp_loss":0,"event_name":"Cursed Tome","floor":19,"gold_loss":0},{"damage_healed":0,"gold_gain":50,"player_choice":"Stole From Cult","damage_taken":0,"max_hp_gain":0,"max_hp_loss":0,"event_name":"Nest","floor":22,"gold_loss":0},{"damage_healed":0,"gold_gain":0,"player_choice":"1 cards matched","damage_taken":0,"max_hp_gain":0,"max_hp_loss":0,"event_name":"Match and Keep!","floor":24,"gold_loss":0,"cards_obtained":["Evolve"]},{"damage_healed":0,"gold_gain":0,"player_choice":"Read","damage_taken":0,"max_hp_gain":0,"max_hp_loss":0,"event_name":"The Library","floor":29,"gold_loss":0,"cards_obtained":["Infernal Blade"]}],"is_beta":false,"boss_relics":[{"not_picked":["Empty Cage","Cursed Key"],"picked":"Astrolabe"}],"items_purged_floors":[],"is_endless":false,"potions_floor_spawned":[1,2,8,13,14,16,18,21,30,31],"killed_by":"Champ","ascension_level":18}}