{"host":"naykp6d9ulahlwib","time":1609137494,"event":{"mods":["BaseMod","Hermit","Highlight Path","Minty Spire (QoL Compilation)","Shop Mod","StSLib"],"gold_per_floor":[130,230,258,287,348,348,387,387,387,418,593,618,618,99,99,205,205,223,223,250,275,18,18,64,64,64,102,102,102,102,102,102,207,207,227,502,530,547,35,35,76,126,126,126,176,176,194,194,194,206,206,206,9,63,82],"floor_reached":56,"playtime":7730,"items_purged":["Doubt","Writhe"],"score":1346,"play_id":"23ecbdd4-d8b8-47d2-9f61-712fc53afe82","local_time":"20201228003814","is_ascension_mode":true,"campfire_choices":[{"data":"hermit:Dive","floor":6.0,"key":"SMITH"},{"data":"hermit:LoneWolf","floor":8.0,"key":"SMITH"},{"data":"hermit:Cheat","floor":13.0,"key":"SMITH"},{"data":"hermit:Dive","floor":15.0,"key":"SMITH"},{"data":"hermit:FromBeyond","floor":23.0,"key":"SMITH"},{"data":"hermit:CursedWeapon","floor":25.0,"key":"SMITH"},{"data":"hermit:Scavenge","floor":28.0,"key":"SMITH"},{"data":"hermit:Scavenge","floor":30.0,"key":"SMITH"},{"data":"hermit:Scavenge","floor":32.0,"key":"SMITH"},{"data":"hermit:Vantage","floor":40.0,"key":"SMITH"},{"floor":44.0,"key":"RECALL"},{"floor":49.0,"key":"REST"},{"data":"hermit:Snipe","floor":52.0,"key":"SMITH"}],"circlet_count":0,"master_deck":["hermit:Snapshot","hermit:Covet","hermit:FromBeyond+1","hermit:GhostlyPresence","hermit:Scavenge+1","hermit:Scavenge+1","hermit:Vantage+1","hermit:Glare","hermit:Deadeye","hermit:Roulette","hermit:Dive+1","hermit:GhostlyPresence","hermit:LoneWolf+1","hermit:BigShot+1","hermit:Cheat+1","hermit:BigShot+1","hermit:Dive+1","hermit:Deadeye","hermit:EternalForm+1","hermit:Scavenge+1","hermit:CursedWeapon+1","hermit:Dive+1","hermit:Roughhouse","hermit:Grudge","hermit:Snipe+1","hermit:EyeOfTheStorm+1","Panache+1","hermit:Headshot","hermit:Scavenge","hermit:NoHoldsBarred+1","Parasite","hermit:Enervate+1","hermit:Scavenge+1"],"relics":["Ornamental Fan","hermit:Spyglass","Velvet Choker","Bag of Preparation","MutagenicStrength","Cursed Key","MerchantsRug","TungstenRod","Turnip","Bottled Tornado","Eternal Feather"],"acts_visited":["Exordium","TheCity","TheBeyond","TheEnding"],"potions_floor_usage":[55],"damage_taken":[{"damage":1.0,"enemies":"Jaw Worm","floor":1.0,"turns":3.0},{"damage":0.0,"enemies":"Cultist","floor":3.0,"turns":2.0},{"damage":0.0,"enemies":"2 Louse","floor":4.0,"turns":2.0},{"damage":1.0,"enemies":"Gremlin Nob","floor":7.0,"turns":5.0},{"damage":5.0,"enemies":"3 Sentries","floor":10.0,"turns":8.0},{"damage":6.0,"enemies":"2 Fungi Beasts","floor":12.0,"turns":4.0},{"damage":17.0,"enemies":"Slime Boss","floor":16.0,"turns":8.0},{"damage":0.0,"enemies":"2 Thieves","floor":18.0,"turns":5.0},{"damage":0.0,"enemies":"Spheric Guardian","floor":20.0,"turns":5.0},{"damage":0.0,"enemies":"3 Cultists","floor":21.0,"turns":5.0},{"damage":2.0,"enemies":"Slavers","floor":24.0,"turns":4.0},{"damage":8.0,"enemies":"Gremlin Leader","floor":27.0,"turns":6.0},{"damage":23.0,"enemies":"Collector","floor":33.0,"turns":10.0},{"damage":0.0,"enemies":"3 Shapes","floor":35.0,"turns":5.0},{"damage":2.0,"enemies":"Orb Walker","floor":37.0,"turns":3.0},{"damage":6.0,"enemies":"3 Darklings","floor":38.0,"turns":7.0},{"damage":6.0,"enemies":"Sphere and 2 Shapes","floor":41.0,"turns":4.0},{"damage":2.0,"enemies":"Reptomancer","floor":42.0,"turns":6.0},{"damage":39.0,"enemies":"Nemesis","floor":45.0,"turns":9.0},{"damage":6.0,"enemies":"Writhing Mass","floor":47.0,"turns":4.0},{"damage":44.0,"enemies":"Awakened One","floor":50.0,"turns":14.0},{"damage":14.0,"enemies":"Shield and Spear","floor":54.0,"turns":7.0},{"damage":55,"enemies":"The Heart","floor":55,"turns":12}],"seed_played":"7966777351030381672","potions_obtained":[{"floor":1.0,"key":"hermit:Tonic"},{"floor":12.0,"key":"Block Potion"},{"floor":18.0,"key":"EssenceOfSteel"},{"floor":24.0,"key":"Strength Potion"},{"floor":27.0,"key":"Swift Potion"},{"floor":37.0,"key":"Block Potion"}],"is_trial":false,"path_per_floor":["M","?","M","M","?","R","E","R","T","E","?","M","R","$","R","B",null,"M","?","M","M","$","R","E","R","T","E","R","$","R","?","R","B",null,"M","?","M","M","$","R","M","E","T","R","E","?","M","?","R","B",null,"R","$","E","B",null],"character_chosen":"HERMIT","items_purchased":["hermit:BigShot+1","hermit:Dive","hermit:Deadeye","hermit:Spyglass","Bag of Preparation","Panache+1","hermit:Headshot","Gremlin Horn","PowerPotion","hermit:Scavenge","Energy Potion","MerchantsRug","TungstenRod","Turnip","Bottled Tornado","Weak Potion"],"campfire_rested":1,"item_purchase_floors":[14,14,14,14,22,39,39,39,39,39,39,53,53,53,53,53],"current_hp_per_floor":[74,74,74,74,74,74,73,73,73,68,68,62,62,62,62,45,75,75,81,81,81,81,81,79,79,79,71,71,71,71,71,71,48,81,81,81,79,73,73,73,67,67,67,67,30,30,32,32,59,17,91,91,91,77,22],"gold":82,"neow_bonus":"BOSS_RELIC","is_daily":false,"chose_seed":false,"campfire_upgraded":11,"win_rate":0.0,"timestamp":1609137494,"path_taken":["M","?","?","M","?","R","E","R","T","E","?","M","R","$","R","BOSS","M","?","M","M","$","R","E","R","T","E","R","$","R","?","R","BOSS","M","?","M","M","$","R","?","E","T","R","E","?","?","?","R","BOSS","R","$","E","BOSS"],"items_purchased_type":["Card","Card","Card","Relic","Relic","Card","Card","Relic","Potion","Card","Potion","Relic","Relic","Relic","Relic","Potion"],"build_version":"2020-12-22","purchased_purges":2,"victory":true,"max_hp_per_floor":[75,75,75,75,75,75,75,75,75,75,75,75,75,75,75,75,75,75,81,81,81,81,81,81,81,81,81,81,81,81,81,81,81,81,81,81,81,81,81,81,81,83,83,83,85,85,91,91,91,91,91,91,91,91,91],"card_choices":[{"not_picked":["hermit:Quickdraw","hermit:Coalescence"],"picked":"hermit:Dive","floor":1.0},{"not_picked":["hermit:BodyArmor","hermit:Roulette"],"picked":"hermit:GhostlyPresence","floor":3.0},{"not_picked":["hermit:Manifest","hermit:Roulette"],"picked":"hermit:LoneWolf","floor":4.0},{"not_picked":["hermit:Headshot","hermit:Quickdraw"],"picked":"hermit:BigShot+1","floor":7.0},{"not_picked":["hermit:TakeCover","hermit:Ricochet","hermit:LuckOfTheDraw"],"picked":"SKIP","floor":10.0},{"not_picked":["hermit:ItchyTrigger","hermit:Quickdraw"],"picked":"hermit:Cheat","floor":12.0},{"not_picked":["hermit:Gambit","hermit:FatalDesire+1"],"picked":"hermit:EternalForm+1","floor":16.0},{"not_picked":["hermit:Headshot","hermit:Malice"],"picked":"hermit:Scavenge","floor":18.0},{"not_picked":["hermit:Vantage","hermit:Quickdraw","hermit:Roulette+1"],"picked":"SKIP","floor":20.0},{"not_picked":["hermit:Vantage","hermit:HoleUp","hermit:SprayPray"],"picked":"SKIP","floor":21.0},{"not_picked":["hermit:ShadowCloak+1","hermit:PistolWhip"],"picked":"hermit:CursedWeapon","floor":24.0},{"not_picked":["hermit:Vantage","hermit:Desperado"],"picked":"hermit:Dive+1","floor":27.0},{"not_picked":["hermit:OverwhelmingPower+1","hermit:HighNoon+1"],"picked":"hermit:Roughhouse","floor":33.0},{"not_picked":["hermit:HighCaliber","hermit:Misfire"],"picked":"hermit:Grudge","floor":35.0},{"not_picked":["hermit:TrackingShot+1","hermit:Desperado"],"picked":"hermit:Snipe","floor":37.0},{"not_picked":["hermit:BodyArmor+1","hermit:HoleUp"],"picked":"hermit:EyeOfTheStorm+1","floor":38.0},{"not_picked":["hermit:Virtue","hermit:Quickdraw+1"],"picked":"hermit:NoHoldsBarred+1","floor":41.0},{"not_picked":["hermit:ShadowCloak+1","hermit:Headshot+1","hermit:Cheat"],"picked":"Singing Bowl","floor":42.0},{"not_picked":["hermit:TakeCover+1","hermit:BlackWind","hermit:Snipe"],"picked":"Singing Bowl","floor":45.0},{"not_picked":["hermit:Manifest","hermit:Headshot+1"],"picked":"hermit:Enervate+1","floor":47.0},{"not_picked":["hermit:NoHoldsBarred+1","hermit:HighCaliber"],"picked":"hermit:Scavenge+1","floor":54.0}],"player_experience":924791,"relics_obtained":[{"floor":7.0,"key":"Frozen Egg 2"},{"floor":9.0,"key":"Ornamental Fan"},{"floor":10.0,"key":"InkBottle"},{"floor":24.0,"key":"Omamori"},{"floor":26.0,"key":"The Courier"},{"floor":27.0,"key":"Singing Bowl"},{"floor":42.0,"key":"hermit:Horseshoe"},{"floor":45.0,"key":"Blood Vial"},{"floor":54.0,"key":"Eternal Feather"}],"event_choices":[{"damage_healed":0.0,"max_hp_gain":0.0,"max_hp_loss":0.0,"gold_gain":100.0,"event_name":"Golden Shrine","player_choice":"Pray","floor":2.0,"gold_loss":0.0,"damage_taken":0.0},{"damage_healed":0.0,"max_hp_gain":0.0,"max_hp_loss":0.0,"gold_gain":61.0,"event_name":"Golden Wing","player_choice":"Gained Gold","floor":5.0,"gold_loss":0.0,"damage_taken":0.0},{"damage_healed":0.0,"max_hp_gain":0.0,"max_hp_loss":0.0,"gold_gain":175.0,"event_name":"Liars Game","player_choice":"AGREE","floor":11.0,"gold_loss":0.0,"damage_taken":0.0,"cards_obtained":["Doubt"]},{"damage_healed":0.0,"max_hp_gain":0.0,"max_hp_loss":0.0,"gold_gain":0.0,"event_name":"The Mausoleum","player_choice":"Opened","floor":19.0,"gold_loss":0.0,"damage_taken":0.0,"relics_obtained":["Darkstone Periapt"],"cards_obtained":["Writhe"]},{"damage_healed":0.0,"max_hp_gain":0.0,"max_hp_loss":0.0,"gold_gain":0.0,"event_name":"Drug Dealer","player_choice":"Inject Mutagens","floor":31.0,"gold_loss":0.0,"damage_taken":0.0,"relics_obtained":["MutagenicStrength"]},{"damage_healed":0.0,"max_hp_gain":0.0,"max_hp_loss":0.0,"gold_gain":275.0,"event_name":"Golden Shrine","player_choice":"Desecrate","floor":36.0,"gold_loss":0.0,"damage_taken":0.0,"cards_obtained":["Regret"]},{"damage_healed":0.0,"max_hp_gain":0.0,"max_hp_loss":0.0,"gold_gain":0.0,"event_name":"SecretPortal","player_choice":"Ignored","floor":46.0,"gold_loss":0.0,"damage_taken":0.0},{"damage_healed":0.0,"max_hp_gain":0.0,"max_hp_loss":0.0,"gold_gain":0.0,"event_name":"Tomb of Lord Red Mask","player_choice":"Ignored","floor":48.0,"gold_loss":0.0,"damage_taken":0.0}],"is_beta":false,"boss_relics":[{"not_picked":["Runic Dome","Calling Bell"],"picked":"Velvet Choker"},{"not_picked":["Astrolabe","Black Star"],"picked":"Cursed Key"}],"items_purged_floors":[14,22],"is_endless":false,"potions_floor_spawned":[1,12,18,24,27,37,41,45],"ascension_level":1}}