{"host":"o5or1zybx7au40zl","time":1609189802,"event":{"mods":["Act Like it!","BaseMod","Better Third Choice","Conspire","Dota2Spire","Hubris","Minty Spire (QoL Compilation)","Replay The Spire","StSLib"],"gold_per_floor":[113,127,137,154,154,183,194,194,194,205,217,249,264,276,276,373,473,487,500,415,425,425,425,455,455,530,540,551,579,579,579,579,683,683,694,706,724,724,741,768,768,768,768,802,812,812,1019,604,604,604,604,604,235,263,263],"floor_reached":56,"playtime":1815,"items_purged":["hubris:Despair"],"score":1413,"play_id":"65a89216-1667-40be-932b-5c1367506367","local_time":"20201228221002","is_ascension_mode":false,"campfire_choices":[{"floor":8,"key":"REST"},{"floor":15,"key":"REST"},{"floor":23,"key":"RECALL"},{"data":"Defragment","floor":25,"key":"SMITH"},{"floor":30,"key":"REST"},{"data":"Defragment","floor":32,"key":"SMITH"},{"floor":42,"key":"REST"},{"floor":46,"key":"REST"},{"data":"Loop","floor":49,"key":"SMITH"},{"data":"FIFO Queue","floor":52,"key":"SMITH"}],"circlet_count":0,"master_deck":["Strike_B","Strike_B","Strike_B","Strike_B","Defend_B","Defend_B","Defend_B","Defend_B","Zap","Dualcast","BootSequence","Compile Driver","Defragment+1","Ball Lightning","Loop+1","Tempest","Ball Lightning","Double Energy","Electrodynamics","Mirror Shield","Defragment+1","ReplayTheSpireMod:GoodbyeWorld+1","Loop","Consume","Amnesia","BasicCrystalCard+1","Capacitor","Pot Of Greed","Pot Of Greed","Pot Of Greed","Hologram+1","Multi-Cast","hubris:PowerSurge+1","Storm+1","Coolheaded+1","Delirium","Capacitor","FIFO Queue+1","FIFO Queue","Pot Of Greed","Seek"],"relics":["FrozenCore","NeowsBlessing","Dota2Spire:ArcaneBoots","hubris:TenFootPole","Replay:Grab Bag","Cursed Key","Replay:Wanted Poster","Black Star","Blue Doll","Dota2Spire:OctarineCore","Lizard Tail","hubris:Metronome","Grinning Jar","Du-Vu Doll","Ring of Shattering","hubris:Backtick","Runic Capacitor","hubris:SlimyHat","hubris:PeanutButter","Replay:Baseball","Dota2Spire:EyeOfSkadi","Ancient Tea Set","DataDisk","Oddly Smooth Stone","Torii","hubris:SoftwareUpdate","Replay:Wax Seal"],"acts_visited":["Exordium","TheCity","TheBeyond","TheEnding"],"potions_floor_usage":[6,12,13,14,29,33,50,55,55],"damage_taken":[{"damage":0,"enemies":"conspire:RoseBush","floor":1,"turns":1},{"damage":0,"enemies":"Cultist","floor":2,"turns":1},{"damage":0,"enemies":"Small Slimes","floor":3,"turns":1},{"damage":18,"enemies":"Gremlin Gang","floor":4,"turns":6},{"damage":20,"enemies":"Lagavulin","floor":6,"turns":5},{"damage":4,"enemies":"Exordium Wildlife","floor":7,"turns":3},{"damage":12,"enemies":"Blue Slaver","floor":10,"turns":4},{"damage":0,"enemies":"Looter","floor":11,"turns":2},{"damage":28,"enemies":"Gremlin Nob","floor":12,"turns":4},{"damage":3,"enemies":"2 Fungi Beasts","floor":13,"turns":3},{"damage":0,"enemies":"Large Slime","floor":14,"turns":3},{"damage":7,"enemies":"Fading Forest","floor":16,"turns":11},{"damage":7,"enemies":"Shell Parasite","floor":18,"turns":4},{"damage":0,"enemies":"Chosen","floor":19,"turns":3},{"damage":12,"enemies":"3 Cultists","floor":21,"turns":4},{"damage":12,"enemies":"Gremlin Leader","floor":24,"turns":6},{"damage":0,"enemies":"Cultist and Chosen","floor":27,"turns":5},{"damage":0,"enemies":"Chosen and Byrds","floor":28,"turns":4},{"damage":7,"enemies":"Book of Stabbing","floor":29,"turns":5},{"damage":21,"enemies":"hubris:MusketHawk","floor":33,"turns":6},{"damage":0,"enemies":"3 Shapes","floor":35,"turns":4},{"damage":35,"enemies":"3 Darklings","floor":36,"turns":5},{"damage":13,"enemies":"Jaw Worm Horde","floor":37,"turns":4},{"damage":0,"enemies":"Transient","floor":39,"turns":5},{"damage":5,"enemies":"R_Hoarder","floor":40,"turns":5},{"damage":8,"enemies":"Reptomancer","floor":44,"turns":3},{"damage":0,"enemies":"Spire Growth","floor":45,"turns":3},{"damage":28,"enemies":"Awakened One","floor":50,"turns":7},{"damage":11,"enemies":"Shield and Spear","floor":54,"turns":4},{"damage":25,"enemies":"The Heart","floor":55,"turns":7}],"seed_played":"-7350360147153146677","potions_obtained":[{"floor":1,"key":"SteroidPotion"},{"floor":2,"key":"ColorlessPotion"},{"floor":6,"key":"SkillPotion"},{"floor":12,"key":"Energy Potion"},{"floor":13,"key":"Doom Potion"},{"floor":14,"key":"Fruit Juice"},{"floor":18,"key":"Ancient Potion"},{"floor":19,"key":"ColorlessPotion"},{"floor":33,"key":"Strength Potion"},{"floor":35,"key":"EssenceOfSteel"},{"floor":45,"key":"FocusPotion"}],"is_trial":false,"path_per_floor":["M","M","M","M","?","E","M","R","T","M","M","E","M","M","R","B",null,"M","M","?","M","?","R","E","R","T","M","M","E","R","?","R","B",null,"M","M","M","?","M","E","?","R","T","E","M","R","?","$","R","B",null,"R","$","E","B",null],"character_chosen":"DEFECT","items_purchased":["DataDisk","FIFO Queue","Oddly Smooth Stone","Torii","Seek"],"campfire_rested":5,"item_purchase_floors":[48,48,48,53,53],"current_hp_per_floor":[75,75,75,57,57,37,33,55,55,43,43,15,12,17,41,54,80,73,73,73,61,61,61,49,49,49,49,49,42,66,66,66,45,80,80,45,32,32,32,27,27,51,51,48,48,73,73,73,73,45,85,85,85,74,49],"gold":263,"neow_bonus":"THREE_ENEMY_KILL","is_daily":false,"chose_seed":false,"campfire_upgraded":4,"win_rate":0.0,"timestamp":1609189802,"path_taken":["M","?","M","?","?","E","?","R","T","M","M","E","M","M","R","BOSS","M","M","?","M","?","R","E","R","T","M","M","E","R","?","R","BOSS","M","M","M","?","M","E","?","R","T","E","?","R","?","$","R","BOSS","R","$","E","BOSS"],"items_purchased_type":["Relic","Card","Relic","Relic","Card"],"build_version":"2020-12-22","purchased_purges":1,"victory":true,"max_hp_per_floor":[75,75,75,75,75,75,75,75,75,75,75,75,75,80,80,80,80,80,80,80,80,80,80,80,80,80,80,80,80,80,80,80,80,80,80,80,80,80,80,80,80,80,80,85,85,85,85,85,85,85,85,85,85,85,85],"card_choices":[{"not_picked":["Doom and Gloom","Chaos","conspire:Rain"],"picked":"SKIP","floor":1},{"not_picked":["Compile Driver","Reinforced Body"],"picked":"BootSequence","floor":2},{"not_picked":["Steam","Hologram"],"picked":"Compile Driver","floor":3},{"not_picked":["Stack","Cold Snap"],"picked":"Defragment","floor":4},{"not_picked":["Go for the Eyes","Reprogram"],"picked":"Ball Lightning","floor":6},{"not_picked":["Cold Snap","Hologram"],"picked":"Loop","floor":7},{"not_picked":["Redo","Stack","Hologram"],"picked":"SKIP","floor":10},{"not_picked":["Cold Snap","Panic Button"],"picked":"Tempest","floor":11},{"not_picked":["ReplaySolidLightProjector","Conserve Battery"],"picked":"Ball Lightning","floor":12},{"not_picked":["ReplayTheSpireMod:Reroute Power","Fusion"],"picked":"Double Energy","floor":13},{"not_picked":["Barrage","BasicCrystalCard"],"picked":"Electrodynamics","floor":14},{"not_picked":["Creative AI","Fission"],"picked":"Mirror Shield","floor":16},{"not_picked":["Lockon+1","Redo"],"picked":"Defragment","floor":18},{"not_picked":["Reprogram+1","FTL"],"picked":"ReplayTheSpireMod:GoodbyeWorld+1","floor":19},{"not_picked":["Panic Button","Coolheaded","Steam"],"picked":"SKIP","floor":21},{"not_picked":["Steam","Panic Button+1"],"picked":"Consume","floor":24},{"not_picked":["Compile Driver","Go for the Eyes"],"picked":"BasicCrystalCard+1","floor":27},{"not_picked":["Glacier+1","Rebound"],"picked":"Capacitor","floor":28},{"not_picked":["FTL","Melter"],"picked":"Hologram+1","floor":29},{"not_picked":["Hyperbeam","Reboot"],"picked":"Multi-Cast","floor":33},{"not_picked":["ReplayTheSpireMod:Repulse","Beam Cell+1","Go for the Eyes"],"picked":"SKIP","floor":35},{"not_picked":["Doom and Gloom","Scrape","Sweeping Beam"],"picked":"SKIP","floor":36},{"not_picked":["conspire:SharedLibrary+1","Turbo+1"],"picked":"hubris:PowerSurge+1","floor":37},{"not_picked":["Compile Driver","ReplayTheSpireMod:Calculation Training"],"picked":"Storm+1","floor":39},{"not_picked":["Beam Cell","ReplayTheSpireMod:Reroute Power"],"picked":"Coolheaded+1","floor":40},{"not_picked":["Sweeping Beam+1","Rebound+1","Darkness+1"],"picked":"SKIP","floor":44},{"not_picked":["BasicCrystalCard","Coolheaded+1"],"picked":"Capacitor","floor":45},{"not_picked":["Gash","Force Field","Cold Snap"],"picked":"SKIP","floor":54}],"player_experience":906342,"relics_obtained":[{"floor":6,"key":"Dota2Spire:ArcaneBoots"},{"floor":12,"key":"hubris:TenFootPole"},{"floor":24,"key":"Dota2Spire:OctarineCore"},{"floor":24,"key":"Lizard Tail"},{"floor":26,"key":"hubris:Metronome"},{"floor":29,"key":"Grinning Jar"},{"floor":29,"key":"Du-Vu Doll"},{"floor":31,"key":"Ring of Shattering"},{"floor":40,"key":"hubris:SlimyHat"},{"floor":40,"key":"hubris:PeanutButter"},{"floor":43,"key":"Replay:Baseball"},{"floor":44,"key":"Dota2Spire:EyeOfSkadi"},{"floor":44,"key":"Ancient Tea Set"},{"floor":54,"key":"hubris:SoftwareUpdate"},{"floor":54,"key":"Replay:Wax Seal"}],"event_choices":[{"damage_healed":0,"gold_gain":0,"player_choice":"Ignored","damage_taken":0,"max_hp_gain":0,"max_hp_loss":0,"event_name":"NoteForYourself","floor":5,"gold_loss":0},{"damage_healed":0,"gold_gain":0,"player_choice":"Obtained Relic","damage_taken":0,"relics_obtained":["Blue Doll"],"max_hp_gain":0,"max_hp_loss":0,"event_name":"Addict","floor":20,"gold_loss":85},{"damage_healed":0,"gold_gain":0,"player_choice":"Ignored","damage_taken":0,"max_hp_gain":0,"max_hp_loss":0,"event_name":"The Moai Head","floor":38,"gold_loss":0},{"damage_healed":0,"gold_gain":0,"player_choice":"Leave","damage_taken":0,"max_hp_gain":0,"max_hp_loss":0,"event_name":"conspire:Investor","floor":41,"gold_loss":0}],"is_beta":false,"boss_relics":[{"not_picked":["Painkiller Herb","Calling Bell"],"picked":"Replay:Grab Bag"},{"not_picked":["hubris:CrackedHourglass","hubris:RunicObelisk"],"picked":"Cursed Key"},{"not_picked":["Busted Crown","Velvet Choker"],"picked":"Replay:Wanted Poster"},{"not_picked":["SacredBark","SlaversCollar"],"picked":"Black Star"},{"not_picked":["Kintsugi","Pandora\u0027s Box"],"picked":"FrozenCore"},{"not_picked":["hubris:VirtuousBlindfold","Coffee Dripper"],"picked":"hubris:Backtick"}],"items_purged_floors":[48],"is_endless":false,"potions_floor_spawned":[1,2,6,12,13,14,18,19,21,33,35,39,45],"ascension_level":0}}