{"host":"khm4we1ijduz33xh","time":1609157656,"event":{"mods":["AchievementEnabler","BaseMod","Colored Map","Minty Spire (QoL Compilation)","Rare Cards Sparkle","StSLib","SuperFastMode"],"gold_per_floor":[112,122,137,107,25,51,51,66,66,66,66,94,94,106,106,208,208,227,152,170,19,32,32,32,32],"floor_reached":24,"playtime":1323,"items_purged":["Strike_P"],"score":206,"play_id":"6c768542-912d-4f47-a82a-93a87afd1656","local_time":"20201228211416","is_ascension_mode":false,"campfire_choices":[{"data":"Eruption","floor":7.0,"key":"SMITH"},{"floor":11.0,"key":"REST"},{"floor":15.0,"key":"REST"},{"floor":23,"key":"REST"}],"circlet_count":0,"master_deck":["Strike_P","Strike_P","Strike_P","Defend_P","Defend_P","Defend_P","Defend_P","Eruption+1","Vigilance","InnerPeace","FearNoEvil","FlurryOfBlows+1"],"relics":["PureWater","NeowsBlessing","MealTicket","Pantograph","GoldenEye","Orrery"],"acts_visited":["Exordium","TheCity"],"potions_floor_usage":[22,24,24],"damage_taken":[{"damage":0.0,"enemies":"Small Slimes","floor":1.0,"turns":1.0},{"damage":0.0,"enemies":"Cultist","floor":2.0,"turns":1.0},{"damage":0.0,"enemies":"2 Louse","floor":3.0,"turns":2.0},{"damage":0.0,"enemies":"Looter","floor":4.0,"turns":4.0},{"damage":39.0,"enemies":"Gremlin Nob","floor":6.0,"turns":5.0},{"damage":10.0,"enemies":"Exordium Wildlife","floor":8.0,"turns":5.0},{"damage":41.0,"enemies":"Lagavulin","floor":12.0,"turns":6.0},{"damage":1.0,"enemies":"Exordium Thugs","floor":14.0,"turns":3.0},{"damage":61.0,"enemies":"The Guardian","floor":16.0,"turns":13.0},{"damage":23.0,"enemies":"Chosen","floor":18.0,"turns":6.0},{"damage":38.0,"enemies":"Spheric Guardian","floor":20.0,"turns":7.0},{"damage":36,"enemies":"Shelled Parasite and Fungi","floor":22,"turns":4},{"damage":28,"enemies":"Gremlin Leader","floor":24,"turns":3}],"seed_played":"-202193133772757452","potions_obtained":[{"floor":3.0,"key":"SteroidPotion"},{"floor":6.0,"key":"Dexterity Potion"},{"floor":12.0,"key":"Weak Potion"},{"floor":16.0,"key":"Weak Potion"},{"floor":22,"key":"Block Potion"}],"is_trial":false,"path_per_floor":["M","M","M","M","$","E","R","M","T","$","R","E","?","M","R","B",null,"M","$","M","$","M","R","E"],"character_chosen":"WATCHER","items_purchased":["FearNoEvil","Orrery"],"campfire_rested":3,"item_purchase_floors":[5,21],"current_hp_per_floor":[72,72,72,72,72,33,33,23,23,38,59,18,18,17,38,2,72,49,64,26,41,5,26,0,0],"gold":32,"neow_bonus":"THREE_ENEMY_KILL","is_daily":false,"chose_seed":false,"campfire_upgraded":1,"win_rate":0.0,"timestamp":1609157656,"path_taken":["M","M","M","M","$","E","R","M","T","$","R","E","?","M","R","BOSS","M","$","M","$","M","R","E"],"items_purchased_type":["Card","Relic"],"build_version":"2020-12-22","purchased_purges":1,"victory":false,"max_hp_per_floor":[72,72,72,72,72,72,72,72,72,72,72,72,72,72,72,72,72,72,72,72,72,72,72,72,72],"card_choices":[{"not_picked":["EmptyBody","EmptyFist","Nirvana"],"picked":"SKIP","floor":1.0},{"not_picked":["Tantrum","WindmillStrike","Prostrate"],"picked":"SKIP","floor":2.0},{"not_picked":["BowlingBash","ClearTheMind"],"picked":"InnerPeace","floor":3.0},{"not_picked":["LikeWater","Perseverance","Prostrate"],"picked":"SKIP","floor":4.0},{"not_picked":["Ragnarok","CutThroughFate","FollowUp"],"picked":"SKIP","floor":6.0},{"not_picked":["Perseverance","ThirdEye","Meditate"],"picked":"SKIP","floor":8.0},{"not_picked":["WheelKick","SashWhip","BowlingBash"],"picked":"SKIP","floor":12.0},{"not_picked":["SignatureMove","Halt","SashWhip"],"picked":"SKIP","floor":14.0},{"not_picked":["Evaluate","EmptyFist","ThirdEye"],"picked":"SKIP","floor":18.0},{"not_picked":["SandsOfTime+1","Weave","Halt"],"picked":"SKIP","floor":20.0},{"not_picked":["Devotion","FlyingSleeves"],"picked":"FlurryOfBlows+1","floor":21.0},{"not_picked":["FlyingSleeves","CrushJoints+1","Evaluate"],"picked":"SKIP","floor":22}],"player_experience":135664,"relics_obtained":[{"floor":6.0,"key":"MealTicket"},{"floor":9.0,"key":"Pantograph"},{"floor":12.0,"key":"GoldenEye"}],"event_choices":[{"damage_healed":0.0,"max_hp_gain":0.0,"max_hp_loss":0.0,"gold_gain":0.0,"event_name":"Match and Keep!","player_choice":"0 cards matched","floor":13.0,"gold_loss":0.0,"damage_taken":0.0,"cards_obtained":[]}],"is_beta":false,"boss_relics":[{"not_picked":["Runic Pyramid","Velvet Choker","Busted Crown"]}],"items_purged_floors":[19],"is_endless":false,"potions_floor_spawned":[3,6,12,16,22],"killed_by":"Gremlin Leader","ascension_level":0}}