{"host":"cyiefo55v5hz1ih5","time":1609135918,"event":{"mods":["2.2 Compatiblity","AchievementEnabler","Arknights The Spire","BaseMod","GifTheSpireLib","Hubris","Minty Spire (QoL Compilation)","Replay The Spire","Spicy Shops","StSLib"],"gold_per_floor":[114,126,126,201,214,214,225,240,240,255,269,269,294,294,294,390,390,400,490,145,162,174,174,174],"floor_reached":23,"playtime":1568,"items_purged":["ats:Strike S"],"score":195,"play_id":"133f5334-1ff3-4318-9729-89896a5fbe59","local_time":"20201228011158","is_ascension_mode":false,"campfire_choices":[{"floor":6,"key":"REST"}],"circlet_count":0,"master_deck":["ats:Strike C","ats:Strike G","ats:Armor Crushing Shot","ats:Defend","ats:Defend","ats:Defend","ats:Defend","ats:Emotion Absorption+1","ReplayTheSpireMod:Private Reserves","ats:Closed Bolt Burst Fire","ats:Blood Oath","ats:Soul Rend","ats:Thermite Blade","ats:Calcification"],"relics":["ats:Sanity","Kunai","ats:Lavender","ats:Originium","White Beast Statue","hubris:Towel","Empty Cage","Regal Pillow","InkBottle"],"acts_visited":["Exordium","TheCity"],"potions_floor_usage":[13,16,18],"damage_taken":[{"damage":2,"enemies":"2 Louse","floor":1,"turns":3},{"damage":10,"enemies":"Jaw Worm","floor":2,"turns":4},{"damage":3,"enemies":"Cultist","floor":5,"turns":4},{"damage":1,"enemies":"Gremlin Gang","floor":7,"turns":5},{"damage":16,"enemies":"Large Slime","floor":8,"turns":8},{"damage":5,"enemies":"Looter","floor":10,"turns":3},{"damage":0,"enemies":"3 Louse","floor":11,"turns":3},{"damage":22,"enemies":"Replay:BlueRogue","floor":13,"turns":7},{"damage":81,"enemies":"Slime Boss","floor":16,"turns":18},{"damage":45,"enemies":"Spheric Guardian","floor":18,"turns":8},{"damage":29,"enemies":"Chosen","floor":21,"turns":7},{"damage":26,"enemies":"Sentry and Sphere","floor":22,"turns":8},{"damage":0,"enemies":"Slavers","floor":23,"turns":1}],"seed_played":"3247508209858439645","potions_obtained":[{"floor":1,"key":"FairyPotion"},{"floor":10,"key":"Energy Potion"},{"floor":11,"key":"Energy Potion"},{"floor":16,"key":"Dexterity Potion"},{"floor":18,"key":"ats:Emergency Sanity Potion"},{"floor":21,"key":"FearPotion"},{"floor":22,"key":"SteroidPotion"}],"is_trial":false,"path_per_floor":["M","M","?","?","M","R","M","M","T","M","M","?","E","?","R","B",null,"M","?","$","M","M","E"],"character_chosen":"DOCTOR_CLASS","items_purchased":["Regal Pillow","InkBottle"],"campfire_rested":1,"item_purchase_floors":[20,20],"current_hp_per_floor":[70,60,53,46,43,64,63,59,59,62,64,64,54,54,54,28,72,34,22,22,13,7,9,9],"gold":174,"neow_bonus":"RANDOM_COLORLESS","is_daily":false,"chose_seed":false,"campfire_upgraded":0,"win_rate":0.0,"timestamp":1609135918,"path_taken":["M","M","?","?","M","R","?","M","T","?","M","?","E","?","R","BOSS","M","?","$","M","M","E"],"items_purchased_type":["Relic","Relic"],"build_version":"2020-12-22","purchased_purges":1,"victory":false,"max_hp_per_floor":[72,72,72,72,72,72,72,72,72,72,72,72,72,72,72,72,72,72,72,72,72,72,72,72],"card_choices":[{"not_picked":["Purity","Impatience"],"picked":"ReplayTheSpireMod:Private Reserves","floor":0},{"not_picked":["ats:Flame Of Heaven","ats:Consecutive Shot Auto","ats:Explosion Area Strengthen"],"picked":"SKIP","floor":1},{"not_picked":["ats:Curse Doll","ats:Chain Hook","ats:Poison Spread"],"picked":"SKIP","floor":2},{"not_picked":["ats:Poison Spread","ats:Revitalization"],"picked":"ats:Closed Bolt Burst Fire","floor":5},{"not_picked":["ats:Apocalypse","ats:Counter Healing Mode"],"picked":"ats:Blood Oath","floor":7},{"not_picked":["ats:True Silver Slash","ats:Revitalization","ats:Hammer On"],"picked":"SKIP","floor":8},{"not_picked":["ats:Ignite","ats:Hammer On","ats:Assault Order"],"picked":"SKIP","floor":10},{"not_picked":["ats:Flame Of Heaven","ats:Childhood Dance","ats:Hammer On"],"picked":"SKIP","floor":11},{"not_picked":["ats:Blood Oath","ats:Durian","ats:Healing Drone"],"picked":"SKIP","floor":13},{"not_picked":["ats:Fractured Body","ats:Disruption Kick"],"picked":"ats:Soul Rend","floor":16},{"not_picked":["ats:Revitalization+1","ats:Ignite+1"],"picked":"ats:Thermite Blade","floor":18},{"not_picked":["ats:Apocalypse+1","ats:Red Shift"],"picked":"ats:Calcification","floor":21},{"not_picked":["ats:Chain Hook+1","ats:Burning Ground","ats:Consecutive Shot Auto"],"picked":"SKIP","floor":22}],"player_experience":612774,"relics_obtained":[{"floor":9,"key":"ats:Lavender"},{"floor":13,"key":"ats:Originium"},{"floor":13,"key":"White Beast Statue"}],"event_choices":[{"damage_healed":0,"gold_gain":0,"player_choice":"Success","damage_taken":7,"relics_obtained":["Kunai"],"max_hp_gain":0,"max_hp_loss":0,"event_name":"Scrap Ooze","floor":3,"gold_loss":0},{"damage_healed":0,"gold_gain":75,"player_choice":"Touch","damage_taken":7,"max_hp_gain":0,"max_hp_loss":0,"event_name":"FaceTrader","floor":4,"gold_loss":0},{"damage_healed":0,"gold_gain":90,"player_choice":"GOLD ","damage_taken":12,"max_hp_gain":0,"max_hp_loss":0,"event_name":"Knowing Skull","floor":19,"potions_obtained":[],"gold_loss":0,"cards_obtained":[]}],"is_beta":false,"boss_relics":[{"not_picked":["Replay:Grab Bag","Runic Dome"],"picked":"Empty Cage"}],"items_purged_floors":[20],"is_endless":false,"potions_floor_spawned":[1,10,11,16,18,21,22],"killed_by":"Slavers","ascension_level":0}}