{"host":"f5ezd1v29dtbwkzo","time":1609190553,"event":{"mods":["2.2 Compatiblity","BaseMod","Hermit","Hubris","Infinite Spire","Minty Spire (QoL Compilation)","Rare Cards Sparkle","Replay The Spire","StSLib"],"gold_per_floor":[117,117,137,137,41,68,68,101,128,139,171,191,191,191,191,366,366,469,469,482,482,482,500,500,500],"floor_reached":24,"playtime":1378,"items_purged":["Doubt"],"score":212,"play_id":"3d5fa2bf-6a25-4ffb-9eb4-0ed6782ec593","local_time":"20201229002233","is_ascension_mode":false,"campfire_choices":[{"data":"Discovery","floor":7,"key":"SMITH"},{"floor":13,"key":"REST"},{"floor":17,"key":"REST"}],"circlet_count":0,"master_deck":["Strike_R+1","Strike_R","Strike_R","Strike_R","Defend_R+1","Defend_R","Defend_R","Defend_R","Bash","Doubt","Zap+1","Double Tap","Discovery+1","infinitespire:Execution","Rage","Flame Barrier","Dramatic Entrance","Rupture","Sever Soul","Wild Strike","hubris:ReadiedAction","Power Through","Demonic Infusion","Burning Pact+1","Ghostly Armor"],"relics":["ReplayTheSpireMod:SealedPack","Simple Rune","hubris:DeckOfHolding","Anchor","Replay:Bottled Snecko","hubris:Backtick","Iron Core"],"acts_visited":["Exordium","TheCity"],"potions_floor_usage":[6,11,18,20,23,24],"damage_taken":[{"damage":6,"enemies":"Cultist","floor":1,"turns":4},{"damage":0,"enemies":"Small Slimes","floor":3,"turns":3},{"damage":34,"enemies":"Lagavulin","floor":6,"turns":8},{"damage":19,"enemies":"3 Sentries","floor":8,"turns":9},{"damage":0,"enemies":"2 Louse","floor":10,"turns":2},{"damage":11,"enemies":"Gremlin Nob","floor":11,"turns":4},{"damage":6,"enemies":"Exordium Thugs","floor":12,"turns":3},{"damage":44,"enemies":"Fading Forest","floor":18,"turns":11},{"damage":50,"enemies":"Spheric Guardian","floor":20,"turns":8},{"damage":24,"enemies":"Shell Parasite","floor":23,"turns":7},{"damage":19,"enemies":"Chosen and Byrds","floor":24,"turns":6}],"seed_played":"5697316480923273612","potions_obtained":[{"floor":1,"key":"Milkshake"},{"floor":3,"key":"Regen Potion"},{"floor":6,"key":"GamblersBrew"},{"floor":11,"key":"Energy Potion"},{"floor":18,"key":"Weak Potion"},{"floor":23,"key":"Energy Potion"}],"is_trial":false,"path_per_floor":["M","?","M","?","$","E","R","E","T","M","E","M","R","PTL","PTL","?","R","B",null,"M","AVR","?","M","M"],"character_chosen":"IRONCLAD","items_purchased":["Dramatic Entrance"],"campfire_rested":2,"item_purchase_floors":[5],"current_hp_per_floor":[74,74,74,79,79,60,60,41,41,41,30,24,49,49,49,49,74,40,85,35,35,35,11,0,0],"gold":500,"neow_bonus":"BOSS_RELIC","is_daily":false,"chose_seed":false,"campfire_upgraded":1,"win_rate":0.0,"timestamp":1609190553,"path_taken":["M","?","M","?","$","E","R","E","T","M","E","M","R","PTL","PTL","?","R","BOSS","M","AVR","?","?","?"],"items_purchased_type":["Card"],"build_version":"2020-12-22","purchased_purges":1,"victory":false,"max_hp_per_floor":[80,80,80,85,85,85,85,85,85,85,85,85,85,85,85,85,85,85,85,85,85,85,85,85,85],"card_choices":[{"not_picked":["Bash","Vigilance"],"picked":"Zap","floor":0},{"not_picked":["Fiend Fire","Offering"],"picked":"Double Tap","floor":0},{"not_picked":["Mind Blast","Enlightenment"],"picked":"Discovery","floor":0},{"not_picked":["infinitespire:Oblivion","hubris:Rewind"],"picked":"infinitespire:Execution","floor":0},{"not_picked":["ReplayReversal","Clothesline"],"picked":"Rage","floor":1},{"not_picked":["Second Wind","Rage"],"picked":"Flame Barrier","floor":3},{"not_picked":["Havoc","Warcry"],"picked":"Rupture","floor":6},{"not_picked":["Warcry","Cleave"],"picked":"Sever Soul","floor":8},{"not_picked":["Sentinel","Anger"],"picked":"Wild Strike","floor":10},{"not_picked":["Replay:Many Hands","Infernal Blade"],"picked":"hubris:ReadiedAction","floor":11},{"not_picked":["Hemokinesis","Body Slam"],"picked":"Power Through","floor":12},{"not_picked":["Exhume","Immolate"],"picked":"Demonic Infusion","floor":18},{"not_picked":["Cleave","Headbutt"],"picked":"Burning Pact+1","floor":20},{"not_picked":["Clothesline+1","Iron Wave"],"picked":"Ghostly Armor","floor":23}],"player_experience":309068,"relics_obtained":[{"floor":6,"key":"Simple Rune"},{"floor":8,"key":"hubris:DeckOfHolding"},{"floor":9,"key":"Anchor"},{"floor":11,"key":"Replay:Bottled Snecko"}],"event_choices":[{"damage_healed":0,"gold_gain":0,"player_choice":"Donut","damage_taken":0,"max_hp_gain":5,"max_hp_loss":0,"event_name":"Big Fish","floor":4,"gold_loss":0},{"damage_healed":0,"gold_gain":175,"player_choice":"AGREE","damage_taken":0,"max_hp_gain":0,"max_hp_loss":0,"event_name":"Liars Game","floor":16,"gold_loss":0,"cards_obtained":["Doubt"]},{"cards_removed":["Strike_R"],"damage_healed":0,"gold_gain":0,"player_choice":"Purged","damage_taken":0,"max_hp_gain":0,"max_hp_loss":0,"event_name":"Purifier","floor":22,"gold_loss":0}],"is_beta":false,"boss_relics":[{"not_picked":["Abe\u0027s Treasure","ReplayTheSpireMod:DimensionalGlitch"],"picked":"hubris:Backtick"}],"items_purged_floors":[21],"is_endless":false,"potions_floor_spawned":[1,3,6,11,18,23],"killed_by":"Chosen and Byrds","ascension_level":0}}