{"host":"yss3m9ygfcyke5zi","time":1609161776,"event":{"mods":["2.2 Compatiblity","BaseMod","Highlight Path","Minty Spire (QoL Compilation)","Permanent Neow"],"gold_per_floor":[119,119,135,135,148,323,338,338,385,385,399,423,423,443,443,443,443],"floor_reached":16,"playtime":1173,"items_purged":[],"score":94,"play_id":"af1799a9-f615-4403-97ca-188505a3d1b4","local_time":"20201228222256","is_ascension_mode":false,"campfire_choices":[{"floor":15,"key":"REST"}],"circlet_count":0,"master_deck":["Strike_P","Strike_P","Strike_P","Strike_P","Defend_P","Defend_P","Defend_P","Defend_P","Eruption","Vigilance","EmptyFist","Pray","CutThroughFate","Doubt","CutThroughFate","Regret","Perseverance","Adaptation","Nirvana","Crescendo"],"relics":["PureWater","Oddly Smooth Stone","Golden Idol","Lantern","Blood Vial","Toy Ornithopter"],"acts_visited":["Exordium"],"potions_floor_usage":[14,16,16],"damage_taken":[{"damage":0,"enemies":"2 Louse","floor":1,"turns":2},{"damage":0,"enemies":"Jaw Worm","floor":3,"turns":5},{"damage":0,"enemies":"Small Slimes","floor":5,"turns":4},{"damage":0,"enemies":"Exordium Wildlife","floor":7,"turns":6},{"damage":4,"enemies":"Looter","floor":11,"turns":3},{"damage":23,"enemies":"Large Slime","floor":12,"turns":7},{"damage":9,"enemies":"Red Slaver","floor":14,"turns":3},{"damage":63,"enemies":"Hexaghost","floor":16,"turns":13}],"seed_played":"2485054393930865005","potions_obtained":[{"floor":1,"key":"FearPotion"},{"floor":7,"key":"Swift Potion"},{"floor":14,"key":"StancePotion"}],"is_trial":false,"path_per_floor":["M","?","M","?","M","?","M","?","T","?","M","M","T","M","R","B"],"character_chosen":"WATCHER","items_purchased":[],"campfire_rested":1,"item_purchase_floors":[],"current_hp_per_floor":[72,54,54,54,54,54,54,54,54,54,52,31,31,29,50,0,0],"gold":443,"neow_bonus":"RANDOM_COMMON_RELIC","is_daily":false,"chose_seed":false,"campfire_upgraded":0,"win_rate":0.0,"timestamp":1609161776,"path_taken":["M","?","M","?","M","?","?","?","T","?","?","M","?","M","R","BOSS"],"items_purchased_type":[],"build_version":"2020-12-22","purchased_purges":0,"victory":false,"max_hp_per_floor":[72,72,72,72,72,72,72,72,72,72,72,72,72,72,72,72,72],"card_choices":[{"not_picked":["TalkToTheHand","LikeWater"],"picked":"EmptyFist","floor":1},{"not_picked":["EmptyFist","Halt"],"picked":"Pray","floor":3},{"not_picked":["Worship","SignatureMove"],"picked":"CutThroughFate","floor":5},{"not_picked":["Crescendo","Protect"],"picked":"CutThroughFate","floor":7},{"not_picked":["PathToVictory","SashWhip"],"picked":"Adaptation","floor":11},{"not_picked":["Evaluate","Protect"],"picked":"Nirvana","floor":12},{"not_picked":["CutThroughFate","BowlingBash"],"picked":"Crescendo","floor":14}],"player_experience":134207,"relics_obtained":[{"floor":9,"key":"Blood Vial"},{"floor":13,"key":"Toy Ornithopter"}],"event_choices":[{"damage_healed":0,"gold_gain":0,"player_choice":"Take Damage","damage_taken":18,"relics_obtained":["Golden Idol"],"max_hp_gain":0,"max_hp_loss":0,"event_name":"Golden Idol","floor":2,"gold_loss":0},{"damage_healed":0,"gold_gain":0,"player_choice":"Ignored","damage_taken":0,"max_hp_gain":0,"max_hp_loss":0,"event_name":"Shining Light","floor":4,"gold_loss":0},{"damage_healed":0,"gold_gain":175,"player_choice":"AGREE","damage_taken":0,"max_hp_gain":0,"max_hp_loss":0,"event_name":"Liars Game","floor":6,"gold_loss":0,"cards_obtained":["Doubt"]},{"damage_healed":0,"gold_gain":0,"player_choice":"Box","damage_taken":0,"relics_obtained":["Lantern"],"max_hp_gain":0,"max_hp_loss":0,"event_name":"Big Fish","floor":8,"gold_loss":0,"cards_obtained":["Regret"]},{"damage_healed":0,"gold_gain":0,"player_choice":"1 cards matched","damage_taken":0,"max_hp_gain":0,"max_hp_loss":0,"event_name":"Match and Keep!","floor":10,"gold_loss":0,"cards_obtained":["Perseverance"]}],"is_beta":false,"boss_relics":[],"items_purged_floors":[],"is_endless":false,"potions_floor_spawned":[1,7,14],"killed_by":"Hexaghost","ascension_level":0}}