{"host":"6kpik4p6m02tzjjt","time":1609119676,"event":{"mods":["BaseMod","Colored Map","Downfall","Minty Spire (QoL Compilation)","Quick Restart","Relic Stats","Replay The Spire","StSLib"],"gold_per_floor":[99,119,134,150,150,167,167,183,209,209,226,226,260,289,306,306,306,306],"floor_reached":16,"playtime":838,"items_purged":[],"score":114,"play_id":"51434fe6-72ee-4979-be43-f67bd44870ed","local_time":"20201227204116","is_ascension_mode":false,"campfire_choices":[{"data":"Slimebound:Split","floor":1,"key":"SMITH"},{"data":"Slimebound:LeechEnergy","floor":10,"key":"SMITH"},{"data":"Slimebound:SplitMire","floor":12,"key":"SMITH"}],"circlet_count":0,"master_deck":["Slimebound:Strike_Slimebound","Slimebound:Strike_Slimebound","Slimebound:Strike_Slimebound","Slimebound:Tackle","Slimebound:Defend_Slimebound","Slimebound:Defend_Slimebound","Slimebound:Defend_Slimebound","Slimebound:Defend_Slimebound","Slimebound:Split+1","Slimebound:CorrosiveSpit","Slimebound:LeechEnergy+1","Slimebound:Schlurp","Slimebound:PressTheAttack","Slimebound:OneTwoCombo","Slimebound:ServeAndProtect","Slimebound:RainOfGoop","Slimebound:LevelUp","Slimebound:SplitMire+1","Slimebound:TongueLash+1","Slimebound:Prepare","Slimebound:SplitMire"],"relics":["Slimebound:AbsorbEndCombat","Sundial","Gremlin Horn","Molten Egg 2","Odd Mushroom"],"acts_visited":["Exordium"],"potions_floor_usage":[9,9],"damage_taken":[{"damage":16,"enemies":"Small Slimes","floor":2,"turns":3},{"damage":9,"enemies":"Cultist","floor":3,"turns":3},{"damage":9,"enemies":"Jaw Worm","floor":4,"turns":3},{"damage":37,"enemies":"Exordium Thugs","floor":6,"turns":4},{"damage":24,"enemies":"Exordium Wildlife","floor":8,"turns":3},{"damage":45,"enemies":"Lagavulin","floor":9,"turns":4},{"damage":9,"enemies":"3 Louse","floor":11,"turns":2},{"damage":37,"enemies":"3 Sentries","floor":13,"turns":5},{"damage":25,"enemies":"The Mushroom Lair","floor":14,"turns":2},{"damage":31,"enemies":"Exordium Thugs","floor":15,"turns":3},{"damage":48,"enemies":"downfall:Defect","floor":16,"turns":4}],"seed_played":"8665086802858646313","potions_obtained":[{"floor":5,"key":"SkillPotion"},{"floor":5,"key":"SteroidPotion"},{"floor":5,"key":"Weak Potion"},{"floor":6,"key":"Fire Potion"},{"floor":9,"key":"Fruit Juice"},{"floor":13,"key":"Ancient Potion"},{"floor":14,"key":"Explosive Potion"}],"is_trial":false,"path_per_floor":["R","M","M","M","?","M","T","M","E","R","M","R","E","?","M","B"],"character_chosen":"SLIMEBOUND","items_purchased":[],"campfire_rested":0,"item_purchase_floors":[],"current_hp_per_floor":[60,59,60,60,60,39,39,39,27,27,34,34,33,32,21,0,0,0],"gold":306,"neow_bonus":"THREE_CARDS","is_daily":false,"chose_seed":false,"campfire_upgraded":3,"win_rate":0.0,"timestamp":1609119676,"path_taken":["R","M","M","M","?","M","T","?","E","R","M","R","E","?","M","BOSS"],"items_purchased_type":[],"build_version":"2020-12-22","purchased_purges":0,"victory":false,"max_hp_per_floor":[60,60,60,60,60,60,60,60,65,65,65,65,65,65,65,65,65,65],"relic_stats":{"Gremlin Horn":[7,7],"counters":[11,34],"Sundial":[2],"obtain_stats":[{"Gremlin Horn":9,"Sundial":7,"Molten Egg 2":13,"Slimebound:AbsorbEndCombat":0,"Odd Mushroom":14},{"Gremlin Horn":6,"Sundial":4,"Molten Egg 2":8,"Slimebound:AbsorbEndCombat":0,"Odd Mushroom":9},{"Gremlin Horn":20,"Sundial":13,"Molten Egg 2":26,"Slimebound:AbsorbEndCombat":0,"Odd Mushroom":28}]},"card_choices":[{"not_picked":["Slimebound:Chomp","Slimebound:FormOfPuddle"],"picked":"Slimebound:LeechEnergy","floor":0},{"not_picked":["Slimebound:ComboTackle","Slimebound:SplitBruiser"],"picked":"Slimebound:Schlurp","floor":2},{"not_picked":["Slimebound:DivideAndConquer","Slimebound:Schlurp"],"picked":"Slimebound:PressTheAttack","floor":3},{"not_picked":["Slimebound:HauntingLick","Slimebound:SplitAcid"],"picked":"Slimebound:OneTwoCombo","floor":4},{"not_picked":["Slimebound:GrowthPunch","Slimebound:FirmFortitude"],"picked":"Slimebound:ServeAndProtect","floor":6},{"not_picked":["Slimebound:Schlurp","Slimebound:AcidTongue"],"picked":"Slimebound:RainOfGoop","floor":8},{"not_picked":["Slimebound:DivideAndConquer","Slimebound:GrowthPunch"],"picked":"Slimebound:LevelUp","floor":9},{"not_picked":["Slimebound:Nibble","Slimebound:ComboTackle"],"picked":"Slimebound:SplitMire","floor":11},{"not_picked":["Slimebound:SlimeSpikes","Slimebound:SplitAcid"],"picked":"Slimebound:TongueLash+1","floor":13},{"not_picked":["Slimebound:ComboTackle+1","Slimebound:Equalize+1"],"picked":"Slimebound:Prepare","floor":14},{"not_picked":["Slimebound:Overexert","Slimebound:Schlurp"],"picked":"Slimebound:SplitMire","floor":15}],"player_experience":52645,"relics_obtained":[{"floor":7,"key":"Sundial"},{"floor":9,"key":"Gremlin Horn"},{"floor":13,"key":"Molten Egg 2"},{"floor":14,"key":"Odd Mushroom"}],"event_choices":[{"damage_healed":0,"gold_gain":0,"player_choice":"Got Potions","damage_taken":0,"max_hp_gain":0,"max_hp_loss":0,"event_name":"Lab","floor":5,"gold_loss":0},{"damage_healed":0,"gold_gain":0,"player_choice":"Fought Mushrooms","damage_taken":0,"max_hp_gain":0,"max_hp_loss":0,"event_name":"Mushrooms","floor":14,"gold_loss":0}],"is_beta":false,"boss_relics":[],"items_purged_floors":[],"is_endless":false,"potions_floor_spawned":[6,9,13,14],"killed_by":"downfall:Defect","ascension_level":0}}