{"host":"2se5dq1do2gp0x9k","time":1609124834,"event":{"mods":["AchievementEnabler","BaseMod","Block Reminder","Colored Map","Colored Powertips","Minty Spire (QoL Compilation)","Relic Stats","StSLib","SuperFastMode"],"gold_per_floor":[119,138,213,86,102,102,147,147,147,147,167,181,181,215,215,293,293,313,328,328,338,356,386,400,400,426,454,454,466,17,47,47,124,124,143,154,170,1169,1186,1212,1212,1247,1247,1299,1318,1353,623,660,660,660,660],"floor_reached":50,"playtime":2426,"items_purged":["Strike_B","Regret","Clumsy"],"score":1413,"play_id":"25e2b5f7-6836-4f9f-8903-f68fdc0fdf91","local_time":"20201227190714","is_ascension_mode":true,"campfire_choices":[{"data":"Sunder","floor":6.0,"key":"SMITH"},{"data":"Beam Cell","floor":8.0,"key":"SMITH"},{"data":"Leap","floor":10.0,"key":"SMITH"},{"data":"Hologram","floor":13.0,"key":"SMITH"},{"data":"Zap","floor":15.0,"key":"SMITH"},{"data":"Hologram","floor":25.0,"key":"SMITH"},{"data":"Skim","floor":32.0,"key":"SMITH"},{"data":"Hologram","floor":41.0,"key":"SMITH"},{"floor":49.0,"key":"RECALL"}],"circlet_count":0,"master_deck":["AscendersBane","Strike_B","Strike_B","Strike_B","Defend_B","Defend_B","Defend_B","Defend_B","Zap+1","Dualcast+1","Gash","Sunder+1","Beam Cell+1","Leap+1","Hologram+1","Undo+1","All For One","Gash","Gash","Hologram+1","All For One","Skim+1","Reinforced Body","Go for the Eyes","All For One","Hologram+1","Sunder","Coolheaded+1","Turbo"],"relics":["Cracked Core","NeowsBlessing","Centennial Puzzle","Gremlin Horn","Kunai","Cursed Key","White Beast Statue","Boot","Ornamental Fan","Omamori","Lee\u0027s Waffle","Vajra","HornCleat","Snecko Eye","Blood Vial","Toy Ornithopter","Girya","Ancient Tea Set","Potion Belt","Toolbox","War Paint"],"acts_visited":["Exordium","TheCity","TheBeyond"],"potions_floor_usage":[50,50],"damage_taken":[{"damage":0.0,"enemies":"2 Louse","floor":1.0,"turns":1.0},{"damage":0.0,"enemies":"Jaw Worm","floor":2.0,"turns":1.0},{"damage":0.0,"enemies":"Cultist","floor":5.0,"turns":1.0},{"damage":0.0,"enemies":"Looter","floor":11.0,"turns":2.0},{"damage":0.0,"enemies":"3 Louse","floor":12.0,"turns":3.0},{"damage":10.0,"enemies":"3 Sentries","floor":14.0,"turns":5.0},{"damage":8.0,"enemies":"The Guardian","floor":16.0,"turns":13.0},{"damage":12.0,"enemies":"Shell Parasite","floor":18.0,"turns":4.0},{"damage":1.0,"enemies":"3 Byrds","floor":19.0,"turns":4.0},{"damage":0.0,"enemies":"3 Cultists","floor":21.0,"turns":4.0},{"damage":0.0,"enemies":"Cultist and Chosen","floor":22.0,"turns":3.0},{"damage":8.0,"enemies":"Book of Stabbing","floor":23.0,"turns":3.0},{"damage":0.0,"enemies":"Centurion and Healer","floor":24.0,"turns":4.0},{"damage":3.0,"enemies":"Gremlin Leader","floor":27.0,"turns":3.0},{"damage":2.0,"enemies":"Sentry and Sphere","floor":29.0,"turns":3.0},{"damage":3.0,"enemies":"Book of Stabbing","floor":31.0,"turns":4.0},{"damage":40.0,"enemies":"Champ","floor":33.0,"turns":8.0},{"damage":0.0,"enemies":"3 Shapes","floor":35.0,"turns":2.0},{"damage":0.0,"enemies":"Orb Walker","floor":36.0,"turns":4.0},{"damage":0.0,"enemies":"Spire Growth","floor":37.0,"turns":3.0},{"damage":0.0,"enemies":"Jaw Worm Horde","floor":39.0,"turns":2.0},{"damage":0.0,"enemies":"Reptomancer","floor":40.0,"turns":3.0},{"damage":0.0,"enemies":"Nemesis","floor":42.0,"turns":4.0},{"damage":19.0,"enemies":"2 Orb Walkers","floor":44.0,"turns":3.0},{"damage":1.0,"enemies":"Maw","floor":45.0,"turns":5.0},{"damage":11.0,"enemies":"Reptomancer","floor":46.0,"turns":6.0},{"damage":1.0,"enemies":"4 Shapes","floor":48.0,"turns":6.0},{"damage":67,"enemies":"Awakened One","floor":50,"turns":10}],"seed_played":"-5339379949051569463","potions_obtained":[{"floor":2.0,"key":"FearPotion"},{"floor":14.0,"key":"SpeedPotion"},{"floor":16.0,"key":"Weak Potion"},{"floor":18.0,"key":"Ancient Potion"},{"floor":24.0,"key":"Explosive Potion"},{"floor":29.0,"key":"SpeedPotion"},{"floor":31.0,"key":"CultistPotion"},{"floor":33.0,"key":"FocusPotion"},{"floor":36.0,"key":"Block Potion"},{"floor":39.0,"key":"PowerPotion"},{"floor":44.0,"key":"AttackPotion"},{"floor":45.0,"key":"Swift Potion"},{"floor":48.0,"key":"SteroidPotion"}],"is_trial":false,"path_per_floor":["M","M","?","$","M","R","T","R","T","R","M","M","R","E","R","B",null,"M","M","?","M","M","E","M","R","T","E","?","M","$","E","R","B",null,"M","M","M","?","M","E","R","E","T","?","M","E","$","M","R","B"],"character_chosen":"DEFECT","items_purchased":["Beam Cell","Go for the Eyes","Lee\u0027s Waffle","Vajra","Potion Belt","Toolbox","War Paint","CultistPotion"],"campfire_rested":0,"item_purchase_floors":[4,30,30,30,47,47,47,47],"current_hp_per_floor":[64,64,53,53,53,53,53,53,53,53,53,53,53,43,43,35,62,50,49,49,49,49,41,41,41,41,38,38,36,78,75,75,35,67,67,67,67,67,67,67,67,69,69,57,58,49,49,50,50,0,0],"gold":660,"neow_bonus":"THREE_ENEMY_KILL","is_daily":false,"chose_seed":false,"campfire_upgraded":8,"win_rate":0.0,"timestamp":1609124834,"path_taken":["M","M","?","$","M","R","?","R","T","R","M","?","R","E","R","BOSS","M","M","?","M","M","E","M","R","T","E","?","M","$","E","R","BOSS","M","?","M","?","M","E","R","E","T","?","M","E","$","M","R","BOSS"],"items_purchased_type":["Card","Card","Relic","Relic","Relic","Relic","Relic","Potion"],"build_version":"2020-12-22","purchased_purges":3,"victory":false,"max_hp_per_floor":[71,71,71,71,71,71,71,71,71,71,71,71,71,71,71,71,71,71,71,71,71,71,71,71,71,71,71,71,71,78,78,78,78,78,78,78,78,78,78,78,78,78,78,78,78,78,78,78,78,78,78],"relic_stats":{"Lee\u0027s Waffle":42,"Gremlin Horn":[35,35],"counters":[28,114],"War Paint":["Dualcast","Undo"],"Cursed Key":2,"Boot":[150],"Blood Vial":12,"Centennial Puzzle":[42],"Ornamental Fan":[276],"Snecko Eye":[80,87,83,75],"Kunai":[91],"obtain_stats":[{"Potion Belt":47,"Girya":44,"Lee\u0027s Waffle":30,"NeowsBlessing":0,"Gremlin Horn":9,"Vajra":30,"Omamori":28,"War Paint":47,"Cursed Key":17,"Boot":26,"Ancient Tea Set":46,"White Beast Statue":23,"Blood Vial":40,"Centennial Puzzle":7,"HornCleat":31,"Ornamental Fan":27,"Snecko Eye":34,"Toolbox":47,"Kunai":14,"Cracked Core":0,"Toy Ornithopter":42},{"Potion Belt":26,"Girya":24,"Lee\u0027s Waffle":15,"NeowsBlessing":0,"Gremlin Horn":3,"Vajra":15,"Omamori":14,"War Paint":26,"Cursed Key":7,"Boot":13,"Ancient Tea Set":26,"White Beast Statue":12,"Blood Vial":22,"Centennial Puzzle":3,"HornCleat":16,"Ornamental Fan":14,"Snecko Eye":17,"Toolbox":26,"Kunai":6,"Cracked Core":0,"Toy Ornithopter":23},{"Potion Belt":98,"Girya":87,"Lee\u0027s Waffle":54,"NeowsBlessing":0,"Gremlin Horn":3,"Vajra":54,"Omamori":51,"War Paint":98,"Cursed Key":26,"Boot":48,"Ancient Tea Set":98,"White Beast Statue":44,"Blood Vial":80,"Centennial Puzzle":3,"HornCleat":58,"Ornamental Fan":51,"Snecko Eye":66,"Toolbox":98,"Kunai":13,"Cracked Core":0,"Toy Ornithopter":84}],"Toy Ornithopter":15},"card_choices":[{"not_picked":["Leap","Rip and Tear"],"picked":"Gash","floor":1.0},{"not_picked":["Turbo","Conserve Battery"],"picked":"Sunder","floor":2.0},{"not_picked":["Turbo","Streamline"],"picked":"Leap","floor":5.0},{"not_picked":["Stack","Aggregate"],"picked":"Hologram","floor":11.0},{"not_picked":["Turbo","Conserve Battery"],"picked":"Undo","floor":12.0},{"not_picked":["Steam Power","Scrape","Leap"],"picked":"SKIP","floor":14.0},{"not_picked":["Buffer","Reboot"],"picked":"All For One","floor":16.0},{"not_picked":["Loop","Conserve Battery"],"picked":"Gash","floor":18.0},{"not_picked":["Steam","Sweeping Beam"],"picked":"Gash","floor":19.0},{"not_picked":["Beam Cell","Stack"],"picked":"Hologram","floor":21.0},{"not_picked":["Barrage","Capacitor","Beam Cell"],"picked":"SKIP","floor":22.0},{"not_picked":["Meteor Strike","Fusion"],"picked":"All For One","floor":23.0},{"not_picked":["Genetic Algorithm","Streamline+1"],"picked":"Skim","floor":24.0},{"not_picked":["Leap","Beam Cell"],"picked":"Reinforced Body","floor":27.0},{"not_picked":["Rebound","Ball Lightning","Beam Cell"],"picked":"SKIP","floor":29.0},{"not_picked":["Reinforced Body","Beam Cell","Undo"],"picked":"SKIP","floor":31.0},{"not_picked":["Buffer","Biased Cognition"],"picked":"All For One","floor":33.0},{"not_picked":["Beam Cell","Hello World"],"picked":"Hologram","floor":35.0},{"not_picked":["Genetic Algorithm","Storm"],"picked":"Sunder","floor":36.0},{"not_picked":["Storm+1","Chaos","Coolheaded"],"picked":"SKIP","floor":37.0},{"not_picked":["Darkness","Self Repair+1","Heatsinks"],"picked":"SKIP","floor":39.0},{"not_picked":["Capacitor","Melter"],"picked":"Coolheaded+1","floor":40.0},{"not_picked":["Redo","Reprogram","Streamline"],"picked":"SKIP","floor":42.0},{"not_picked":["Leap","Compile Driver"],"picked":"Turbo","floor":45.0},{"not_picked":["Blizzard","Rebound","Fission"],"picked":"SKIP","floor":46.0},{"not_picked":["Go for the Eyes+1","Consume","Barrage"],"picked":"SKIP","floor":48.0}],"player_experience":3619373,"relics_obtained":[{"floor":7.0,"key":"Centennial Puzzle"},{"floor":9.0,"key":"Gremlin Horn"},{"floor":14.0,"key":"Kunai"},{"floor":23.0,"key":"White Beast Statue"},{"floor":26.0,"key":"Boot"},{"floor":27.0,"key":"Ornamental Fan"},{"floor":31.0,"key":"HornCleat"},{"floor":40.0,"key":"Blood Vial"},{"floor":42.0,"key":"Toy Ornithopter"},{"floor":44.0,"key":"Girya"},{"floor":46.0,"key":"Ancient Tea Set"}],"event_choices":[{"damage_healed":0.0,"max_hp_gain":0.0,"max_hp_loss":0.0,"gold_gain":75.0,"event_name":"World of Goop","player_choice":"Gather Gold","floor":3.0,"gold_loss":0.0,"damage_taken":11.0},{"damage_healed":0.0,"max_hp_gain":0.0,"max_hp_loss":0.0,"gold_gain":0.0,"event_name":"The Mausoleum","player_choice":"Ignored","floor":20.0,"gold_loss":0.0,"damage_taken":0.0},{"damage_healed":0.0,"max_hp_gain":0.0,"max_hp_loss":0.0,"gold_gain":0.0,"event_name":"WeMeetAgain","player_choice":"Gave Potion","floor":28.0,"gold_loss":0.0,"damage_taken":0.0,"relics_obtained":["Omamori"]},{"damage_healed":0.0,"max_hp_gain":0.0,"max_hp_loss":0.0,"gold_gain":999.0,"event_name":"MindBloom","player_choice":"Gold","floor":38.0,"gold_loss":0.0,"damage_taken":0.0,"cards_obtained":["Normality","Normality"]},{"damage_healed":0.0,"max_hp_gain":0.0,"max_hp_loss":0.0,"gold_gain":0.0,"event_name":"Mysterious Sphere","player_choice":"Fight","floor":44.0,"gold_loss":0.0,"damage_taken":0.0}],"is_beta":false,"boss_relics":[{"not_picked":["Ectoplasm","Fusion Hammer"],"picked":"Cursed Key"},{"not_picked":["Philosopher\u0027s Stone","SacredBark"],"picked":"Snecko Eye"}],"items_purged_floors":[4,30,47],"is_endless":false,"potions_floor_spawned":[2,14,16,18,22,24,27,29,31,33,35,36,37,39,40,42,44,45,46,48],"killed_by":"Awakened One","ascension_level":20}}