{"host":"7rbm8f2f6g6gk634","time":1609159085,"event":{"mods":["BaseMod","Colored Map","Filter the Spire","Minty Spire (QoL Compilation)","Relic Stats","StSLib"],"gold_per_floor":[115,130,130,59,76,76,108,108,132,82,110,110,120,151,151,247,247,259,275,275,19,35,61,11,11,11,11,36,70,95,27,27,122,122,132,132,132,132,132,132,162,162,187,219,219,230,259,259,259,259],"floor_reached":51,"playtime":5106,"items_purged":[],"score":1084,"play_id":"16102605-cdd6-4f09-b713-b62574bf1cd9","local_time":"20201228133805","is_ascension_mode":true,"campfire_choices":[{"data":"Leg Sweep","floor":6,"key":"SMITH"},{"data":"Sucker Punch","floor":8,"key":"SMITH"},{"data":"Deadly Poison","floor":12,"key":"SMITH"},{"floor":15,"key":"REST"},{"floor":25,"key":"REST"},{"floor":27,"key":"REST"},{"floor":32,"key":"REST"},{"data":"Discovery","floor":40,"key":"SMITH"},{"data":"Noxious Fumes","floor":42,"key":"SMITH"},{"data":"Strike_G","floor":45,"key":"PURGE"},{"data":"Strike_G","floor":49,"key":"PURGE"}],"circlet_count":0,"master_deck":["Defend_G","Defend_G","Defend_G","Defend_G","Defend_G","Survivor","Neutralize","PiercingWail","Sucker Punch+1","Leg Sweep+1","Deadly Poison+1","Backflip","Noxious Fumes+1","Bullet Time","Backflip+1","Calculated Gamble+1","PiercingWail","Apotheosis","Leg Sweep","Blade Dance+1","Bouncing Flask","Footwork+1","Catalyst","Night Terror","Dodge and Roll+1","Discovery+1","Secret Weapon","Trip","Dash","Malaise","Doubt"],"relics":["Snecko Eye","Pen Nib","Bag of Marbles","Toy Ornithopter","Oddly Smooth Stone","SacredBark","Juzu Bracelet","Ornamental Fan","Red Mask","Tingsha","SlaversCollar","Gremlin Horn","Lantern","Happy Flower","Peace Pipe","Ancient Tea Set"],"acts_visited":["Exordium","TheCity","TheBeyond"],"potions_floor_usage":[7,11,14,18,23,28,28,33,44],"damage_taken":[{"damage":0,"enemies":"2 Louse","floor":1,"turns":2},{"damage":2,"enemies":"Jaw Worm","floor":2,"turns":4},{"damage":0,"enemies":"Cultist","floor":5,"turns":4},{"damage":11,"enemies":"Gremlin Nob","floor":7,"turns":4},{"damage":21,"enemies":"Lagavulin","floor":11,"turns":11},{"damage":3,"enemies":"Looter","floor":13,"turns":2},{"damage":12,"enemies":"Gremlin Nob","floor":14,"turns":5},{"damage":11,"enemies":"Hexaghost","floor":16,"turns":11},{"damage":4,"enemies":"Spheric Guardian","floor":18,"turns":5},{"damage":0,"enemies":"Shell Parasite","floor":19,"turns":7},{"damage":0,"enemies":"Sentry and Sphere","floor":22,"turns":4},{"damage":47,"enemies":"Gremlin Leader","floor":23,"turns":8},{"damage":7,"enemies":"Slavers","floor":28,"turns":7},{"damage":15,"enemies":"Masked Bandits","floor":29,"turns":5},{"damage":24,"enemies":"Gremlin Leader","floor":30,"turns":9},{"damage":49,"enemies":"Champ","floor":33,"turns":16},{"damage":25,"enemies":"3 Shapes","floor":35,"turns":5},{"damage":14,"enemies":"Giant Head","floor":41,"turns":8},{"damage":13,"enemies":"Nemesis","floor":44,"turns":7},{"damage":19,"enemies":"3 Darklings","floor":46,"turns":5},{"damage":2,"enemies":"Giant Head","floor":47,"turns":6},{"damage":15,"enemies":"Awakened One","floor":50,"turns":10}],"seed_played":"-2466818120668449536","potions_obtained":[{"floor":2,"key":"Fire Potion"},{"floor":5,"key":"GamblersBrew"},{"floor":11,"key":"Swift Potion"},{"floor":13,"key":"Energy Potion"},{"floor":18,"key":"Weak Potion"},{"floor":23,"key":"PowerPotion"},{"floor":30,"key":"Fruit Juice"},{"floor":33,"key":"FearPotion"},{"floor":41,"key":"Explosive Potion"},{"floor":47,"key":"Ancient Potion"}],"is_trial":false,"path_per_floor":["M","M","?","$","M","R","E","R","T","?","E","R","M","E","R","B",null,"M","M","?","$","M","E","$","R","T","R","E","?","E","$","R","B",null,"M","T","?","?","?","R","E","R","T","E","R","M","E","?","R","B",null],"character_chosen":"THE_SILENT","items_purchased":["Leg Sweep","Apotheosis","Leg Sweep","BlessingOfTheForge","Catalyst"],"campfire_rested":4,"item_purchase_floors":[4,21,21,24,31],"current_hp_per_floor":[63,61,61,61,61,61,50,50,50,50,29,29,26,19,40,29,60,61,61,61,61,61,19,19,40,40,61,63,48,24,24,45,11,63,38,38,38,28,70,70,56,56,56,48,48,29,27,70,70,55],"gold":259,"neow_bonus":"BOSS_RELIC","is_daily":false,"chose_seed":false,"campfire_upgraded":5,"win_rate":0.0,"timestamp":1609159085,"path_taken":["M","M","?","?","M","R","E","R","T","?","E","R","M","E","R","BOSS","M","M","?","$","?","E","$","R","T","R","E","?","E","?","R","BOSS","M","?","?","?","?","R","E","R","T","E","R","M","E","?","R","BOSS"],"items_purchased_type":["Card","Card","Card","Potion","Card"],"build_version":"2020-12-22","purchased_purges":0,"victory":true,"max_hp_per_floor":[70,70,70,70,70,70,70,70,70,70,70,70,70,70,70,70,70,70,70,70,70,70,70,70,70,70,70,70,70,70,70,70,80,80,80,80,80,80,70,70,70,70,70,70,70,70,70,70,70,70],"relic_stats":{"Peace Pipe":2,"Gremlin Horn":[4,4],"Happy Flower":[9],"counters":[22,145],"Ornamental Fan":[112],"Snecko Eye":[279,289,276,259],"Tingsha":[156],"Pen Nib":[24],"Juzu Bracelet":1,"obtain_stats":[{"Lantern":41,"Gremlin Horn":36,"Happy Flower":43,"SacredBark":17,"Oddly Smooth Stone":14,"Tingsha":30,"Pen Nib":7,"Juzu Bracelet":23,"Ancient Tea Set":47,"Peace Pipe":44,"SlaversCollar":34,"Ornamental Fan":28,"Snecko Eye":0,"Bag of Marbles":9,"Red Mask":29,"Toy Ornithopter":11,"Ring of the Snake":0},{"Lantern":18,"Gremlin Horn":17,"Happy Flower":18,"SacredBark":8,"Oddly Smooth Stone":7,"Tingsha":15,"Pen Nib":4,"Juzu Bracelet":12,"Ancient Tea Set":21,"Peace Pipe":19,"SlaversCollar":16,"Ornamental Fan":13,"Snecko Eye":0,"Bag of Marbles":4,"Red Mask":14,"Toy Ornithopter":5,"Ring of the Snake":0},{"Lantern":117,"Gremlin Horn":109,"Happy Flower":117,"SacredBark":43,"Oddly Smooth Stone":32,"Tingsha":88,"Pen Nib":14,"Juzu Bracelet":67,"Ancient Tea Set":135,"Peace Pipe":124,"SlaversCollar":104,"Ornamental Fan":74,"Snecko Eye":0,"Bag of Marbles":14,"Red Mask":79,"Toy Ornithopter":25,"Ring of the Snake":0}],"Toy Ornithopter":34},"card_choices":[{"not_picked":["Deflect","Dodge and Roll"],"picked":"PiercingWail","floor":1},{"not_picked":["Poisoned Stab","Caltrops"],"picked":"Sucker Punch","floor":2},{"not_picked":["Dodge and Roll","Prepared"],"picked":"Deadly Poison","floor":5},{"not_picked":["Cloak And Dagger","Well Laid Plans","Deflect"],"picked":"SKIP","floor":7},{"not_picked":["Finisher","Deflect"],"picked":"Backflip","floor":11},{"not_picked":["Dagger Throw","Outmaneuver","Finisher"],"picked":"SKIP","floor":13},{"not_picked":["Deflect","Choke"],"picked":"Noxious Fumes","floor":14},{"not_picked":["Corpse Explosion","Grand Finale"],"picked":"Bullet Time","floor":16},{"not_picked":["Setup","Distraction"],"picked":"Backflip+1","floor":18},{"not_picked":["Well Laid Plans+1","Dagger Spray"],"picked":"Calculated Gamble+1","floor":19},{"not_picked":["Tactician","Expertise"],"picked":"Blade Dance+1","floor":22},{"not_picked":["Deflect","Infinite Blades","Backflip"],"picked":"SKIP","floor":23},{"not_picked":["Outmaneuver","Deflect"],"picked":"Bouncing Flask","floor":28},{"not_picked":["Outmaneuver","Tactician"],"picked":"Footwork+1","floor":30},{"not_picked":["Adrenaline","Doppelganger"],"picked":"Night Terror","floor":33},{"not_picked":["Slice","Poisoned Stab+1"],"picked":"Dodge and Roll+1","floor":35},{"not_picked":["Trip","Magnetism"],"picked":"Discovery","floor":38},{"not_picked":["Blind","Trip"],"picked":"Secret Weapon","floor":38},{"not_picked":["Apotheosis","Panache"],"picked":"Trip","floor":38},{"not_picked":["Dodge and Roll","Outmaneuver+1","Dagger Throw"],"picked":"SKIP","floor":41},{"not_picked":["Well Laid Plans","Noxious Fumes","Dagger Throw"],"picked":"SKIP","floor":44},{"not_picked":["Footwork+1","Flying Knee"],"picked":"Dash","floor":46},{"not_picked":["Heel Hook+1","Sucker Punch"],"picked":"Malaise","floor":47}],"player_experience":351658,"relics_obtained":[{"floor":7,"key":"Pen Nib"},{"floor":9,"key":"Bag of Marbles"},{"floor":11,"key":"Toy Ornithopter"},{"floor":14,"key":"Oddly Smooth Stone"},{"floor":23,"key":"Juzu Bracelet"},{"floor":28,"key":"Ornamental Fan"},{"floor":29,"key":"Red Mask"},{"floor":30,"key":"Tingsha"},{"floor":36,"key":"Gremlin Horn"},{"floor":41,"key":"Lantern"},{"floor":43,"key":"Happy Flower"},{"floor":44,"key":"Peace Pipe"},{"floor":47,"key":"Ancient Tea Set"}],"event_choices":[{"damage_healed":0,"gold_gain":0,"player_choice":"Ignored","damage_taken":0,"max_hp_gain":0,"max_hp_loss":0,"event_name":"Liars Game","floor":3,"gold_loss":0},{"cards_removed":["Strike_G"],"damage_healed":0,"gold_gain":0,"player_choice":"Card Removal","damage_taken":0,"max_hp_gain":0,"max_hp_loss":0,"event_name":"The Cleric","floor":10,"gold_loss":50},{"damage_healed":0,"gold_gain":0,"cards_transformed":["Strike_G"],"player_choice":"Transformed","damage_taken":0,"max_hp_gain":0,"max_hp_loss":0,"event_name":"Transmorgrifier","floor":20,"gold_loss":0,"cards_obtained":["PiercingWail"]},{"damage_healed":0,"gold_gain":0,"player_choice":"Fought Bandits","damage_taken":0,"max_hp_gain":0,"max_hp_loss":0,"event_name":"Masked Bandits","floor":29,"gold_loss":0},{"cards_removed":["Strike_G"],"damage_healed":0,"gold_gain":0,"player_choice":"Purged","damage_taken":0,"max_hp_gain":0,"max_hp_loss":0,"event_name":"Purifier","floor":37,"gold_loss":0},{"damage_healed":0,"gold_gain":0,"player_choice":"Memory 3","damage_taken":10,"max_hp_gain":0,"max_hp_loss":0,"event_name":"SensoryStone","floor":38,"gold_loss":0},{"damage_healed":70,"gold_gain":0,"player_choice":"Heal","damage_taken":0,"max_hp_gain":0,"max_hp_loss":10,"event_name":"The Moai Head","floor":39,"gold_loss":0},{"damage_healed":43,"gold_gain":0,"player_choice":"Heal","damage_taken":0,"max_hp_gain":0,"max_hp_loss":0,"event_name":"MindBloom","floor":48,"gold_loss":0,"cards_obtained":["Doubt"]}],"is_beta":false,"boss_relics":[{"not_picked":["Runic Dome","Cursed Key"],"picked":"SacredBark"},{"not_picked":["Black Star","Tiny House"],"picked":"SlaversCollar"}],"items_purged_floors":[],"is_endless":false,"potions_floor_spawned":[2,5,11,13,18,23,30,33,41,47],"ascension_level":7}}