{"host":"vumwfieg2b2mnrfl","time":1609199579,"event":{"mods":["AchievementEnabler","BaseMod","Minty Spire (QoL Compilation)","Rare Cards Sparkle","Relic Stats"],"gold_per_floor":[117,192,210,360,285,317,334,364,364,77,94,94,126,140,140,214,214,233,283,283,299,299,299,325,325,350,350,362,375,375,392,392,392,392],"floor_reached":33,"playtime":1158,"items_purged":[],"score":543,"play_id":"94499dfa-d74e-4ad8-aeb3-66f6a7a32a76","local_time":"20201228175258","is_ascension_mode":true,"campfire_choices":[{"data":"Bash","floor":15,"key":"SMITH"},{"data":"Metallicize","floor":23,"key":"SMITH"},{"data":"Shrug It Off","floor":25,"key":"SMITH"},{"data":"Clothesline","floor":27,"key":"SMITH"},{"floor":32,"key":"REST"}],"circlet_count":0,"master_deck":["AscendersBane","Strike_R","Strike_R","Defend_R","Defend_R","Defend_R","Bash+1","Clothesline+1","Metallicize+1","Shrug It Off+1","Carnage","Headbutt+1","Rampage+1","Iron Wave+1","Hemokinesis+1","Impervious","Uppercut+1","Feel No Pain+1","Reaper+1","Pommel Strike+1","Inflame+1","Metallicize+1"],"relics":["Burning Blood","NeowsBlessing","StrikeDummy","Eternal Feather","Self Forming Clay","Molten Egg 2","Bag of Preparation","Astrolabe","Charon\u0027s Ashes","Frozen Egg 2","Red Skull"],"acts_visited":["Exordium","TheCity"],"potions_floor_usage":[24,33,33],"damage_taken":[{"damage":0,"enemies":"2 Louse","floor":1,"turns":1},{"damage":0,"enemies":"Jaw Worm","floor":3,"turns":1},{"damage":0,"enemies":"Lagavulin","floor":6,"turns":1},{"damage":0,"enemies":"Small Slimes","floor":7,"turns":3},{"damage":35,"enemies":"3 Sentries","floor":8,"turns":11},{"damage":4,"enemies":"Blue Slaver","floor":11,"turns":3},{"damage":9,"enemies":"Gremlin Nob","floor":13,"turns":4},{"damage":8,"enemies":"3 Louse","floor":14,"turns":2},{"damage":31,"enemies":"The Guardian","floor":16,"turns":9},{"damage":23,"enemies":"Spheric Guardian","floor":18,"turns":6},{"damage":8,"enemies":"Chosen","floor":21,"turns":4},{"damage":27,"enemies":"Slavers","floor":24,"turns":7},{"damage":6,"enemies":"3 Cultists","floor":28,"turns":5},{"damage":31,"enemies":"Snake Plant","floor":29,"turns":5},{"damage":31,"enemies":"Cultist and Chosen","floor":31,"turns":8},{"damage":95,"enemies":"Champ","floor":33,"turns":10}],"seed_played":"-3778370384119371241","potions_obtained":[{"floor":1,"key":"SneckoOil"},{"floor":7,"key":"BloodPotion"},{"floor":14,"key":"DuplicationPotion"},{"floor":28,"key":"Strength Potion"}],"is_trial":false,"path_per_floor":["M","?","M","?","?","E","M","E","T","$","M","?","E","M","R","B",null,"M","?","T","M","$","R","E","R","T","R","M","M","?","M","R","B"],"character_chosen":"IRONCLAD","items_purchased":["Molten Egg 2","Headbutt+1"],"campfire_rested":1,"item_purchase_floors":[10,10],"current_hp_per_floor":[74,63,69,69,69,75,75,46,46,46,48,48,45,43,52,27,63,46,46,46,44,44,56,57,69,69,75,75,50,50,25,59,0,0],"gold":392,"neow_bonus":"THREE_ENEMY_KILL","is_daily":false,"chose_seed":false,"campfire_upgraded":4,"win_rate":0.0,"timestamp":1609199578,"path_taken":["M","?","M","?","?","E","?","E","T","$","M","?","E","M","R","BOSS","M","?","?","M","$","R","E","R","T","R","M","M","?","?","R","BOSS"],"items_purchased_type":["Relic","Card"],"build_version":"2020-12-22","purchased_purges":0,"victory":false,"max_hp_per_floor":[75,75,75,75,75,75,75,75,75,75,75,75,75,75,75,75,75,75,75,75,75,75,75,75,75,75,75,75,75,75,75,75,75,75],"relic_stats":{"counters":[16,80],"Self Forming Clay":[126],"Astrolabe":["Uppercut","Feel No Pain","Reaper"],"Eternal Feather":51,"Charon\u0027s Ashes":[79],"Bag of Preparation":[18],"obtain_stats":[{"NeowsBlessing":0,"Self Forming Clay":9,"Astrolabe":17,"Eternal Feather":8,"Molten Egg 2":10,"Charon\u0027s Ashes":20,"Bag of Preparation":13,"Frozen Egg 2":24,"StrikeDummy":6,"Burning Blood":0,"Red Skull":26},{"NeowsBlessing":0,"Self Forming Clay":5,"Astrolabe":9,"Eternal Feather":5,"Molten Egg 2":5,"Charon\u0027s Ashes":10,"Bag of Preparation":7,"Frozen Egg 2":12,"StrikeDummy":3,"Burning Blood":0,"Red Skull":12},{"NeowsBlessing":0,"Self Forming Clay":17,"Astrolabe":35,"Eternal Feather":17,"Molten Egg 2":17,"Charon\u0027s Ashes":41,"Bag of Preparation":24,"Frozen Egg 2":52,"StrikeDummy":3,"Burning Blood":0,"Red Skull":52}],"Burning Blood":84},"card_choices":[{"not_picked":["Carnage","Wild Strike"],"picked":"Clothesline","floor":1},{"not_picked":["True Grit","Clash","Flex"],"picked":"SKIP","floor":3},{"not_picked":["Impervious","Twin Strike"],"picked":"Metallicize","floor":6},{"not_picked":["Sword Boomerang","Anger"],"picked":"Shrug It Off","floor":7},{"not_picked":["Dual Wield","Sentinel"],"picked":"Carnage","floor":8},{"not_picked":["Evolve","Shockwave"],"picked":"Rampage+1","floor":11},{"not_picked":["Perfected Strike+1","Shrug It Off"],"picked":"Hemokinesis+1","floor":13},{"not_picked":["Havoc","Flex","Power Through"],"picked":"SKIP","floor":14},{"not_picked":["Exhume","Immolate+1"],"picked":"Impervious","floor":16},{"not_picked":["Bloodletting","Second Wind"],"picked":"Pommel Strike+1","floor":18},{"not_picked":["Iron Wave+1","Blood for Blood+1","Searing Blow+1"],"picked":"SKIP","floor":21},{"not_picked":["Headbutt+1","Sword Boomerang+1"],"picked":"Inflame+1","floor":24},{"not_picked":["Pommel Strike+1","Body Slam+1","Seeing Red"],"picked":"SKIP","floor":28},{"not_picked":["Hemokinesis+1","Rupture+1"],"picked":"Metallicize+1","floor":29},{"not_picked":["Warcry","Flex","Rage"],"picked":"SKIP","floor":31}],"player_experience":321630,"relics_obtained":[{"floor":6,"key":"StrikeDummy"},{"floor":8,"key":"Eternal Feather"},{"floor":9,"key":"Self Forming Clay"},{"floor":13,"key":"Bag of Preparation"},{"floor":20,"key":"Charon\u0027s Ashes"},{"floor":24,"key":"Frozen Egg 2"},{"floor":26,"key":"Red Skull"}],"event_choices":[{"damage_healed":0,"gold_gain":75,"player_choice":"Gather Gold","damage_taken":11,"max_hp_gain":0,"max_hp_loss":0,"event_name":"World of Goop","floor":2,"gold_loss":0},{"damage_healed":0,"gold_gain":150,"player_choice":"AGREE","damage_taken":0,"max_hp_gain":0,"max_hp_loss":0,"event_name":"Liars Game","floor":4,"gold_loss":0,"cards_obtained":["Doubt"]},{"cards_removed":["Doubt"],"damage_healed":0,"gold_gain":0,"player_choice":"Card Removal","damage_taken":0,"max_hp_gain":0,"max_hp_loss":0,"event_name":"The Cleric","floor":5,"gold_loss":75},{"damage_healed":0,"gold_gain":0,"cards_transformed":["Strike_R"],"player_choice":"Transformed","damage_taken":0,"max_hp_gain":0,"max_hp_loss":0,"event_name":"Transmorgrifier","floor":12,"gold_loss":0,"cards_obtained":["Iron Wave"]},{"damage_healed":0,"gold_gain":50,"player_choice":"Stole From Cult","damage_taken":0,"max_hp_gain":0,"max_hp_loss":0,"event_name":"Nest","floor":19,"gold_loss":0},{"damage_healed":0,"gold_gain":0,"player_choice":"Ignored","damage_taken":0,"max_hp_gain":0,"max_hp_loss":0,"event_name":"Vampires","floor":30,"gold_loss":0}],"is_beta":false,"boss_relics":[{"not_picked":["Black Blood","Empty Cage"],"picked":"Astrolabe"}],"items_purged_floors":[],"is_endless":false,"potions_floor_spawned":[1,7,14,18,28,29],"killed_by":"Champ","ascension_level":15}}