{"host":"f4n39520dv0p5qms","time":1609160373,"event":{"mods":["AchievementEnabler","BaseMod","Colored Powertips","DeckTracker","Downfall","Infinite Spire","Minty Spire (QoL Compilation)","Replay The Spire","Shop Mod","StSLib","The Bug Knight","The Servant 0.9.4"],"gold_per_floor":[112,34,87,97,97,97,125,125,125,125,139,152,179,195,195,300,300,311,324,335,335,65,65,80,30,57,57,68,68,5,5,5,5,5],"floor_reached":33,"playtime":1372,"items_purged":["Writhe","Languid","Writhe"],"score":270,"play_id":"b3f32d7c-ef1e-476e-b130-83a02e6e56e7","local_time":"20201228155933","is_ascension_mode":false,"campfire_choices":[{"data":"HollowMod:VengefulVoid","floor":6,"key":"SMITH"},{"data":"HollowMod:ShapeofUnn","floor":8,"key":"SMITH"},{"data":"HollowMod:SlysStrikes","floor":15,"key":"SMITH"},{"floor":23,"key":"RECALL"},{"data":"HollowMod:LifebloodCocoon","floor":27,"key":"SMITH"},{"floor":32,"key":"REST"}],"circlet_count":0,"master_deck":["HollowMod:NailStrikeStart","HollowMod:NailStrikeStart","HollowMod:NailStrikeStart","HollowMod:NailStrikeStart","HollowMod:QuickDashStart","HollowMod:QuickDashStart","HollowMod:QuickDashStart","HollowMod:QuickDashStart","HollowMod:FocusHealStart+1","HollowMod:PogoStrike","HollowMod:DashSlash","HollowMod:ShapeofUnn+1","HollowMod:LifebloodCocoon+1","HollowMod:VengefulVoid+1","HollowMod:DashSlash","HollowMod:SlysStrikes+1","HollowMod:DoubleDash","HollowMod:MidwifesHunger+1","HollowMod:DoubleDash+1","HollowMod:DescendingDark+1","HollowMod:ZotesMagnificence","HollowMod:WraithStrike","HollowMod:CloakDash+1"],"relics":["HollowMod:VesselMask","NeowsBlessing","Lantern","Mirror","Pantograph","Replay:Ancient Bell","Happy Flower","HollowMod:MantisClawRelic","Gambling Chip","Membership Card","infinitespire:Beetle Shell","Oddly Smooth Stone"],"acts_visited":["Exordium","TheCity"],"potions_floor_usage":[14,16,16,16,24,33],"damage_taken":[{"damage":0,"enemies":"2 Louse","floor":1,"turns":1},{"damage":0,"enemies":"Cultist","floor":4,"turns":1},{"damage":0,"enemies":"3 Sentries","floor":7,"turns":2},{"damage":1,"enemies":"Jaw Worm","floor":11,"turns":4},{"damage":3,"enemies":"Blue Slaver","floor":12,"turns":4},{"damage":31,"enemies":"Gremlin Gang","floor":14,"turns":7},{"damage":49,"enemies":"Hexaghost","floor":16,"turns":12},{"damage":27,"enemies":"Spheric Guardian","floor":18,"turns":7},{"damage":1,"enemies":"Chosen","floor":19,"turns":6},{"damage":13,"enemies":"Snake Plant","floor":20,"turns":7},{"damage":36,"enemies":"3 Cultists","floor":24,"turns":8},{"damage":20,"enemies":"Snecko","floor":28,"turns":4},{"damage":34,"enemies":"Colosseum Slavers","floor":29,"turns":5},{"damage":86,"enemies":"Automaton","floor":33,"turns":8}],"seed_played":"256980116984497916","potions_obtained":[{"floor":3,"key":"Reflective Coating"},{"floor":11,"key":"SkillPotion"},{"floor":12,"key":"Strength Potion"},{"floor":14,"key":"Fire Potion"},{"floor":16,"key":"Fire Potion"},{"floor":18,"key":"Dexterity Potion"},{"floor":24,"key":"ColorlessPotion"}],"is_trial":false,"path_per_floor":["M","$","?","M","?","R","E","R","T","?","M","M","T","M","R","B",null,"M","M","M","?","$","R","M","$","T","R","M","?","$","?","R","B"],"character_chosen":"THE_BUGKNIGHT","items_purchased":["HollowMod:ShapeofUnn","Membership Card","infinitespire:Beetle Shell"],"campfire_rested":1,"item_purchase_floors":[2,22,22],"current_hp_per_floor":[75,75,57,57,62,62,62,62,62,62,67,70,70,45,45,31,80,59,68,65,65,65,65,39,39,39,39,25,1,1,27,51,0,0],"gold":5,"neow_bonus":"THREE_ENEMY_KILL","is_daily":false,"chose_seed":false,"campfire_upgraded":4,"win_rate":0.0,"timestamp":1609160373,"path_taken":["M","$","?","?","?","R","E","R","T","?","M","M","?","M","R","BOSS","M","M","?","?","?","R","M","$","T","R","M","?","$","?","R","BOSS"],"items_purchased_type":["Card","Relic","Relic"],"build_version":"2020-12-22","purchased_purges":3,"victory":false,"max_hp_per_floor":[75,75,75,75,80,80,80,80,80,80,80,80,80,80,80,80,80,80,80,80,80,80,80,80,80,80,80,80,80,80,80,80,80,80],"card_choices":[{"not_picked":["HollowMod:SoulStrike","HollowMod:CycloneSlash"],"picked":"HollowMod:DashSlash","floor":1},{"not_picked":["HollowMod:NewJinnsSoul","HollowMod:CycloneSlash"],"picked":"HollowMod:LifebloodCocoon","floor":3},{"not_picked":["HollowMod:InfectedAttack","HollowMod:DescendingDark"],"picked":"HollowMod:VengefulVoid","floor":4},{"not_picked":["HollowMod:CornifersMapStart","HollowMod:SoulStrike"],"picked":"HollowMod:DashSlash","floor":7},{"not_picked":["HollowMod:TaintedHusks","HollowMod:NewJinnsSoul"],"picked":"HollowMod:SlysStrikes","floor":11},{"not_picked":["HollowMod:SoulShaman","HollowMod:SharpenedNail","HollowMod:FastStrike"],"picked":"SKIP","floor":12},{"not_picked":["HollowMod:DashSlash","HollowMod:LifebloodCocoon"],"picked":"HollowMod:DoubleDash","floor":14},{"not_picked":["HollowMod:ElderbugsWisdom","HollowMod:LifebloodCore"],"picked":"HollowMod:MidwifesHunger","floor":16},{"not_picked":["Amnesia","hexamod:Haunted"],"picked":"Languid","floor":17},{"not_picked":["ReplayTheSpireMod:Splinters","Amnesia"],"picked":"Writhe","floor":17},{"not_picked":["sneckomod:Bewildered","Pain"],"picked":"Writhe","floor":17},{"not_picked":["HollowMod:SharpenedNail","HollowMod:DesolateDive"],"picked":"HollowMod:DoubleDash+1","floor":18},{"not_picked":["HollowMod:MonarchWings","HollowMod:CloakDash"],"picked":"HollowMod:DescendingDark+1","floor":19},{"not_picked":["HollowMod:FallenFury","HollowMod:DungDefenderAura+1"],"picked":"HollowMod:ZotesMagnificence","floor":20},{"not_picked":["HollowMod:HowlingWraiths","HollowMod:TaintedHusks"],"picked":"HollowMod:WraithStrike","floor":24},{"not_picked":["HollowMod:MothsMistake","HollowMod:HowlingWraiths"],"picked":"HollowMod:CloakDash+1","floor":28}],"player_experience":134179,"relics_obtained":[{"floor":3,"key":"Lantern"},{"floor":7,"key":"Mirror"},{"floor":9,"key":"Pantograph"},{"floor":26,"key":"Oddly Smooth Stone"}],"event_choices":[{"damage_healed":0,"gold_gain":0,"player_choice":"Donut","damage_taken":0,"max_hp_gain":5,"max_hp_loss":0,"event_name":"Big Fish","floor":5,"gold_loss":0},{"damage_healed":0,"gold_gain":0,"player_choice":"Upgraded","damage_taken":0,"max_hp_gain":0,"max_hp_loss":0,"event_name":"Upgrade Shrine","floor":21,"gold_loss":0,"cards_upgraded":["HollowMod:MidwifesHunger"]},{"damage_healed":0,"gold_gain":0,"player_choice":"Fight","damage_taken":0,"max_hp_gain":0,"max_hp_loss":0,"event_name":"Colosseum","floor":29,"gold_loss":0},{"damage_healed":0,"gold_gain":0,"player_choice":"Fled From Nobs","damage_taken":0,"max_hp_gain":0,"max_hp_loss":0,"event_name":"Colosseum","floor":29,"gold_loss":0},{"damage_healed":26,"gold_gain":0,"player_choice":"Heal","damage_taken":0,"max_hp_gain":0,"max_hp_loss":0,"event_name":"The Library","floor":31,"gold_loss":0}],"is_beta":false,"boss_relics":[{"not_picked":["ReplayTheSpireMod:SealedPack","Busted Crown"],"picked":"Replay:Ancient Bell"},{"not_picked":["Pen Nib","Potion Belt"],"picked":"Happy Flower"},{"not_picked":["infinitespire:Eraser","infinitespire:Broken Mirror"],"picked":"HollowMod:MantisClawRelic"},{"not_picked":["Dead Branch","Girya"],"picked":"Gambling Chip"}],"items_purged_floors":[22,25,30],"is_endless":false,"potions_floor_spawned":[11,12,14,16,18,24,29],"killed_by":"Automaton","ascension_level":0}}