{"host":"792mtbovsoa03nb3","time":1609187281,"event":{"mods":["BaseMod","Colored Map","Dota2Spire","Downfall","Hubris","Infinite Spire","Minty Spire (QoL Compilation)","Replay The Spire","Spicy Shops","StSLib","The Blue Laboratory","The Jungle"],"gold_per_floor":[110,110,110,125,142,175,175,194,265,265,265],"floor_reached":10,"playtime":285,"items_purged":[],"score":92,"play_id":"12a9fb85-0b79-412e-8465-dc16e4cd6b0d","local_time":"20201228122801","is_ascension_mode":true,"campfire_choices":[{"data":"Madness","floor":7,"key":"SMITH"}],"circlet_count":0,"master_deck":["Strike_R","Strike_R","Strike_R","Strike_R","Defend_R","Defend_R","Defend_R","Defend_R","Bash","Madness+1","infinitespire:OneForAll","ReplayTheSpireMod:Stacked","Spot Weakness","Searing Blow"],"relics":["Burning Blood","hubris:Icosahedron","Gambling Chip","Bottled Flame"],"acts_visited":["Exordium"],"potions_floor_usage":[10,10],"damage_taken":[{"damage":2,"enemies":"2 Louse","floor":1,"turns":3},{"damage":12,"enemies":"Jaw Worm","floor":4,"turns":2},{"damage":1,"enemies":"Cultist","floor":5,"turns":4},{"damage":40,"enemies":"3 Sentries","floor":6,"turns":10},{"damage":10,"enemies":"3 Louse","floor":8,"turns":6},{"damage":54,"enemies":"Gremlin Nob","floor":10,"turns":4}],"seed_played":"-1853134471313023482","potions_obtained":[{"floor":6,"key":"blueLaboratory:FrostheartPotion"},{"floor":8,"key":"blueLaboratory:ConflagurationPotion"}],"is_trial":false,"path_per_floor":["M","?","?","M","M","E","R","M","T","E"],"character_chosen":"IRONCLAD","items_purchased":[],"campfire_rested":0,"item_purchase_floors":[],"current_hp_per_floor":[76,76,76,70,75,41,41,37,37,0,0],"gold":265,"neow_bonus":"RANDOM_COLORLESS","is_daily":false,"chose_seed":false,"campfire_upgraded":1,"win_rate":0.0,"timestamp":1609187281,"path_taken":["M","?","?","?","M","E","R","M","T","E"],"items_purchased_type":[],"build_version":"2020-12-22","purchased_purges":0,"victory":false,"max_hp_per_floor":[80,80,80,80,80,80,80,80,80,80,80],"card_choices":[{"not_picked":["Jack Of All Trades","expansioncontent:ManipulateTime"],"picked":"Madness","floor":0},{"not_picked":["Iron Wave","Burning Pact"],"picked":"infinitespire:OneForAll","floor":1},{"not_picked":["Thunderclap","Dark Embrace"],"picked":"ReplayTheSpireMod:Stacked","floor":4},{"not_picked":["Shrug It Off","Hemokinesis"],"picked":"Spot Weakness","floor":5},{"not_picked":["Twin Strike","Bloodletting"],"picked":"Searing Blow","floor":6},{"not_picked":["Clothesline","Heavy Blade","Replay:Undeath\u0027s Touch"],"picked":"SKIP","floor":8}],"player_experience":805730,"relics_obtained":[{"floor":6,"key":"Gambling Chip"},{"floor":9,"key":"Bottled Flame"}],"event_choices":[],"is_beta":false,"boss_relics":[],"items_purged_floors":[],"is_endless":false,"potions_floor_spawned":[6,8],"killed_by":"Gremlin Nob","ascension_level":7}}