{"host":"i0m9g0siyue4991n","time":1609129914,"event":{"mods":["ATMod(阿瑾Mod)","Act Like it!","BaseMod","BetterRewards","CapriCore","Challenge The Spire","Custom Start","Decade(王小明)","Friendly Minions","Gensokyo","Minty Spire (QoL Compilation)","Quick Restart","Reimu（博丽灵梦）","RumiaBox-露米娅的神秘盒子","StSLib","The Animator","The Immortal","TheWitcher"],"gold_per_floor":[110,110,110,128,128,128,53,87,111,126,159,159,63,86,86,179,179,197,197,215,215,238,273,291,93,116,198,211,211,211],"floor_reached":29,"playtime":1060,"items_purged":["Strike_Lin:ReiMu","Strike_Lin:ReiMu"],"score":455,"play_id":"c468b02c-fc30-482f-9138-c389a2386f1e","local_time":"20201228123154","is_ascension_mode":true,"campfire_choices":[{"data":"NB:ReiMu","floor":6,"key":"SMITH"},{"data":"RunawayExorcism:ReiMu","floor":12,"key":"SMITH"},{"data":"ManaGlint:ReiMu","floor":15,"key":"SMITH"}],"circlet_count":0,"master_deck":["AscendersBane","Strike_Lin:ReiMu","Strike_Lin:ReiMu","Defend_Lin:ReiMu","Defend_Lin:ReiMu","Defend_Lin:ReiMu","Defend_Lin:ReiMu","NB:ReiMu+1","Stagnation:ReiMu","AT_FamilyPortrait+1","ManaGlint:ReiMu+1","Gathering:ReiMu","FineLineFantasy:ReiMu","Enchanting:ReiMu","RunawayExorcism:ReiMu+1","Meditation:ReiMu","CleanRite:ReiMu","RainPray2:ReiMu","Dreaming2:ReiMu","TakeOff:ReiMu","YinYangSange:ReiMu","Gensokyo:Shovel","Gensokyo:ExoticEgg","Gensokyo:DepletedGenerator","SafetyPray:ReiMu"],"relics":["FlyPower:ReiMu","AT_ATBox","NeowsBlessing","Golden Idol","Tiny Chest","Smiling Mask","AT_GreenNoBalance","Oddly Smooth Stone","Runic Pyramid","Gensokyo:SongOfSouls","Strawberry","Mastiff:ReiMu"],"acts_visited":["Exordium","Exordium"],"potions_floor_usage":[8,16,23,23,28],"damage_taken":[{"damage":0,"enemies":"2 Louse","floor":1,"turns":1},{"damage":0,"enemies":"Jaw Worm","floor":4,"turns":1},{"damage":0,"enemies":"3 Sentries","floor":8,"turns":1},{"damage":0,"enemies":"Cultist","floor":10,"turns":3},{"damage":18,"enemies":"Gremlin Nob","floor":11,"turns":4},{"damage":26,"enemies":"Hexaghost","floor":16,"turns":11},{"damage":27,"enemies":"Gensokyo:2_Gloops","floor":18,"turns":6},{"damage":16,"enemies":"Gensokyo:CosmicMonolith","floor":20,"turns":6},{"damage":12,"enemies":"Gensokyo:Wraith","floor":22,"turns":5},{"damage":17,"enemies":"Gensokyo:Tenshi","floor":23,"turns":5},{"damage":16,"enemies":"Gensokyo:Swordslinger","floor":24,"turns":6},{"damage":24,"enemies":"Gensokyo:Slime_Group","floor":28,"turns":6},{"damage":13,"enemies":"Gensokyo:Chomper_and_Gloop","floor":29,"turns":4}],"seed_played":"4027220483686669530","potions_obtained":[{"floor":1,"key":"Explosive Potion"},{"floor":4,"key":"PinkPotion:ReiMu"},{"floor":18,"key":"LiquidMemories"},{"floor":22,"key":"HakureiPotion:ReiMu"},{"floor":23,"key":"Block Potion"}],"is_trial":false,"path_per_floor":["M","?","?","M","?","R","$","E","T","M","E","R","$","T","R","B",null,"M","?","M","?","M","E","M","COS","T","T","M","M"],"character_chosen":"REIMU","items_purchased":["Meditation:ReiMu"],"campfire_rested":0,"item_purchase_floors":[13],"current_hp_per_floor":[54,39,39,39,39,39,39,39,39,39,21,21,21,21,21,4,46,3,3,14,14,18,20,17,17,17,17,9,0,0],"gold":211,"neow_bonus":"THREE_ENEMY_KILL","is_daily":false,"chose_seed":false,"campfire_upgraded":3,"win_rate":0.0,"timestamp":1609129914,"path_taken":["M","?","?","?","?","R","?","E","T","M","E","R","$","?","R","BOSS","M","?","M","?","M","E","M","COS","T","?","M","M"],"items_purchased_type":["Card"],"build_version":"2020-12-22","purchased_purges":2,"victory":false,"max_hp_per_floor":[60,60,60,60,60,60,60,60,60,60,60,60,60,60,60,60,60,60,60,60,60,60,67,67,67,67,67,67,67,67],"card_choices":[{"not_picked":["SubcavityInstant:ReiMu","SafetyPray:ReiMu"],"picked":"ManaGlint:ReiMu","floor":1},{"not_picked":["SubcavityInstant:ReiMu","FantasyBorder:ReiMu"],"picked":"Gathering:ReiMu","floor":4},{"not_picked":["SpringWay:ReiMu","BlastKick2:ReiMu"],"picked":"FineLineFantasy:ReiMu","floor":8},{"not_picked":["SpringWay:ReiMu","SafetyPray:ReiMu"],"picked":"Enchanting:ReiMu","floor":10},{"not_picked":["TightArray:ReiMu","Enchanting:ReiMu"],"picked":"RunawayExorcism:ReiMu","floor":11},{"not_picked":["PrayRite:ReiMu","Shading:ReiMu"],"picked":"CleanRite:ReiMu","floor":16},{"not_picked":["YinYangSign:ReiMu+1","Dreaming2:ReiMu"],"picked":"RainPray2:ReiMu","floor":18},{"not_picked":["RainPray2:ReiMu","OrbThrow:ReiMu+1"],"picked":"Dreaming2:ReiMu","floor":20},{"not_picked":["AirStrike:ReiMu","WonderfulDomain:ReiMu"],"picked":"TakeOff:ReiMu","floor":22},{"not_picked":["EmergencyTakeOff:ReiMu+1","UniversalSpiritual:ReiMu"],"picked":"YinYangSange:ReiMu","floor":23},{"not_picked":["SpringWay:ReiMu","TightArray:ReiMu","AirStrike:ReiMu"],"picked":"SKIP","floor":24},{"not_picked":["Enchanting:ReiMu","TightArray:ReiMu"],"picked":"SafetyPray:ReiMu","floor":28}],"player_experience":607865,"relics_obtained":[{"floor":8,"key":"Tiny Chest"},{"floor":9,"key":"Smiling Mask"},{"floor":11,"key":"AT_SilverBalance"},{"floor":14,"key":"Oddly Smooth Stone"},{"floor":23,"key":"Strawberry"},{"floor":26,"key":"Mastiff:ReiMu"}],"event_choices":[{"damage_healed":0,"gold_gain":0,"player_choice":"Take Damage","damage_taken":15,"relics_obtained":["Golden Idol"],"max_hp_gain":0,"max_hp_loss":0,"event_name":"Golden Idol","floor":2,"gold_loss":0},{"damage_healed":0,"gold_gain":0,"player_choice":"Upgraded","damage_taken":0,"max_hp_gain":0,"max_hp_loss":0,"event_name":"Upgrade Shrine","floor":3,"gold_loss":0,"cards_upgraded":["AT_FamilyPortrait"]},{"damage_healed":0,"gold_gain":0,"player_choice":"Bought 0 Potions","damage_taken":0,"max_hp_gain":0,"max_hp_loss":0,"event_name":"The Woman in Blue","floor":5,"gold_loss":0}],"is_beta":false,"boss_relics":[{"not_picked":["Sozu","AddBug"],"picked":"Runic Pyramid"}],"items_purged_floors":[7,13],"is_endless":false,"potions_floor_spawned":[1,4,18,22,23],"killed_by":"Gensokyo:Chomper_and_Gloop","ascension_level":14}}