{"host":"69bxgjr0sv0a6xc4","time":1609167439,"event":{"mods":["Act Like it!","BaseMod","Better Altar","Better Match","Better Note","Better Sensory Stone","Better Skull","Better Third Choice","BetterRewards","DeckTracker","Downfall","Friendly Minions","Hermit","Hubris","Jorbs\u0027s Wanderer Trilogy","Minty Spire (QoL Compilation)","Relic Stats","Spicy Shops","StSLib","The Animator","The Bladedancer","Unceasing Turn Reminder","Waifu the Spire","Wandering Minibosses"],"gold_per_floor":[99,118,170,170,170,186,186,221,221,248,248,262,297,310,327,423,423,423,439,439,95,113,142,142,169,19,35,70,70,55,66,81,81,81,81],"floor_reached":33,"playtime":10348,"items_purged":["champ:Defend"],"score":400,"play_id":"0a792b59-989e-4eae-86b1-20391c2e66d2","local_time":"20201228155719","is_ascension_mode":false,"campfire_choices":[{"data":"champ:Taunt","floor":1,"key":"SMITH"},{"data":"champ:Backstep","floor":11,"key":"SMITH"},{"floor":18,"key":"RECALL"},{"data":"champ:CrookedStrike","floor":26,"key":"SMITH"}],"circlet_count":0,"master_deck":["champ:Defend","champ:Defend","champ:Execute","champ:Taunt+1","champ:CrookedStrike+1","champ:Backstep+1","champ:AdrenalArmor","champ:ArenaPreparation","champ:Shatter","champ:ViciousMockery","champ:EnragedBash","champ:AdrenalArmor","champ:IgnorePain","champ:HeartStrike","champ:BringItOn+1","champ:EndlessRage+1","Slimebound:Tackle+1","Slimebound:Tackle+1","Slimebound:Tackle+1","champ:StanceDance","champ:SwordThrow+1"],"relics":["champ:ChampionCrown","Bag of Preparation","champ:LiftRelic","hubris:ToyBattleship","hubris:OldNail","Kunai","SlaversCollar","Gremlin Horn","Letter Opener","Molten Egg 2","downfall:HeartBlessingBlue","downfall:HeartBlessingRed","Omamori"],"acts_visited":["Exordium","TheCity"],"potions_floor_usage":[16,23,28],"damage_taken":[{"damage":5,"enemies":"Cultist","floor":2,"turns":4},{"damage":10,"enemies":"Jaw Worm","floor":6,"turns":4},{"damage":55,"enemies":"3 Sentries","floor":8,"turns":9},{"damage":25,"enemies":"Lagavulin","floor":10,"turns":7},{"damage":7,"enemies":"2 Louse","floor":12,"turns":2},{"damage":23,"enemies":"Gremlin Nob","floor":13,"turns":4},{"damage":16,"enemies":"Large Slime","floor":14,"turns":8},{"damage":9,"enemies":"2 Fungi Beasts","floor":15,"turns":3},{"damage":105,"enemies":"downfall:Ironclad","floor":16,"turns":11},{"damage":27,"enemies":"Spheric Guardian","floor":19,"turns":4},{"damage":31,"enemies":"downfall:FleeingMerchant","floor":21,"turns":4},{"damage":32,"enemies":"Snecko","floor":22,"turns":9},{"damage":69,"enemies":"Slavers","floor":23,"turns":8},{"damage":40,"enemies":"Gremlin Leader","floor":25,"turns":5},{"damage":36,"enemies":"Snake Plant","floor":27,"turns":5},{"damage":27,"enemies":"Slavers","floor":28,"turns":6},{"damage":23,"enemies":"downfall:FleeingMerchant","floor":30,"turns":4},{"damage":77,"enemies":"Centurion and Healer","floor":31,"turns":8},{"damage":27,"enemies":"3 Cultists","floor":32,"turns":5},{"damage":8,"enemies":"downfall:Watcher","floor":33,"turns":4}],"seed_played":"1318301302579170971","potions_obtained":[{"floor":8,"key":"BlessingOfTheForge"},{"floor":12,"key":"BlessingOfTheForge"},{"floor":13,"key":"BlessingOfTheForge"},{"floor":14,"key":"Regen Potion"},{"floor":19,"key":"Block Potion"},{"floor":22,"key":"CultistPotion"},{"floor":23,"key":"Explosive Potion"},{"floor":31,"key":"Fire Potion"}],"is_trial":false,"path_per_floor":["R","M","T","?","?","M","T","E","?","E","R","M","E","M","M","B",null,"R","M","?","$","M","E","T","E","R","M","E","?","$","M","M","B"],"character_chosen":"THE_CHAMP","items_purchased":["Gremlin Horn"],"campfire_rested":0,"item_purchase_floors":[21],"current_hp_per_floor":[99,99,99,104,104,104,104,67,67,66,66,66,66,64,64,37,104,104,104,104,104,98,62,62,62,72,68,61,61,60,17,6,0,0,0],"gold":81,"neow_bonus":"TEN_PERCENT_HP_BONUS","is_daily":false,"chose_seed":false,"campfire_upgraded":3,"win_rate":0.0,"timestamp":1609167439,"path_taken":["R","M","?","?","?","M","T","E","?","E","R","M","E","M","M","BOSS","R","M","?","$","M","E","T","E","R","M","E","?","$","?","M","BOSS"],"items_purchased_type":["Relic"],"build_version":"2020-12-22","purchased_purges":1,"victory":false,"max_hp_per_floor":[99,99,99,104,104,104,104,104,104,104,104,104,104,104,104,104,104,104,104,104,104,104,104,104,104,114,114,114,114,114,114,114,114,114,114],"relic_stats":{"Gremlin Horn":[10,10],"counters":[20,114],"Bag of Preparation":[38],"Kunai":[11],"Letter Opener":[140],"obtain_stats":[{"Gremlin Horn":21,"downfall:HeartBlessingRed":26,"champ:ChampionCrown":0,"Bag of Preparation":3,"Omamori":28,"Letter Opener":24,"SlaversCollar":17,"downfall:HeartBlessingBlue":26,"champ:LiftRelic":5,"Molten Egg 2":25,"hubris:ToyBattleship":8,"Kunai":13,"hubris:OldNail":10},{"Gremlin Horn":11,"downfall:HeartBlessingRed":14,"champ:ChampionCrown":0,"Bag of Preparation":1,"Omamori":16,"Letter Opener":13,"SlaversCollar":9,"downfall:HeartBlessingBlue":14,"champ:LiftRelic":1,"Molten Egg 2":14,"hubris:ToyBattleship":3,"Kunai":6,"hubris:OldNail":4},{"Gremlin Horn":60,"downfall:HeartBlessingRed":82,"champ:ChampionCrown":0,"Bag of Preparation":4,"Omamori":93,"Letter Opener":77,"SlaversCollar":52,"downfall:HeartBlessingBlue":82,"champ:LiftRelic":4,"Molten Egg 2":82,"hubris:ToyBattleship":17,"Kunai":30,"hubris:OldNail":24}]},"card_choices":[{"not_picked":["champ:BringItOn","champ:GladiatorsShout"],"picked":"champ:CrookedStrike","floor":2},{"not_picked":["champ:FocusedGladiator","champ:FanOfKnives"],"picked":"champ:Backstep","floor":6},{"not_picked":["champ:EndlessRage","champ:BerserkersShout"],"picked":"champ:AdrenalArmor","floor":8},{"not_picked":["champ:FocusedDefense","champ:DefensiveStyle"],"picked":"champ:ArenaPreparation","floor":10},{"not_picked":["champ:FanOfKnives","champ:FocusedGladiator"],"picked":"champ:Shatter","floor":12},{"not_picked":["champ:LastStand","champ:Haymaker"],"picked":"champ:ViciousMockery","floor":13},{"not_picked":["champ:DeathBlow","champ:GladiatorsShout"],"picked":"champ:EnragedBash","floor":14},{"not_picked":["champ:HeartStrike","champ:GladiatorsShout"],"picked":"champ:AdrenalArmor","floor":15},{"not_picked":["champ:CrownThrow","champ:Devastate"],"picked":"champ:IgnorePain","floor":16},{"not_picked":["champ:EnGarde+1","champ:ViciousMockery"],"picked":"champ:HeartStrike","floor":19},{"not_picked":["champ:ShieldWall","champ:Duel+1","champ:AdrenalArmor+1"],"picked":"SKIP","floor":21},{"not_picked":["champ:BladeFlurry","champ:IronFortress","champ:Haymaker"],"picked":"SKIP","floor":22},{"not_picked":["champ:GladiatorStyle","champ:AdrenalArmor"],"picked":"champ:BringItOn+1","floor":23},{"not_picked":["champ:Riposte+1","champ:SkillfulDodge"],"picked":"champ:EndlessRage+1","floor":25},{"not_picked":["champ:FlashCut+1","champ:RisingSlash+1","champ:Backstep"],"picked":"SKIP","floor":27},{"not_picked":["champ:Riposte","champ:ShieldWall","champ:CalledShot"],"picked":"SKIP","floor":28},{"not_picked":["champ:Duel+1","champ:DeathBlow+1"],"picked":"champ:StanceDance","floor":30},{"not_picked":["champ:Backstep","champ:BerserkersShout","champ:Circumvent"],"picked":"SKIP","floor":31},{"not_picked":["champ:TornadoPunch+1","champ:Encircle+1"],"picked":"champ:SwordThrow+1","floor":32}],"player_experience":914994,"relics_obtained":[{"floor":3,"key":"Bag of Preparation"},{"floor":8,"key":"hubris:ToyBattleship"},{"floor":10,"key":"hubris:OldNail"},{"floor":13,"key":"Kunai"},{"floor":24,"key":"Letter Opener"},{"floor":25,"key":"Molten Egg 2"},{"floor":28,"key":"Omamori"}],"event_choices":[{"damage_healed":0,"gold_gain":0,"player_choice":"Donut","damage_taken":0,"max_hp_gain":5,"max_hp_loss":0,"event_name":"Big Fish","floor":4,"gold_loss":0},{"cards_removed":["champ:Defend"],"damage_healed":0,"gold_gain":0,"player_choice":"Card Removal","damage_taken":0,"max_hp_gain":0,"max_hp_loss":0,"event_name":"The Cleric","floor":9,"gold_loss":0},{"cards_removed":["champ:Backstep"],"damage_healed":0,"gold_gain":0,"player_choice":"Give","damage_taken":0,"max_hp_gain":0,"max_hp_loss":0,"event_name":"betterNote:BetterNote","floor":20,"gold_loss":0,"cards_obtained":["hexamod:NightmareStrike"]}],"is_beta":false,"boss_relics":[{"not_picked":["Snecko Eye","Tiny House"],"picked":"SlaversCollar"}],"items_purged_floors":[21],"is_endless":false,"potions_floor_spawned":[8,12,13,14,19,22,23,27,31],"killed_by":"downfall:Watcher","ascension_level":0}}