{"host":"sum4dy402bbv9y4o","time":1609192501,"event":{"mods":["Aspiration","BaseMod","Conspire","Highlight Path","Minty Spire (QoL Compilation)","StSLib"],"gold_per_floor":[111,36,48,64,74,74,107,117,144,144,144,159,188,188,188,262,262,279,279,279,294,294,294,320,320,343,376,376,391,391,409,409,481,481,492,492,504,16,66,66,79,79,79,79,3,3,3,3,3,3,3],"floor_reached":50,"playtime":1579,"items_purged":[],"score":1051,"play_id":"3392b13c-f491-43ea-84bb-6bfb89f18a90","local_time":"20201229005501","is_ascension_mode":true,"campfire_choices":[{"data":"Eruption","floor":6,"key":"SMITH"},{"data":"ConjureBlade","floor":10,"key":"SMITH"},{"floor":15,"key":"REST"},{"floor":23,"key":"REST"},{"floor":25,"key":"REST"},{"floor":30,"key":"REST"},{"floor":32,"key":"REST"},{"floor":40,"key":"REST"},{"floor":42,"key":"REST"},{"floor":44,"key":"REST"},{"data":"TalkToTheHand","floor":46,"key":"SMITH"},{"data":"Wallop","floor":49,"key":"SMITH"}],"circlet_count":0,"master_deck":["AscendersBane","conspire:GhostlyStrike","conspire:GhostlyStrike","conspire:GhostlyStrike","conspire:GhostlyDefend","conspire:GhostlyDefend","conspire:GhostlyDefend","Eruption+1","Vigilance","Perseverance","SashWhip","ConjureBlade+1","Conclude","FlurryOfBlows","FlurryOfBlows","ReachHeaven","SandsOfTime","MentalFortress","Writhe","Wallop+1","RitualDagger","FlurryOfBlows","MentalFortress+1","LikeWater","ClearTheMind","FlurryOfBlows","TalkToTheHand+1","SandsOfTime","Tantrum"],"relics":["PureWater","aspiration:Nostalgia","Ring of the Snake","Ice Cream","Dream Catcher","Pen Nib","SlaversCollar","Lizard Tail","Blood Vial","Ancient Tea Set","Shuriken","conspire:SpecialSausage","Damaru","WingedGreaves","aspiration:SeaSaltIceCream","PureWater","Letter Opener"],"acts_visited":["Exordium","TheCity","TheBeyond"],"potions_floor_usage":[16,16,27,28,31,41],"damage_taken":[{"damage":2,"enemies":"Small Slimes","floor":1,"turns":3},{"damage":2,"enemies":"Jaw Worm","floor":3,"turns":4},{"damage":0,"enemies":"2 Louse","floor":4,"turns":1},{"damage":5,"enemies":"Large Slime","floor":5,"turns":6},{"damage":9,"enemies":"Gremlin Nob","floor":7,"turns":3},{"damage":4,"enemies":"Exordium Wildlife","floor":8,"turns":2},{"damage":0,"enemies":"Blue Slaver","floor":12,"turns":2},{"damage":0,"enemies":"Lagavulin","floor":13,"turns":3},{"damage":36,"enemies":"The Guardian","floor":16,"turns":5},{"damage":0,"enemies":"Spheric Guardian","floor":18,"turns":3},{"damage":0,"enemies":"Chosen","floor":21,"turns":3},{"damage":24,"enemies":"Gremlin Leader","floor":24,"turns":5},{"damage":43,"enemies":"Slavers","floor":27,"turns":4},{"damage":0,"enemies":"Snake Plant","floor":28,"turns":1},{"damage":23,"enemies":"Centurion and Healer","floor":29,"turns":6},{"damage":2,"enemies":"Cultist and Chosen","floor":31,"turns":4},{"damage":68,"enemies":"Collector","floor":33,"turns":9},{"damage":31,"enemies":"3 Shapes","floor":35,"turns":11},{"damage":26,"enemies":"Orb Walker","floor":37,"turns":4},{"damage":5,"enemies":"Transient","floor":41,"turns":6},{"damage":88,"enemies":"Awakened One","floor":50,"turns":4}],"seed_played":"8064035852580210478","potions_obtained":[{"floor":1,"key":"EssenceOfSteel"},{"floor":4,"key":"Weak Potion"},{"floor":13,"key":"Regen Potion"},{"floor":18,"key":"FairyPotion"},{"floor":21,"key":"Swift Potion"},{"floor":27,"key":"SmokeBomb"},{"floor":29,"key":"Swift Potion"},{"floor":37,"key":"ColorlessPotion"}],"is_trial":false,"path_per_floor":["M","?","M","M","M","R","E","M","T","R","?","M","E","?","R","B",null,"M","?","?","M","?","R","E","R","T","E","M","M","R","M","R","B",null,"M","?","M","$","?","R","M","R","T","R","$","R","?","T","R","B"],"character_chosen":"WATCHER","items_purchased":["Damaru","WingedGreaves","Tantrum"],"campfire_rested":8,"item_purchase_floors":[38,38,45],"current_hp_per_floor":[59,59,57,57,52,52,43,39,39,39,39,39,39,32,52,30,59,59,40,40,40,34,55,31,52,52,11,13,21,42,42,63,36,64,35,35,11,11,11,32,29,50,50,71,71,71,69,69,69,0,0],"gold":3,"neow_bonus":"NOSTALGIA","is_daily":false,"chose_seed":false,"campfire_upgraded":4,"win_rate":0.0,"timestamp":1609192501,"path_taken":["M","?","M","M","M","R","E","M","T","R","?","M","E","?","R","BOSS","M","?","?","M","?","R","E","R","T","E","M","M","R","?","R","BOSS","M","?","M","$","?","R","?","R","T","R","?","R","?","?","R","BOSS"],"items_purchased_type":["Relic","Relic","Card"],"build_version":"2020-12-22","purchased_purges":0,"victory":false,"max_hp_per_floor":[68,68,68,68,68,68,68,68,68,68,68,68,68,68,68,68,68,68,73,73,73,73,73,73,73,73,73,73,73,73,73,73,73,73,73,73,73,73,73,73,73,73,73,73,73,73,69,69,69,69,69],"card_choices":[{"not_picked":["PathToVictory","SashWhip"],"picked":"Perseverance","floor":1},{"not_picked":["FollowUp","PathToVictory"],"picked":"SashWhip","floor":3},{"not_picked":["Prostrate","PathToVictory"],"picked":"ConjureBlade","floor":4},{"not_picked":["ClearTheMind","BattleHymn"],"picked":"Conclude","floor":5},{"not_picked":["Indignation","Wireheading"],"picked":"FlurryOfBlows","floor":7},{"not_picked":["Study","Perseverance"],"picked":"FlurryOfBlows","floor":8},{"not_picked":["FollowUp","ForeignInfluence"],"picked":"ReachHeaven","floor":12},{"not_picked":["Establishment","BowlingBash","Prostrate"],"picked":"SKIP","floor":13},{"not_picked":["Consecrate","Evaluate"],"picked":"SandsOfTime","floor":15},{"not_picked":["Nirvana","JustLucky"],"picked":"MentalFortress","floor":18},{"not_picked":["Indignation","PathToVictory+1"],"picked":"Wallop","floor":21},{"not_picked":["LikeWater","FollowUp"],"picked":"FlurryOfBlows","floor":23},{"not_picked":["JustLucky","Brilliance"],"picked":"MentalFortress+1","floor":24},{"not_picked":["EmptyFist","Consecrate"],"picked":"LikeWater","floor":25},{"not_picked":["Prostrate+1","CarveReality","FlyingSleeves"],"picked":"SKIP","floor":27},{"not_picked":["PathToVictory","JustLucky"],"picked":"ClearTheMind","floor":29},{"not_picked":["Perseverance","ForeignInfluence"],"picked":"FlurryOfBlows","floor":30},{"not_picked":["CrushJoints","Crescendo"],"picked":"TalkToTheHand","floor":31},{"not_picked":["Crescendo","Prostrate"],"picked":"SandsOfTime","floor":32},{"not_picked":["BowlingBash+1","CrushJoints","CutThroughFate"],"picked":"SKIP","floor":35},{"not_picked":["Evaluate","FlyingSleeves","CrushJoints+1"],"picked":"SKIP","floor":37},{"not_picked":["Pray","FlurryOfBlows+1","FlyingSleeves"],"picked":"SKIP","floor":41}],"player_experience":2862683,"relics_obtained":[{"floor":7,"key":"Ice Cream"},{"floor":9,"key":"Dream Catcher"},{"floor":13,"key":"Pen Nib"},{"floor":24,"key":"Blood Vial"},{"floor":26,"key":"Ancient Tea Set"},{"floor":27,"key":"Shuriken"},{"floor":43,"key":"aspiration:SeaSaltIceCream"},{"floor":48,"key":"Letter Opener"}],"event_choices":[{"cards_removed":["Defend_P"],"damage_healed":0,"gold_gain":0,"player_choice":"Card Removal","damage_taken":0,"max_hp_gain":0,"max_hp_loss":0,"event_name":"The Cleric","floor":2,"gold_loss":75},{"damage_healed":0,"gold_gain":0,"player_choice":"Agree","damage_taken":0,"max_hp_gain":0,"max_hp_loss":0,"event_name":"conspire:LoneGhost","floor":11,"gold_loss":0},{"cards_removed":["conspire:GhostlyStrike"],"damage_healed":0,"gold_gain":0,"player_choice":"Card Removal","damage_taken":7,"max_hp_gain":0,"max_hp_loss":0,"event_name":"Golden Wing","floor":14,"gold_loss":0},{"damage_healed":0,"gold_gain":0,"player_choice":"Shed Blood","damage_taken":24,"max_hp_gain":5,"max_hp_loss":0,"event_name":"Forgotten Altar","floor":19,"gold_loss":0},{"damage_healed":0,"gold_gain":0,"player_choice":"Opened","damage_taken":0,"relics_obtained":["Lizard Tail"],"max_hp_gain":0,"max_hp_loss":0,"event_name":"The Mausoleum","floor":20,"gold_loss":0,"cards_obtained":["Writhe"]},{"damage_healed":0,"gold_gain":0,"player_choice":"Joined the Cult","damage_taken":6,"max_hp_gain":0,"max_hp_loss":0,"event_name":"Nest","floor":22,"gold_loss":0,"cards_obtained":["RitualDagger"]},{"damage_healed":0,"gold_gain":50,"player_choice":"Pray","damage_taken":0,"max_hp_gain":0,"max_hp_loss":0,"event_name":"Golden Shrine","floor":39,"gold_loss":0},{"damage_healed":0,"gold_gain":0,"player_choice":"Max HP","damage_taken":0,"max_hp_gain":0,"max_hp_loss":4,"event_name":"Winding Halls","floor":47,"gold_loss":0}],"is_beta":false,"boss_relics":[{"not_picked":["aspiration:RitualDagger","Cursed Key"],"picked":"SlaversCollar"},{"not_picked":["aspiration:RunicSpoon","SacredBark"],"picked":"conspire:SpecialSausage"}],"items_purged_floors":[],"is_endless":false,"potions_floor_spawned":[1,4,7,13,18,21,27,29,37],"killed_by":"Awakened One","ascension_level":20}}