{"host":"vydapxfau6612551","time":1609126890,"event":{"mods":["AchievementEnabler","BaseMod","Minty Spire (QoL Compilation)","StSLib","SuperFastMode"],"gold_per_floor":[118,132,142,142,153,153,184,184,230,246,261,98,130,130,130,130,130],"floor_reached":16,"playtime":1104,"items_purged":[],"score":162,"play_id":"b0295322-dfe6-47fa-bb9d-66d34d9bbf06","local_time":"20201228124130","is_ascension_mode":true,"campfire_choices":[{"floor":6,"key":"REST"},{"floor":8,"key":"REST"},{"floor":15,"key":"REST"}],"circlet_count":0,"master_deck":["Strike_R","Strike_R","Strike_R","Strike_R","Strike_R","Defend_R","Defend_R","Defend_R","Bash","Shrug It Off","Thunderclap","Flex","Shockwave","Reckless Charge","Battle Trance","Corruption","Limit Break"],"relics":["Burning Blood","Peace Pipe","Bottled Flame","Omamori"],"acts_visited":["Exordium"],"potions_floor_usage":[],"damage_taken":[{"damage":6.0,"enemies":"2 Louse","floor":1.0,"turns":3.0},{"damage":1.0,"enemies":"Cultist","floor":2.0,"turns":3.0},{"damage":7,"enemies":"Jaw Worm","floor":3,"turns":3},{"damage":12,"enemies":"Looter","floor":5,"turns":3},{"damage":52,"enemies":"3 Sentries","floor":7,"turns":8},{"damage":6,"enemies":"2 Fungi Beasts","floor":10,"turns":5},{"damage":25,"enemies":"Red Slaver","floor":11,"turns":5},{"damage":14,"enemies":"Gremlin Nob","floor":13,"turns":4},{"damage":0,"enemies":"Slime Boss","floor":16,"turns":1}],"seed_played":"-3830862623142738235","potions_obtained":[{"floor":7,"key":"Ancient Potion"},{"floor":10,"key":"ElixirPotion"},{"floor":13,"key":"BloodPotion"}],"is_trial":false,"path_per_floor":["M","M","M","?","M","R","E","R","T","M","M","$","E","?","R","B"],"character_chosen":"IRONCLAD","items_purchased":["Corruption"],"campfire_rested":3,"item_purchase_floors":[12],"current_hp_per_floor":[51,56,55,55,49,73,27,51,51,51,32,32,24,24,48,48,48],"gold":130,"neow_bonus":"ONE_RARE_RELIC","is_daily":false,"chose_seed":false,"campfire_upgraded":0,"win_rate":0.0,"timestamp":1609126890,"path_taken":["M","M","M","?","M","R","E","R","T","M","?","$","E","?","R","BOSS"],"items_purchased_type":["Card"],"build_version":"2020-12-22","purchased_purges":0,"victory":false,"max_hp_per_floor":[80,80,80,80,80,80,80,80,80,80,80,80,80,80,80,80,80],"card_choices":[{"not_picked":["Clash","Sword Boomerang"],"picked":"Shrug It Off","floor":1.0},{"not_picked":["Clash","Seeing Red"],"picked":"Thunderclap","floor":2.0},{"not_picked":["Clash","Heavy Blade"],"picked":"Flex","floor":3},{"not_picked":["Iron Wave","Havoc","Warcry"],"picked":"SKIP","floor":5},{"not_picked":["Searing Blow","Seeing Red"],"picked":"Shockwave","floor":7},{"not_picked":["Anger","Warcry"],"picked":"Reckless Charge","floor":10},{"not_picked":["Havoc","Cleave"],"picked":"Battle Trance","floor":11},{"not_picked":["Headbutt","Disarm"],"picked":"Limit Break","floor":13}],"player_experience":411208,"relics_obtained":[{"floor":7,"key":"Bottled Flame"},{"floor":13,"key":"Omamori"}],"event_choices":[{"cards_removed":["Defend_R"],"damage_healed":0,"gold_gain":0,"player_choice":"Purged","damage_taken":0,"max_hp_gain":0,"max_hp_loss":0,"event_name":"Purifier","floor":4,"gold_loss":0},{"damage_healed":0,"gold_gain":0,"player_choice":"Ignored","damage_taken":0,"max_hp_gain":0,"max_hp_loss":0,"event_name":"Liars Game","floor":14,"gold_loss":0}],"is_beta":false,"boss_relics":[],"items_purged_floors":[],"is_endless":false,"potions_floor_spawned":[7,10,13],"killed_by":"Slime Boss","ascension_level":9}}