{"host":"qc268ltokmxwqyrx","time":1609141050,"event":{"mods":["BaseMod","Colored Map","Colored Powertips","Minty Spire (QoL Compilation)","Relic Stats","Slay the Relics Exporter","StSLib"],"gold_per_floor":[109,128,140,190,205,231,245,263,263,263,290,305,338,355,355,431,431,444,457,128,128,144,144,177,177,224,224,241,241,252,266,266,337,337,347,19,34,86,86,86],"floor_reached":39,"playtime":4831,"items_purged":[],"score":979,"play_id":"9bd2cea3-74f9-455f-a9bf-41394f70c467","local_time":"20201228013730","is_ascension_mode":true,"campfire_choices":[{"floor":10,"key":"REST"},{"data":"Fission","floor":15,"key":"SMITH"},{"data":"Recycle","floor":23,"key":"SMITH"},{"data":"Hologram","floor":25,"key":"SMITH"},{"data":"Aggregate","floor":27,"key":"SMITH"},{"floor":32,"key":"REST"}],"circlet_count":0,"master_deck":["AscendersBane","Zap","Dualcast","CurseOfTheBell","Ball Lightning","Cold Snap","Chill","Melter","Glacier","Conserve Battery","Rip and Tear","Fission+1","Ball Lightning","Core Surge","Hologram+1","Recycle+1","Chaos","Sunder","Undo","Hyperbeam","Gash","Go for the Eyes","Aggregate+1","Turbo","Steam+1","Compile Driver","Buffer","Chill+1","Coolheaded"],"relics":["Calling Bell","StoneCalendar","HornCleat","Nunchaku","Anchor","Dead Branch","Pear","Blue Candle","Pandora\u0027s Box","Bird Faced Urn","Girya","Art of War","Nuclear Battery","Incense Burner","TungstenRod"],"acts_visited":["Exordium","TheCity","TheBeyond"],"potions_floor_usage":[6,6,13,16,22,24,37,38],"damage_taken":[{"damage":0,"enemies":"Small Slimes","floor":1,"turns":4},{"damage":0,"enemies":"Cultist","floor":2,"turns":3},{"damage":6,"enemies":"2 Louse","floor":3,"turns":3},{"damage":1,"enemies":"2 Fungi Beasts","floor":5,"turns":4},{"damage":37,"enemies":"Gremlin Nob","floor":6,"turns":5},{"damage":0,"enemies":"Blue Slaver","floor":7,"turns":4},{"damage":1,"enemies":"Looter","floor":8,"turns":3},{"damage":21,"enemies":"Lagavulin","floor":11,"turns":7},{"damage":0,"enemies":"Large Slime","floor":12,"turns":4},{"damage":14,"enemies":"Gremlin Nob","floor":13,"turns":4},{"damage":1,"enemies":"Blue Slaver","floor":14,"turns":3},{"damage":12,"enemies":"Slime Boss","floor":16,"turns":7},{"damage":0,"enemies":"Spheric Guardian","floor":18,"turns":3},{"damage":0,"enemies":"Chosen","floor":19,"turns":5},{"damage":14,"enemies":"Snake Plant","floor":22,"turns":2},{"damage":0,"enemies":"Slavers","floor":24,"turns":4},{"damage":1,"enemies":"3 Cultists","floor":28,"turns":4},{"damage":1,"enemies":"Snecko","floor":30,"turns":7},{"damage":5,"enemies":"Centurion and Healer","floor":31,"turns":7},{"damage":33,"enemies":"Champ","floor":33,"turns":12},{"damage":13,"enemies":"3 Darklings","floor":35,"turns":8},{"damage":0,"enemies":"Orb Walker","floor":37,"turns":4},{"damage":40,"enemies":"2 Orb Walkers","floor":38,"turns":6},{"damage":76,"enemies":"Maw","floor":39,"turns":12}],"seed_played":"-5501366346645302162","potions_obtained":[{"floor":1,"key":"EssenceOfSteel"},{"floor":2,"key":"Regen Potion"},{"floor":7,"key":"Weak Potion"},{"floor":11,"key":"SteroidPotion"},{"floor":14,"key":"BlessingOfTheForge"},{"floor":18,"key":"PowerPotion"},{"floor":31,"key":"SteroidPotion"},{"floor":33,"key":"Fruit Juice"},{"floor":37,"key":"Weak Potion"},{"floor":38,"key":"Dexterity Potion"}],"is_trial":false,"path_per_floor":["M","M","M","?","M","E","M","M","T","R","E","M","E","M","R","B",null,"M","M","$","?","M","R","E","R","T","R","M","?","M","M","R","B",null,"M","$","M","?","M"],"character_chosen":"DEFECT","items_purchased":["Bird Faced Urn","Incense Burner"],"campfire_rested":2,"item_purchase_floors":[20,36],"current_hp_per_floor":[64,64,58,51,50,27,27,26,26,47,36,36,22,21,21,9,63,63,63,63,63,49,49,53,53,53,53,54,31,34,37,62,37,74,67,67,74,52,0,0],"gold":86,"neow_bonus":"BOSS_RELIC","is_daily":false,"chose_seed":false,"campfire_upgraded":4,"win_rate":0.0,"timestamp":1609141050,"path_taken":["M","M","M","?","M","E","M","M","T","R","E","M","E","?","R","BOSS","M","M","$","?","M","R","E","R","T","R","M","?","M","M","R","BOSS","M","$","M","?","M"],"items_purchased_type":["Relic","Relic"],"build_version":"2020-12-22","purchased_purges":0,"victory":false,"max_hp_per_floor":[71,71,71,71,71,71,71,71,71,71,81,81,81,81,81,81,81,81,81,81,81,81,81,81,81,81,81,81,86,86,86,86,86,86,86,86,91,91,91,91],"relic_stats":{"Nunchaku":[20],"counters":[24,125],"Dead Branch":[93],"Blue Candle":[10],"Bird Faced Urn":[60],"StoneCalendar":[223],"Pandora\u0027s Box":["Hologram","Recycle","Chaos","Sunder","Undo","Hyperbeam","Gash","Go for the Eyes"],"Art of War":[11],"obtain_stats":[{"Girya":24,"Pear":11,"Dead Branch":9,"Blue Candle":13,"StoneCalendar":0,"Incense Burner":36,"Nuclear Battery":34,"Calling Bell":0,"Nunchaku":0,"Anchor":6,"HornCleat":0,"Bird Faced Urn":20,"Pandora\u0027s Box":17,"Art of War":26,"Cracked Core":0,"TungstenRod":38},{"Girya":16,"Pear":8,"Dead Branch":7,"Blue Candle":10,"StoneCalendar":0,"Incense Burner":21,"Nuclear Battery":20,"Calling Bell":0,"Nunchaku":0,"Anchor":5,"HornCleat":0,"Bird Faced Urn":14,"Pandora\u0027s Box":12,"Art of War":16,"Cracked Core":0,"TungstenRod":23},{"Girya":65,"Pear":33,"Dead Branch":26,"Blue Candle":41,"StoneCalendar":0,"Incense Burner":103,"Nuclear Battery":95,"Calling Bell":0,"Nunchaku":0,"Anchor":19,"HornCleat":0,"Bird Faced Urn":59,"Pandora\u0027s Box":51,"Art of War":65,"Cracked Core":0,"TungstenRod":113}],"TungstenRod":7},"card_choices":[{"not_picked":["Go for the Eyes","Leap"],"picked":"Ball Lightning","floor":1},{"not_picked":["Turbo","Rebound"],"picked":"Cold Snap","floor":2},{"not_picked":["Conserve Battery","Heatsinks"],"picked":"Chill","floor":3},{"not_picked":["Conserve Battery","Go for the Eyes"],"picked":"Melter","floor":5},{"not_picked":["Creative AI","Redo"],"picked":"Glacier","floor":6},{"not_picked":["Rip and Tear","Turbo"],"picked":"Conserve Battery","floor":7},{"not_picked":["Steam","Double Energy"],"picked":"Rip and Tear","floor":8},{"not_picked":["Loop","Coolheaded"],"picked":"Fission","floor":11},{"not_picked":["Beam Cell","Go for the Eyes"],"picked":"Ball Lightning","floor":12},{"not_picked":["Double Energy","Stack","Force Field"],"picked":"SKIP","floor":13},{"not_picked":["Stack","Fission","Cold Snap"],"picked":"SKIP","floor":14},{"not_picked":["Amplify","Creative AI"],"picked":"Core Surge","floor":16},{"not_picked":["Chaos","Sweeping Beam"],"picked":"Aggregate","floor":18},{"not_picked":["Leap","Hello World"],"picked":"Turbo","floor":19},{"not_picked":["Stack","Melter+1"],"picked":"Steam+1","floor":22},{"not_picked":["Streamline","Force Field","Cold Snap"],"picked":"SKIP","floor":24},{"not_picked":["Fusion+1","Steam Power","Barrage"],"picked":"SKIP","floor":28},{"not_picked":["Scrape","Hello World","Beam Cell"],"picked":"SKIP","floor":30},{"not_picked":["Go for the Eyes","Coolheaded"],"picked":"Compile Driver","floor":31},{"not_picked":["Amplify","Seek"],"picked":"Buffer","floor":33},{"not_picked":["Rip and Tear","Gash"],"picked":"Chill+1","floor":35},{"not_picked":["Sweeping Beam","Go for the Eyes","Ball Lightning+1"],"picked":"SKIP","floor":37},{"not_picked":["Go for the Eyes+1","Streamline"],"picked":"Coolheaded","floor":38}],"player_experience":1720751,"relics_obtained":[{"floor":0,"key":"StoneCalendar"},{"floor":0,"key":"HornCleat"},{"floor":0,"key":"Nunchaku"},{"floor":6,"key":"Anchor"},{"floor":9,"key":"Dead Branch"},{"floor":11,"key":"Pear"},{"floor":13,"key":"Blue Candle"},{"floor":24,"key":"Girya"},{"floor":26,"key":"Art of War"},{"floor":38,"key":"TungstenRod"}],"event_choices":[{"damage_healed":0,"gold_gain":50,"player_choice":"Touch","damage_taken":7,"max_hp_gain":0,"max_hp_loss":0,"event_name":"FaceTrader","floor":4,"gold_loss":0},{"damage_healed":0,"gold_gain":0,"player_choice":"Ignored","damage_taken":0,"max_hp_gain":0,"max_hp_loss":0,"event_name":"Vampires","floor":21,"gold_loss":0},{"damage_healed":0,"gold_gain":0,"player_choice":"Shed Blood","damage_taken":28,"max_hp_gain":5,"max_hp_loss":0,"event_name":"Forgotten Altar","floor":29,"gold_loss":0},{"damage_healed":0,"gold_gain":0,"player_choice":"Fight","damage_taken":0,"max_hp_gain":0,"max_hp_loss":0,"event_name":"Mysterious Sphere","floor":38,"gold_loss":0}],"is_beta":false,"boss_relics":[{"not_picked":["Tiny House","SacredBark"],"picked":"Pandora\u0027s Box"},{"not_picked":["Coffee Dripper","Fusion Hammer"],"picked":"Nuclear Battery"}],"items_purged_floors":[],"is_endless":false,"potions_floor_spawned":[1,2,7,11,12,14,18,31,33,37,38],"killed_by":"Maw","ascension_level":20}}