{"host":"baymyijz6sxaqj5s","time":1609165629,"event":{"mods":["AchievementEnabler","BaseMod","Colored Map","Colored Powertips","DeckTracker","Highlight Path","KOR Keyword Fix","Keyboard Shortcuts","Minty Spire (QoL Compilation)","Quick Restart","StSLib","SuperFastMode"],"gold_per_floor":[114,189,42,42,55,55,71,82,82,32,32,50,50,63,63,167,167,186,200,215,233,249,249,265,265,288,288,320,320,320,338,338,436,436,456,456,456,473,484,484,495,548,548,560,560,572,572,582,582,582,582],"floor_reached":50,"playtime":1876,"items_purged":[],"score":440,"play_id":"cabb8118-503f-4d04-bec2-af907dea64a9","local_time":"20201228232709","is_ascension_mode":false,"campfire_choices":[{"data":"Dualcast","floor":6,"key":"SMITH"},{"data":"Zap","floor":11,"key":"SMITH"},{"data":"Self Repair","floor":15,"key":"SMITH"},{"data":"Conserve Battery","floor":23,"key":"SMITH"},{"data":"Auto Shields","floor":25,"key":"SMITH"},{"data":"Electrodynamics","floor":27,"key":"SMITH"},{"floor":32,"key":"REST"},{"data":"Coolheaded","floor":40,"key":"SMITH"},{"data":"Discovery","floor":45,"key":"SMITH"},{"data":"Stack","floor":49,"key":"SMITH"}],"circlet_count":0,"master_deck":["Strike_B","Strike_B","Strike_B","Strike_B","Defend_B","Defend_B","Defend_B","Defend_B","Zap+1","Dualcast+1","Ball Lightning","Self Repair+1","Compile Driver","Conserve Battery+1","Stack+1","Electrodynamics+1","Coolheaded+1","Auto Shields+1","Leap+1","Discovery+1","Storm+1","Cold Snap+1","Redo+1","Madness","Madness","Double Energy+1"],"relics":["Cracked Core","Regal Pillow","Matryoshka","Nuclear Battery","Meat on the Bone","Bronze Scales","Red Mask","MutagenicStrength","Enchiridion","Sozu","Art of War","Darkstone Periapt","Dead Branch","Letter Opener"],"acts_visited":["Exordium","TheCity","TheBeyond"],"potions_floor_usage":[12,14,16,20,22,24,28,33,33,50],"damage_taken":[{"damage":4,"enemies":"Jaw Worm","floor":1,"turns":4},{"damage":0,"enemies":"Small Slimes","floor":5,"turns":4},{"damage":1,"enemies":"Cultist","floor":7,"turns":3},{"damage":1,"enemies":"2 Fungi Beasts","floor":8,"turns":3},{"damage":3,"enemies":"Exordium Wildlife","floor":12,"turns":4},{"damage":9,"enemies":"3 Louse","floor":14,"turns":3},{"damage":21,"enemies":"The Guardian","floor":16,"turns":11},{"damage":23,"enemies":"2 Thieves","floor":18,"turns":4},{"damage":20,"enemies":"Spheric Guardian","floor":19,"turns":4},{"damage":3,"enemies":"Snake Plant","floor":20,"turns":4},{"damage":18,"enemies":"Centurion and Healer","floor":21,"turns":7},{"damage":6,"enemies":"Snecko","floor":22,"turns":6},{"damage":9,"enemies":"Snake Plant","floor":24,"turns":5},{"damage":0,"enemies":"Masked Bandits","floor":28,"turns":2},{"damage":1,"enemies":"3 Cultists","floor":31,"turns":4},{"damage":28,"enemies":"Automaton","floor":33,"turns":12},{"damage":0,"enemies":"Orb Walker","floor":35,"turns":2},{"damage":10,"enemies":"3 Darklings","floor":38,"turns":3},{"damage":4,"enemies":"Sphere and 2 Shapes","floor":39,"turns":3},{"damage":11,"enemies":"Jaw Worm Horde","floor":41,"turns":4},{"damage":0,"enemies":"2 Orb Walkers","floor":42,"turns":3},{"damage":6,"enemies":"3 Darklings","floor":44,"turns":2},{"damage":2,"enemies":"Writhing Mass","floor":46,"turns":4},{"damage":0,"enemies":"Jaw Worm Horde","floor":48,"turns":4},{"damage":87,"enemies":"Donu and Deca","floor":50,"turns":7}],"seed_played":"3679125111247890354","potions_obtained":[{"floor":1,"key":"EssenceOfSteel"},{"floor":5,"key":"ColorlessPotion"},{"floor":8,"key":"Weak Potion"},{"floor":12,"key":"FocusPotion"},{"floor":13,"key":"Energy Potion"},{"floor":16,"key":"Dexterity Potion"},{"floor":19,"key":"Block Potion"},{"floor":20,"key":"SkillPotion"},{"floor":28,"key":"SpeedPotion"},{"floor":31,"key":"Dexterity Potion"},{"floor":33,"key":"PotionOfCapacity"}],"is_trial":false,"path_per_floor":["M","?","$","?","M","R","M","M","T","$","R","M","?","M","R","B",null,"M","M","M","M","M","R","M","R","T","R","?","?","?","M","R","B",null,"M","?","T","M","M","R","M","?","T","M","R","M","?","M","R","B"],"character_chosen":"DEFECT","items_purchased":["Regal Pillow","Conserve Battery"],"campfire_rested":1,"item_purchase_floors":[3,10],"current_hp_per_floor":[78,67,67,67,67,67,66,72,72,72,72,76,76,74,74,63,82,69,59,66,58,62,62,63,63,63,63,63,63,47,56,82,64,82,82,82,82,82,82,82,81,82,82,82,82,82,72,82,82,0,0],"gold":582,"neow_bonus":"TEN_PERCENT_HP_BONUS","is_daily":false,"chose_seed":false,"campfire_upgraded":9,"win_rate":0.0,"timestamp":1609165629,"path_taken":["M","?","$","?","M","R","M","M","T","?","R","M","?","M","R","BOSS","M","M","M","M","M","R","?","R","T","R","?","?","?","M","R","BOSS","M","?","?","M","M","R","M","?","T","M","R","M","?","M","R","BOSS"],"items_purchased_type":["Relic","Card"],"build_version":"2020-12-22","purchased_purges":0,"victory":false,"max_hp_per_floor":[82,82,82,82,82,82,82,82,82,82,82,82,82,82,82,82,82,82,82,82,82,82,82,82,82,82,82,82,82,82,82,82,82,82,82,82,82,82,82,82,82,82,82,82,82,82,82,82,82,82,82],"card_choices":[{"not_picked":["Scrape","Streamline","White Noise"],"picked":"SKIP","floor":1},{"not_picked":["Steam","Fusion"],"picked":"Ball Lightning","floor":5},{"not_picked":["Ball Lightning","Defragment"],"picked":"Self Repair","floor":7},{"not_picked":["Defragment","Undo"],"picked":"Compile Driver","floor":8},{"not_picked":["Skim","Fusion","Gash"],"picked":"SKIP","floor":12},{"not_picked":["Conserve Battery","Lockon"],"picked":"Stack","floor":14},{"not_picked":["Core Surge","Creative AI"],"picked":"Electrodynamics","floor":16},{"not_picked":["Ball Lightning+1","Conserve Battery","Heatsinks"],"picked":"SKIP","floor":18},{"not_picked":["Compile Driver","Hello World+1","Streamline+1"],"picked":"SKIP","floor":19},{"not_picked":["Recycle","Reprogram","Stack+1"],"picked":"SKIP","floor":20},{"not_picked":["Compile Driver","Recycle"],"picked":"Coolheaded","floor":21},{"not_picked":["Ball Lightning","Hologram+1","Barrage"],"picked":"SKIP","floor":22},{"not_picked":["Stack","Aggregate"],"picked":"Auto Shields","floor":24},{"not_picked":["Go for the Eyes+1","Compile Driver+1","Streamline+1"],"picked":"SKIP","floor":31},{"not_picked":["Barrage+1","Genetic Algorithm"],"picked":"Leap+1","floor":35},{"not_picked":["Violence","Blind"],"picked":"Discovery","floor":36},{"not_picked":["Streamline","Rebound","Go for the Eyes+1"],"picked":"SKIP","floor":38},{"not_picked":["Conserve Battery","Stack+1","Gash"],"picked":"SKIP","floor":39},{"not_picked":["Hello World","Gash+1","Conserve Battery+1"],"picked":"SKIP","floor":41},{"not_picked":["Genetic Algorithm","Echo Form"],"picked":"Storm+1","floor":42},{"not_picked":["Streamline","Heatsinks+1"],"picked":"Cold Snap+1","floor":44},{"not_picked":["Defragment+1","Ball Lightning"],"picked":"Redo+1","floor":46},{"not_picked":["Sweeping Beam","Beam Cell"],"picked":"Double Energy+1","floor":48}],"player_experience":287161,"relics_obtained":[{"floor":9,"key":"Matryoshka"},{"floor":26,"key":"Meat on the Bone"},{"floor":26,"key":"Bronze Scales"},{"floor":28,"key":"Red Mask"},{"floor":30,"key":"Enchiridion"},{"floor":37,"key":"Art of War"},{"floor":37,"key":"Darkstone Periapt"},{"floor":42,"key":"Dead Branch"},{"floor":43,"key":"Letter Opener"}],"event_choices":[{"damage_healed":0,"gold_gain":75,"player_choice":"Gather Gold","damage_taken":11,"max_hp_gain":0,"max_hp_loss":0,"event_name":"World of Goop","floor":2,"gold_loss":0},{"damage_healed":0,"gold_gain":0,"player_choice":"Ignored","damage_taken":0,"max_hp_gain":0,"max_hp_loss":0,"event_name":"Liars Game","floor":4,"gold_loss":0},{"damage_healed":0,"gold_gain":0,"player_choice":"Got Potions","damage_taken":0,"max_hp_gain":0,"max_hp_loss":0,"event_name":"Lab","floor":13,"gold_loss":0},{"damage_healed":0,"gold_gain":0,"player_choice":"Fought Bandits","damage_taken":0,"max_hp_gain":0,"max_hp_loss":0,"event_name":"Masked Bandits","floor":28,"gold_loss":0},{"damage_healed":0,"gold_gain":0,"player_choice":"Inject Mutagens","damage_taken":0,"relics_obtained":["MutagenicStrength"],"max_hp_gain":0,"max_hp_loss":0,"event_name":"Drug Dealer","floor":29,"gold_loss":0},{"damage_healed":0,"gold_gain":0,"player_choice":"Obtained Book","damage_taken":16,"max_hp_gain":0,"max_hp_loss":0,"event_name":"Cursed Tome","floor":30,"gold_loss":0},{"damage_healed":0,"gold_gain":0,"player_choice":"Memory 1","damage_taken":0,"max_hp_gain":0,"max_hp_loss":0,"event_name":"SensoryStone","floor":36,"gold_loss":0},{"damage_healed":0,"gold_gain":0,"player_choice":"Fight","damage_taken":0,"max_hp_gain":0,"max_hp_loss":0,"event_name":"Mysterious Sphere","floor":42,"gold_loss":0},{"damage_healed":0,"gold_gain":0,"player_choice":"Embrace Madness","damage_taken":10,"max_hp_gain":0,"max_hp_loss":0,"event_name":"Winding Halls","floor":47,"gold_loss":0,"cards_obtained":["Madness","Madness"]}],"is_beta":false,"boss_relics":[{"not_picked":["SlaversCollar","Philosopher\u0027s Stone"],"picked":"Nuclear Battery"},{"not_picked":["Snecko Eye","Velvet Choker"],"picked":"Sozu"}],"items_purged_floors":[],"is_endless":false,"potions_floor_spawned":[1,5,8,12,16,19,20,28,31,33,38,42,46],"killed_by":"Donu and Deca","ascension_level":0}}