{"host":"kn32u0f2pym5bozc","time":1609168063,"event":{"mods":["2.2 Compatiblity","BaseMod","Better Third Choice","Minty Spire (QoL Compilation)","Permanent Neow","Relic Stats","StSLib","The Animator"],"gold_per_floor":[128,128,147,147,95,95,95,95,95,95,120,147,247,279,279,357,357,380,391,3,15,26,65,65,99,126,126,126,126],"floor_reached":28,"playtime":1889,"items_purged":["animator:Strike"],"score":432,"play_id":"8b4623d4-064f-4ef5-b8b7-7eecefdc1c4b","local_time":"20201228100743","is_ascension_mode":true,"campfire_choices":[{"data":"animator:Mitsuba","floor":6.0,"key":"SMITH"},{"data":"animator:Emonzaemon","floor":8.0,"key":"SMITH"},{"data":"animator:UneriGinkaku","floor":10.0,"key":"SMITH"},{"data":"1","floor":15.0,"key":"LIFT"},{"floor":24,"key":"REST"},{"floor":27,"key":"REST"}],"circlet_count":0,"master_deck":["AscendersBane","animator:Strike_Katanagatari","animator:Defend_Katanagatari","animator:Strike","animator:Strike","animator:Defend","animator:Defend","animator:Defend","animator:Azekura+1","animator:Emonzaemon+1","animator:UneriGinkaku+1","animator:Mitsuba+1","animator:TukaLunaMarceau","animator:HighElfArcher","animator:Shuna","animator:ZankiKiguchi","animator:FeridBathory","animator:Viivi+1","animator:ChaikaBohdan","animator:LizardPriest","animator:HiiragiShinya","animator:Shichika+1","animator:YaoHaDucy"],"relics":["animator:LivingPicture","animator:TheMissingPiece","animator:PurgingStone","animator:OldCoffin","Meat on the Bone","animator:Hoodie","Odd Mushroom","Girya","Black Star","Eternal Feather","Gambling Chip","Tiny Chest","Pantograph","Ancient Tea Set","Juzu Bracelet"],"acts_visited":["Exordium","TheCity"],"potions_floor_usage":[22,23,23],"damage_taken":[{"damage":4.0,"enemies":"Jaw Worm","floor":1.0,"turns":4.0},{"damage":6.0,"enemies":"Cultist","floor":3.0,"turns":4.0},{"damage":20.0,"enemies":"Gremlin Nob","floor":11.0,"turns":4.0},{"damage":17.0,"enemies":"The Mushroom Lair","floor":12.0,"turns":4.0},{"damage":9.0,"enemies":"3 Sentries","floor":14.0,"turns":6.0},{"damage":20.0,"enemies":"Slime Boss","floor":16.0,"turns":12.0},{"damage":27.0,"enemies":"2 Thieves","floor":18.0,"turns":5.0},{"damage":14.0,"enemies":"Shell Parasite","floor":19.0,"turns":4.0},{"damage":2,"enemies":"Cultist and Chosen","floor":21,"turns":6},{"damage":16,"enemies":"Snake Plant","floor":22,"turns":4},{"damage":37,"enemies":"Book of Stabbing","floor":23,"turns":6},{"damage":50,"enemies":"animator:HornedBat","floor":25,"turns":10},{"damage":49,"enemies":"Book of Stabbing","floor":28,"turns":5}],"seed_played":"-5529044731013106789","potions_obtained":[{"floor":1.0,"key":"Energy Potion"},{"floor":14.0,"key":"BlessingOfTheForge"},{"floor":21,"key":"AttackPotion"},{"floor":22,"key":"BlessingOfTheForge"}],"is_trial":false,"path_per_floor":["M","?","M","$","$","R","?","R","T","R","E","?","?","E","R","B",null,"M","M","$","M","M","E","R","E","T","R","E"],"character_chosen":"THE_ANIMATOR","items_purchased":["animator:TukaLunaMarceau","animator:LizardPriest","Eternal Feather"],"campfire_rested":2,"item_purchase_floors":[5,20,20],"current_hp_per_floor":[61,61,55,55,55,55,55,55,55,55,47,42,42,46,46,38,64,37,36,36,46,42,17,51,13,13,47,0,0],"gold":126,"neow_bonus":"TEN_PERCENT_HP_BONUS","is_daily":false,"chose_seed":false,"campfire_upgraded":3,"win_rate":0.0,"timestamp":1609168063,"path_taken":["M","?","M","?","$","R","?","R","T","R","E","?","?","E","R","BOSS","M","M","?","M","M","E","R","E","T","R","E"],"items_purchased_type":["Card","Card","Relic"],"build_version":"2020-12-22","purchased_purges":1,"victory":false,"max_hp_per_floor":[72,72,72,72,72,72,72,72,72,72,72,72,72,73,73,73,73,73,74,74,74,74,74,74,74,74,74,74,74],"relic_stats":{"counters":[13,73],"Gambling Chip":[6],"Pantograph":0,"Eternal Feather":24,"Tiny Chest":0,"Black Star":2,"Juzu Bracelet":0,"obtain_stats":[{"Girya":14,"animator:Hoodie":11,"animator:TheMissingPiece":0,"Eternal Feather":20,"Juzu Bracelet":26,"Odd Mushroom":12,"Ancient Tea Set":25,"animator:PurgingStone":0,"Gambling Chip":23,"Pantograph":25,"Tiny Chest":23,"animator:LivingPicture":0,"Black Star":17,"animator:OldCoffin":2,"Meat on the Bone":9},{"Girya":5,"animator:Hoodie":3,"animator:TheMissingPiece":0,"Eternal Feather":8,"Juzu Bracelet":12,"Odd Mushroom":4,"Ancient Tea Set":12,"animator:PurgingStone":0,"Gambling Chip":11,"Pantograph":12,"Tiny Chest":11,"animator:LivingPicture":0,"Black Star":6,"animator:OldCoffin":1,"Meat on the Bone":2},{"Girya":22,"animator:Hoodie":12,"animator:TheMissingPiece":0,"Eternal Feather":42,"Juzu Bracelet":68,"Odd Mushroom":16,"Ancient Tea Set":68,"animator:PurgingStone":0,"Gambling Chip":58,"Pantograph":68,"Tiny Chest":58,"animator:LivingPicture":0,"Black Star":33,"animator:OldCoffin":4,"Meat on the Bone":8}],"Meat on the Bone":108},"card_choices":[{"not_picked":["animator:MetalKnight","animator:Bozes"],"picked":"animator:UneriGinkaku","floor":1.0},{"not_picked":["animator:Togame","animator:IzunaHatsuse"],"picked":"animator:Mitsuba","floor":3.0},{"not_picked":["animator:AcuraAkari","animator:FielNirvalen"],"picked":"animator:HighElfArcher","floor":11.0},{"not_picked":["animator:Emonzaemon","animator:Geryuganshoop"],"picked":"animator:Shuna","floor":12.0},{"not_picked":["animator:Hitei","animator:Nanami"],"picked":"animator:ZankiKiguchi","floor":14.0},{"not_picked":["animator:Father","animator:Guren"],"picked":"animator:FeridBathory","floor":16.0},{"not_picked":["animator:DolaRiku","animator:Hakurou"],"picked":"animator:Viivi+1","floor":18.0},{"not_picked":["animator:Spearman","animator:RinTohsaka"],"picked":"animator:ChaikaBohdan","floor":19.0},{"not_picked":["animator:MaesHughes","animator:Viivi","animator:GazelDwargon"],"picked":"SKIP","floor":21},{"not_picked":["animator:Yuuichirou","animator:Shigure"],"picked":"animator:HiiragiShinya","floor":22},{"not_picked":["animator:ChlammyZell","animator:HighElfArcher+1"],"picked":"animator:Shichika+1","floor":23},{"not_picked":["animator:Spearman","animator:Shichika"],"picked":"animator:YaoHaDucy","floor":25}],"player_experience":764295,"relics_obtained":[{"floor":9.0,"key":"Meat on the Bone"},{"floor":11.0,"key":"animator:Hoodie"},{"floor":12.0,"key":"Odd Mushroom"},{"floor":14.0,"key":"Girya"},{"floor":23,"key":"Gambling Chip"},{"floor":23,"key":"Tiny Chest"},{"floor":25,"key":"Pantograph"},{"floor":25,"key":"Ancient Tea Set"},{"floor":26,"key":"Juzu Bracelet"}],"event_choices":[{"damage_healed":0.0,"max_hp_gain":0.0,"max_hp_loss":0.0,"gold_gain":0.0,"event_name":"WeMeetAgain","player_choice":"Gave Potion","floor":2.0,"gold_loss":0.0,"damage_taken":0.0,"relics_obtained":["animator:OldCoffin"]},{"damage_healed":0.0,"max_hp_gain":0.0,"max_hp_loss":0.0,"gold_gain":0.0,"event_name":"Living Wall","player_choice":"Grow","floor":7.0,"gold_loss":0.0,"damage_taken":0.0,"cards_upgraded":["animator:Azekura"]},{"damage_healed":0.0,"max_hp_gain":0.0,"max_hp_loss":0.0,"gold_gain":0.0,"event_name":"Mushrooms","player_choice":"Fought Mushrooms","floor":12.0,"gold_loss":0.0,"damage_taken":0.0},{"damage_healed":0.0,"max_hp_gain":0.0,"max_hp_loss":0.0,"gold_gain":100.0,"event_name":"Golden Shrine","player_choice":"Pray","floor":13.0,"gold_loss":0.0,"damage_taken":0.0}],"is_beta":false,"boss_relics":[{"not_picked":["Busted Crown","Astrolabe"],"picked":"Black Star"}],"items_purged_floors":[20],"is_endless":false,"potions_floor_spawned":[1,14,21,22],"killed_by":"Book of Stabbing","ascension_level":13}}