{"host":"pr6x8hyknev46vut","time":1609147258,"event":{"mods":["Aspiration","BaseMod","CCEM","Colored Map","Downfall","Googly Eyes","Hermit","Highlight Path","Minty Spire (QoL Compilation)","Permanent Neow","Replay The Spire","Shop Mod","StSLib","The Bug Knight","The Construct","The Cursed","The Disciple","The Necromancer","The Runesmith","The Servant 0.9.4"],"gold_per_floor":[216,226,246,246,211,241,122,122,122,122,138,153,153,6,6,104,104,104,104],"floor_reached":18,"playtime":1371,"items_purged":[],"score":160,"play_id":"70153a65-0096-4984-bbf3-fba5d1daa34b","local_time":"20201228102058","is_ascension_mode":false,"campfire_choices":[{"floor":10,"key":"REST"},{"floor":13,"key":"REST"},{"floor":15,"key":"REST"}],"circlet_count":0,"master_deck":["Runesmith:Strike_RS","Runesmith:Strike_RS","Runesmith:Strike_RS","Runesmith:Strike_RS","Runesmith:Defend_RS","Runesmith:Defend_RS","Runesmith:Defend_RS","Runesmith:Defend_RS","Runesmith:Fortify","Runesmith:EarthShield","Runesmith:EarthShield","Runesmith:BackupBattery","ReplayTheSpireMod:Armaments MK-II-B","Runesmith:DoubleUp","Runesmith:RunicBlueprint","Runesmith:Overpower","Runesmith:Retool","Runesmith:UnstableHammer","Runesmith:CraftIndustria"],"relics":["m_RuneBlood","Snack Pack","ReplayTheSpireMod:Ninjato","Sling","aspiration:DefectSkillbook"],"acts_visited":["Exordium","TheCity"],"potions_floor_usage":[],"damage_taken":[{"damage":1,"enemies":"Jaw Worm","floor":1,"turns":5},{"damage":0,"enemies":"2 Louse","floor":2,"turns":3},{"damage":3,"enemies":"Small Slimes","floor":3,"turns":4},{"damage":57,"enemies":"3 Sentries","floor":6,"turns":22},{"damage":15,"enemies":"3 Louse","floor":11,"turns":9},{"damage":2,"enemies":"Blue Slaver","floor":12,"turns":7},{"damage":29,"enemies":"Hexaghost","floor":16,"turns":13},{"damage":70,"enemies":"Chosen","floor":18,"turns":13}],"seed_played":"6906459690385843957","potions_obtained":[{"floor":3,"key":"Energy Potion"},{"floor":12,"key":"Toxic Potion"},{"floor":16,"key":"champ:CounterPotion"}],"is_trial":false,"path_per_floor":["M","M","M","?","?","E","$","T","T","R","M","M","R","$","R","B",null,"M"],"character_chosen":"RUNESMITH_CLASS","items_purchased":["Runesmith:RunicBlueprint","Runesmith:Overpower","Sling"],"campfire_rested":3,"item_purchase_floors":[7,7,14],"current_hp_per_floor":[69,69,66,66,70,16,16,16,16,37,25,26,47,47,68,50,70,0,0],"gold":104,"neow_bonus":"HUNDRED_GOLD","is_daily":false,"chose_seed":false,"campfire_upgraded":0,"win_rate":0.0,"timestamp":1609147258,"path_taken":["M","M","M","?","?","E","$","?","T","R","M","M","R","?","R","BOSS","M"],"items_purchased_type":["Card","Card","Relic"],"build_version":"2020-12-22","purchased_purges":0,"victory":false,"max_hp_per_floor":[70,70,70,70,70,70,70,70,70,70,70,70,70,70,70,70,70,70,70],"card_choices":[{"not_picked":["Runesmith:CraftObretio","Runesmith:HeatedChisel"],"picked":"Runesmith:EarthShield","floor":1},{"not_picked":["Runesmith:Overpower","Runesmith:ShiftingStrike"],"picked":"Runesmith:EarthShield","floor":2},{"not_picked":["Runesmith:Refine","Runesmith:EarthShield"],"picked":"Runesmith:BackupBattery","floor":3},{"not_picked":["aspiration:UnbridledHammer","Runesmith:ArcReactor"],"picked":"Runesmith:DoubleUp","floor":6},{"not_picked":["Armaments","Runesmith:BackupBattery"],"picked":"Runesmith:Retool","floor":11},{"not_picked":["Armaments","Runesmith:Repurpose"],"picked":"Runesmith:UnstableHammer","floor":12},{"not_picked":["Runesmith:CraftMedicinae","Runesmith:GenerateForcefield"],"picked":"Runesmith:CraftIndustria","floor":16}],"player_experience":47635,"relics_obtained":[{"floor":6,"key":"Snack Pack"},{"floor":9,"key":"ReplayTheSpireMod:Ninjato"}],"event_choices":[{"damage_healed":17,"gold_gain":0,"player_choice":"Healed","damage_taken":0,"max_hp_gain":0,"max_hp_loss":0,"event_name":"The Cleric","floor":5,"gold_loss":35}],"is_beta":false,"boss_relics":[{"not_picked":["Snecko Eye","Replay:Wanted Poster"],"picked":"aspiration:DefectSkillbook"}],"items_purged_floors":[],"is_endless":false,"potions_floor_spawned":[3,12,16],"killed_by":"Chosen","ascension_level":0}}