{"host":"07ljfmttuzqopd7f","time":1609144907,"event":{"mods":["2.2 Compatiblity","BaseMod","Bestiary","Block Reminder","Colored Map","Colored Powertips","Hermit","Minty Spire (QoL Compilation)","Quick Restart","Rare Cards Sparkle","Relic Stats","StSLib"],"gold_per_floor":[109,40,115,35,48,79,79,2,2,75,75,75,109,129,129,233,233,247,97,97,97,97,97,122,122,122,141,170,189,203,16,16,120,120,132,179,192,172,183,183,201,201,224,224,224,224,81,93,93,93],"floor_reached":51,"playtime":1743,"items_purged":["Strike_G"],"score":970,"play_id":"ae672a17-110f-4fd2-87e9-b7248112e14d","local_time":"20201228034147","is_ascension_mode":true,"campfire_choices":[{"data":"Leg Sweep","floor":7,"key":"SMITH"},{"data":"Footwork","floor":11,"key":"SMITH"},{"floor":15,"key":"REST"},{"data":"Noxious Fumes","floor":25,"key":"SMITH"},{"floor":32,"key":"REST"},{"floor":45,"key":"REST"},{"floor":49,"key":"REST"}],"circlet_count":0,"master_deck":["Strike_G","Strike_G","Strike_G","Defend_G","Defend_G","Defend_G","Defend_G","Defend_G","Survivor","Neutralize","Well Laid Plans","Dash","Noxious Fumes+1","Deadly Poison","Leg Sweep+1","Footwork+1","Dagger Spray","Footwork","Die Die Die","Riddle With Holes","Poisoned Stab","J.A.X.","Bouncing Flask","Dagger Throw+1","Terror+1","Crippling Poison+1","Leg Sweep+1","Caltrops","Venomology+1","PiercingWail+1","Discovery+1"],"relics":["Ring of the Snake","NeowsBlessing","Akabeko","Potion Belt","PreservedInsect","Paper Crane","SlaversCollar","Vajra","Toxic Egg 2","Pen Nib","Velvet Choker","Dead Branch","Toy Ornithopter","Ice Cream"],"acts_visited":["Exordium","TheCity","TheBeyond"],"potions_floor_usage":[13,24,27,29,30,30,33,36,39,41,46,48,50,50,50,50,50],"damage_taken":[{"damage":0,"enemies":"Cultist","floor":1,"turns":1},{"damage":0,"enemies":"Jaw Worm","floor":5,"turns":1},{"damage":0,"enemies":"Gremlin Nob","floor":6,"turns":1},{"damage":5,"enemies":"3 Sentries","floor":13,"turns":8},{"damage":4,"enemies":"Small Slimes","floor":14,"turns":4},{"damage":22,"enemies":"Slime Boss","floor":16,"turns":16},{"damage":2,"enemies":"Shell Parasite","floor":18,"turns":8},{"damage":0,"enemies":"Book of Stabbing","floor":24,"turns":4},{"damage":3,"enemies":"Chosen","floor":27,"turns":3},{"damage":3,"enemies":"Gremlin Leader","floor":28,"turns":4},{"damage":6,"enemies":"Snake Plant","floor":29,"turns":4},{"damage":18,"enemies":"Cultist and Chosen","floor":30,"turns":3},{"damage":27,"enemies":"Champ","floor":33,"turns":11},{"damage":10,"enemies":"Orb Walker","floor":35,"turns":4},{"damage":20,"enemies":"2 Orb Walkers","floor":36,"turns":6},{"damage":0,"enemies":"3 Shapes","floor":37,"turns":4},{"damage":10,"enemies":"Maw","floor":39,"turns":7},{"damage":2,"enemies":"Writhing Mass","floor":41,"turns":6},{"damage":0,"enemies":"3 Darklings","floor":46,"turns":2},{"damage":6,"enemies":"Spire Growth","floor":48,"turns":6},{"damage":26,"enemies":"Awakened One","floor":50,"turns":11}],"seed_played":"3400065294595578337","potions_obtained":[{"floor":1,"key":"FearPotion"},{"floor":5,"key":"Swift Potion"},{"floor":14,"key":"SteroidPotion"},{"floor":18,"key":"Poison Potion"},{"floor":24,"key":"GamblersBrew"},{"floor":35,"key":"SmokeBomb"},{"floor":37,"key":"Dexterity Potion"},{"floor":38,"key":"CultistPotion"},{"floor":39,"key":"Weak Potion"},{"floor":48,"key":"SkillPotion"}],"is_trial":false,"path_per_floor":["M","$","?","$","M","E","R","$","T","?","R","?","E","M","R","B",null,"M","$","?","?","?","?","E","R","T","M","E","M","M","$","R","B",null,"M","?","M","?","M","?","M","?","T","?","R","M","?","M","R","B",null],"character_chosen":"THE_SILENT","items_purchased":["Dash","Noxious Fumes","Footwork","PowerPotion","Poisoned Stab","Leg Sweep+1","Regen Potion","Caltrops"],"campfire_rested":4,"item_purchase_floors":[2,4,8,19,19,31,31,31],"current_hp_per_floor":[70,70,59,59,59,59,59,59,59,59,59,47,42,38,59,37,62,60,60,60,60,60,47,47,47,47,44,41,35,17,17,39,27,63,53,33,33,33,23,23,21,21,21,21,42,47,47,46,67,50],"gold":93,"neow_bonus":"THREE_ENEMY_KILL","is_daily":false,"chose_seed":false,"campfire_upgraded":3,"win_rate":0.0,"timestamp":1609144907,"path_taken":["M","?","?","?","?","E","R","$","T","?","R","?","E","M","R","BOSS","M","$","?","?","?","?","E","R","T","M","E","M","M","$","R","BOSS","M","?","M","?","?","?","?","?","T","?","R","M","?","M","R","BOSS"],"items_purchased_type":["Card","Card","Card","Potion","Card","Card","Potion","Card"],"build_version":"2020-12-22","purchased_purges":1,"victory":true,"max_hp_per_floor":[70,70,70,70,70,70,70,70,70,70,70,70,70,70,70,70,70,70,70,70,70,70,75,75,75,75,75,75,75,75,75,75,75,75,75,75,75,75,75,75,75,75,75,71,71,71,71,71,71,71],"relic_stats":{"counters":[21,114],"Dead Branch":[35],"PreservedInsect":115,"Pen Nib":[9],"obtain_stats":[{"Potion Belt":9,"Ice Cream":47,"NeowsBlessing":0,"Dead Branch":36,"Vajra":24,"Velvet Choker":34,"PreservedInsect":12,"Pen Nib":28,"Paper Crane":13,"Akabeko":6,"SlaversCollar":17,"Toxic Egg 2":26,"Toy Ornithopter":43,"Ring of the Snake":0},{"Potion Belt":3,"Ice Cream":19,"NeowsBlessing":0,"Dead Branch":15,"Vajra":8,"Velvet Choker":13,"PreservedInsect":3,"Pen Nib":10,"Paper Crane":4,"Akabeko":3,"SlaversCollar":6,"Toxic Egg 2":8,"Toy Ornithopter":18,"Ring of the Snake":0},{"Potion Belt":3,"Ice Cream":97,"NeowsBlessing":0,"Dead Branch":78,"Vajra":43,"Velvet Choker":68,"PreservedInsect":3,"Pen Nib":50,"Paper Crane":11,"Akabeko":3,"SlaversCollar":31,"Toxic Egg 2":43,"Toy Ornithopter":95,"Ring of the Snake":0}],"Toy Ornithopter":19,"Ring of the Snake":[42]},"card_choices":[{"not_picked":["Flechettes","Poisoned Stab"],"picked":"Well Laid Plans","floor":1},{"not_picked":["Quick Slash","Dodge and Roll"],"picked":"Deadly Poison","floor":5},{"not_picked":["Predator","Corpse Explosion"],"picked":"Leg Sweep","floor":6},{"not_picked":["Underhanded Strike","Leg Sweep"],"picked":"Dagger Spray","floor":13},{"not_picked":["Dodge and Roll","Backflip"],"picked":"Footwork","floor":14},{"not_picked":["After Image","Unload"],"picked":"Die Die Die","floor":16},{"not_picked":["Deflect","Endless Agony+1"],"picked":"Riddle With Holes","floor":18},{"not_picked":["Flying Knee+1","Distraction"],"picked":"Dagger Throw+1","floor":24},{"not_picked":["Infinite Blades","Sucker Punch"],"picked":"Terror+1","floor":27},{"not_picked":["Quick Slash","Dagger Throw+1","Deadly Poison+1"],"picked":"SKIP","floor":28},{"not_picked":["Prepared+1","Setup+1"],"picked":"Crippling Poison+1","floor":29},{"not_picked":["Deadly Poison+1","All Out Attack","Finisher+1"],"picked":"SKIP","floor":30},{"not_picked":["Grand Finale","Glass Knife"],"picked":"Venomology+1","floor":33},{"not_picked":["Cloak And Dagger+1","Dagger Throw+1","Leg Sweep+1"],"picked":"SKIP","floor":35},{"not_picked":["Quick Slash+1","Dagger Spray"],"picked":"PiercingWail+1","floor":36},{"not_picked":["Setup+1","Deflect+1","Eviscerate+1"],"picked":"SKIP","floor":37},{"not_picked":["Prepared+1","Blur+1","Riddle With Holes"],"picked":"SKIP","floor":39},{"not_picked":["Flying Knee+1","Cloak And Dagger+1","Accuracy+1"],"picked":"SKIP","floor":41},{"not_picked":["Trip+1","Chrysalis+1"],"picked":"Discovery+1","floor":42},{"not_picked":["Prepared+1","Flechettes","Flying Knee+1"],"picked":"SKIP","floor":48}],"player_experience":424560,"relics_obtained":[{"floor":6,"key":"Akabeko"},{"floor":9,"key":"Potion Belt"},{"floor":13,"key":"Paper Crane"},{"floor":24,"key":"Vajra"},{"floor":26,"key":"Toxic Egg 2"},{"floor":28,"key":"Pen Nib"},{"floor":36,"key":"Dead Branch"},{"floor":43,"key":"Toy Ornithopter"}],"event_choices":[{"damage_healed":0,"gold_gain":75,"player_choice":"Gather Gold","damage_taken":11,"max_hp_gain":0,"max_hp_loss":0,"event_name":"World of Goop","floor":3,"gold_loss":0},{"damage_healed":0,"gold_gain":73,"player_choice":"Gained Gold","damage_taken":0,"max_hp_gain":0,"max_hp_loss":0,"event_name":"Golden Wing","floor":10,"gold_loss":0},{"damage_healed":0,"gold_gain":0,"player_choice":"Success","damage_taken":12,"relics_obtained":["PreservedInsect"],"max_hp_gain":0,"max_hp_loss":0,"event_name":"Scrap Ooze","floor":12,"gold_loss":0},{"damage_healed":0,"gold_gain":0,"player_choice":"Obtain J.A.X.","damage_taken":0,"max_hp_gain":0,"max_hp_loss":0,"event_name":"Drug Dealer","floor":20,"gold_loss":0,"cards_obtained":["J.A.X."]},{"damage_healed":0,"gold_gain":0,"player_choice":"Read","damage_taken":0,"max_hp_gain":0,"max_hp_loss":0,"event_name":"The Library","floor":21,"gold_loss":0,"cards_obtained":["Bouncing Flask"]},{"cards_removed":["Strike_G"],"damage_healed":0,"gold_gain":0,"player_choice":"Elegance","damage_taken":0,"max_hp_gain":0,"max_hp_loss":0,"event_name":"Back to Basics","floor":22,"gold_loss":0},{"damage_healed":0,"gold_gain":0,"player_choice":"Shed Blood","damage_taken":18,"max_hp_gain":5,"max_hp_loss":0,"event_name":"Forgotten Altar","floor":23,"gold_loss":0},{"damage_healed":0,"gold_gain":0,"player_choice":"Fight","damage_taken":0,"max_hp_gain":0,"max_hp_loss":0,"event_name":"Mysterious Sphere","floor":36,"gold_loss":0},{"damage_healed":0,"gold_gain":0,"player_choice":"Bought 1 Potion","damage_taken":0,"max_hp_gain":0,"max_hp_loss":0,"event_name":"The Woman in Blue","floor":38,"gold_loss":0},{"damage_healed":0,"gold_gain":0,"player_choice":"Ignored","damage_taken":0,"max_hp_gain":0,"max_hp_loss":0,"event_name":"NoteForYourself","floor":40,"gold_loss":0},{"damage_healed":0,"gold_gain":0,"player_choice":"Memory 1","damage_taken":0,"max_hp_gain":0,"max_hp_loss":0,"event_name":"SensoryStone","floor":42,"gold_loss":0},{"damage_healed":0,"gold_gain":0,"player_choice":"Max HP","damage_taken":0,"max_hp_gain":0,"max_hp_loss":4,"event_name":"Winding Halls","floor":44,"gold_loss":0},{"damage_healed":0,"gold_gain":0,"player_choice":"Paid Gold","damage_taken":0,"relics_obtained":["Ice Cream"],"max_hp_gain":0,"max_hp_loss":0,"event_name":"WeMeetAgain","floor":47,"gold_loss":143}],"is_beta":false,"boss_relics":[{"not_picked":["Ectoplasm","Empty Cage"],"picked":"SlaversCollar"},{"not_picked":["Tiny House","Calling Bell"],"picked":"Velvet Choker"}],"items_purged_floors":[19],"is_endless":false,"potions_floor_spawned":[1,5,14,18,24,35,37,39,48],"ascension_level":5}}