{"host":"28bpuzdckreop5i0","time":1609164071,"event":{"mods":["Act Like it!","Aspiration","BaseMod","Beaked The Cultist","Best Route Mod","BetterRewards","Challenge The Spire","Conspire","Defuse TimeMaze Blight","Downfall","Energized Spire","GifTheSpireLib","Googly Eyes","Hubris","Infinite Spire","Lobotomy","Mimic Mod","Minty Spire (QoL Compilation)","Relic Stats","Shop Mod","Spicy Shops","StSLib","Stuff the Spire","The Awakened One except there are too many feathers","The Construct","The Cursed","The Disciple","The Hierophant","The IronCluck","The Jungle","Thieving Mod","Transform Curses","Wandering Minibosses","slay the spire mod where everything is the same but ironclad has a cowboy hat"],"gold_per_floor":[110,60,10,10,10,10,10,10,58,68,91,91,91,110,110,236,236,252,220,220,240,253,283,283,283,283],"floor_reached":25,"playtime":1119,"items_purged":[],"score":207,"play_id":"3d78732f-e071-4943-9f8e-1ff23d048c15","local_time":"20201228080111","is_ascension_mode":false,"campfire_choices":[{"data":"construct:OmegaCannon","floor":6,"key":"SMITH"},{"data":"construct:AttackMode","floor":8,"key":"SMITH"},{"floor":12,"key":"REST"},{"floor":15,"key":"REST"},{"data":"construct:Autoturret","floor":24,"key":"SMITH"}],"circlet_count":0,"master_deck":["construct:Strike_Gold","construct:Strike_Gold","construct:Strike_Gold","construct:Strike_Gold","construct:Strike_Gold","construct:Defend_Gold","construct:Defend_Gold","construct:Defend_Gold","construct:Defend_Gold","construct:Defend_Gold","construct:AttackMode+1","construct:OmegaCannon+1","construct:SyphonStrike","construct:Backup","construct:ForceCore","Injury","construct:Autoturret","construct:Reserves","construct:ModeShift","construct:Autoturret+1","construct:ScopeCore+1"],"relics":["construct:Cogwheel","StuffTheSpire:RedRose","infinitespire:PuzzleCube","Odd Mushroom","Bloody Idol","aspiration:RitualDagger","Tiny Chest"],"acts_visited":["Exordium","TheCity"],"potions_floor_usage":[21,22],"damage_taken":[{"damage":6,"enemies":"Cultist","floor":1,"turns":6},{"damage":11,"enemies":"2 Louse","floor":10,"turns":5},{"damage":41,"enemies":"The Mushroom Lair","floor":11,"turns":5},{"damage":3,"enemies":"Jaw Worm","floor":14,"turns":3},{"damage":30,"enemies":"Slime Boss","floor":16,"turns":6},{"damage":19,"enemies":"Spheric Guardian","floor":18,"turns":3},{"damage":25,"enemies":"Shell Parasite","floor":21,"turns":6},{"damage":61,"enemies":"Shelled Parasite and Fungi","floor":22,"turns":5},{"damage":83,"enemies":"Nightmare","floor":23,"turns":13},{"damage":47,"enemies":"Gremlin Leader","floor":25,"turns":2}],"seed_played":"-1662521315012436920","potions_obtained":[{"floor":14,"key":"conspire:TimeTravelPotion"},{"floor":16,"key":"ColorlessPotion"},{"floor":22,"key":"sneckomod:MuddlingPotion"}],"is_trial":false,"path_per_floor":["M","?","$","?","?","R","$","R","T","M","?","R","?","M","R","B",null,"M","$","?","M","M","NM","R","E"],"character_chosen":"THE_CONSTRUCT_MOD","items_purchased":["construct:SyphonStrike","construct:ModeShift"],"campfire_rested":2,"item_purchase_floors":[3,19],"current_hp_per_floor":[87,87,87,87,87,87,87,87,87,76,35,62,62,59,86,56,93,74,74,74,54,12,40,40,0,0],"gold":283,"neow_bonus":"TEN_PERCENT_HP_BONUS","is_daily":false,"chose_seed":false,"campfire_upgraded":3,"win_rate":0.0,"timestamp":1609164071,"path_taken":["M","?","$","?","?","R","$","R","T","?","?","R","?","M","R","BOSS","M","$","?","M","M","NM","R","E"],"items_purchased_type":["Card","Card"],"build_version":"2020-12-22","purchased_purges":0,"victory":false,"max_hp_per_floor":[93,93,93,93,93,93,93,93,93,93,93,93,93,93,93,93,93,93,93,93,93,93,93,93,93,93],"relic_stats":{"counters":[10,54],"Bloody Idol":15,"Tiny Chest":0,"obtain_stats":[{"Golden Idol":13,"construct:Cogwheel":0,"Bloody Idol":20,"Tiny Chest":23,"aspiration:RitualDagger":17,"StuffTheSpire:RedRose":4,"Odd Mushroom":11,"infinitespire:PuzzleCube":9},{"Golden Idol":3,"construct:Cogwheel":0,"Bloody Idol":6,"Tiny Chest":9,"aspiration:RitualDagger":5,"StuffTheSpire:RedRose":1,"Odd Mushroom":3,"infinitespire:PuzzleCube":1},{"Golden Idol":16,"construct:Cogwheel":0,"Bloody Idol":28,"Tiny Chest":52,"aspiration:RitualDagger":25,"StuffTheSpire:RedRose":6,"Odd Mushroom":16,"infinitespire:PuzzleCube":6}]},"card_choices":[{"not_picked":["construct:Reinforce","construct:HeavyBolt"],"picked":"construct:OmegaCannon","floor":1},{"not_picked":["construct:Reinforce","construct:ClusterMines"],"picked":"construct:Backup","floor":10},{"not_picked":["construct:Electrocute","construct:VentSteam"],"picked":"construct:ForceCore","floor":11},{"not_picked":["construct:ClusterMines","construct:Chainstrike"],"picked":"construct:Autoturret","floor":14},{"not_picked":["construct:ClockworkEgg","construct:PanicFire"],"picked":"construct:Reserves","floor":16},{"not_picked":["construct:VentSteam","construct:ShiftStrike","construct:Forcefield+1"],"picked":"SKIP","floor":18},{"not_picked":["construct:ScrapCannon+1","construct:Versatility+1","construct:FlakBarrage"],"picked":"SKIP","floor":21},{"not_picked":["construct:Dampening","construct:SyphonStrike+1"],"picked":"construct:Autoturret","floor":22},{"not_picked":["construct:Analyze","construct:SaveState"],"picked":"construct:ScopeCore+1","floor":23}],"player_experience":901968,"relics_obtained":[{"floor":9,"key":"infinitespire:PuzzleCube"},{"floor":11,"key":"Odd Mushroom"},{"floor":23,"key":"Tiny Chest"}],"event_choices":[{"cards_removed":["construct:DefenseMode"],"damage_healed":0,"gold_gain":0,"player_choice":"Card Removal","damage_taken":0,"max_hp_gain":0,"max_hp_loss":0,"event_name":"The Cleric","floor":2,"gold_loss":50},{"damage_healed":0,"gold_gain":0,"player_choice":"Fought Mushrooms","damage_taken":0,"max_hp_gain":0,"max_hp_loss":0,"event_name":"Mushrooms","floor":11,"gold_loss":0},{"damage_healed":0,"gold_gain":0,"player_choice":"Take Wound","damage_taken":0,"relics_obtained":["Golden Idol"],"max_hp_gain":0,"max_hp_loss":0,"event_name":"Golden Idol","floor":13,"gold_loss":0,"cards_obtained":["Injury"]},{"damage_healed":0,"gold_gain":0,"player_choice":"Gave Idol","damage_taken":0,"relics_obtained":["Bloody Idol"],"max_hp_gain":0,"max_hp_loss":0,"event_name":"Forgotten Altar","floor":20,"relics_lost":["Golden Idol"],"gold_loss":0}],"is_beta":false,"boss_relics":[{"not_picked":["conspire:RunicOctahedron","hubris:BlackHole"],"picked":"aspiration:RitualDagger"}],"items_purged_floors":[],"is_endless":false,"potions_floor_spawned":[14,16,22],"killed_by":"Gremlin Leader","ascension_level":0}}