{"host":"640uue19m79c7wbt","time":1609140734,"event":{"mods":["BaseMod","Colored Map","Googly Eyes","Highlight Path","Minty Spire (QoL Compilation)","Quick Restart","StSLib"],"gold_per_floor":[113,113,12,12,24,24,36,68,95,95,45,45,45],"floor_reached":12,"playtime":296,"items_purged":["Strike_G"],"score":110,"play_id":"75b1a22d-b4ab-42af-b8a1-09acf88a3aa1","local_time":"20201228023214","is_ascension_mode":true,"campfire_choices":[{"data":"Neutralize","floor":6,"key":"SMITH"},{"data":"Tactician","floor":10,"key":"SMITH"}],"circlet_count":0,"master_deck":["Strike_G","Strike_G","Strike_G","Defend_G","Defend_G","Defend_G","Defend_G","Defend_G","Survivor","Neutralize+1","Blur+1","Slice","Cloak And Dagger","Tactician+1"],"relics":["Ring of the Snake","NeowsBlessing","Bag of Marbles","Dream Catcher"],"acts_visited":["Exordium"],"potions_floor_usage":[8,8],"damage_taken":[{"damage":0.0,"enemies":"Small Slimes","floor":1.0,"turns":1.0},{"damage":0,"enemies":"Cultist","floor":5,"turns":1},{"damage":0,"enemies":"Jaw Worm","floor":7,"turns":1},{"damage":10,"enemies":"Lagavulin","floor":8,"turns":5},{"damage":32,"enemies":"3 Sentries","floor":12,"turns":9}],"seed_played":"-6088539012297134780","potions_obtained":[{"floor":1.0,"key":"CultistPotion"},{"floor":7,"key":"FearPotion"}],"is_trial":false,"path_per_floor":["M","?","$","$","M","R","M","E","T","R","?","E"],"character_chosen":"THE_SILENT","items_purchased":["Slice"],"campfire_rested":0,"item_purchase_floors":[3],"current_hp_per_floor":[63,63,63,63,63,63,63,53,53,53,53,21,21],"gold":45,"neow_bonus":"THREE_ENEMY_KILL","is_daily":false,"chose_seed":false,"campfire_upgraded":2,"win_rate":0.0,"timestamp":1609140734,"path_taken":["M","?","$","?","?","R","M","E","T","R","?","E"],"items_purchased_type":["Card"],"build_version":"2020-12-22","purchased_purges":1,"victory":false,"max_hp_per_floor":[70,70,70,70,70,70,70,70,70,70,70,70,70],"card_choices":[{"not_picked":["Quick Slash","Leg Sweep"],"picked":"Blur","floor":1.0},{"not_picked":["Outmaneuver","Masterful Stab","Bane"],"picked":"SKIP","floor":5},{"not_picked":["Concentrate","Choke"],"picked":"Cloak And Dagger","floor":7},{"not_picked":["Underhanded Strike","Blur"],"picked":"Tactician","floor":8}],"player_experience":1243369,"relics_obtained":[{"floor":8,"key":"Bag of Marbles"},{"floor":9,"key":"Dream Catcher"}],"event_choices":[{"damage_healed":0.0,"max_hp_gain":0.0,"max_hp_loss":0.0,"gold_gain":0.0,"event_name":"Upgrade Shrine","player_choice":"Upgraded","floor":2.0,"gold_loss":0.0,"damage_taken":0.0,"cards_upgraded":["Blur"]},{"cards_removed":["Strike_G"],"damage_healed":0,"gold_gain":0,"player_choice":"Card Removal","damage_taken":0,"max_hp_gain":0,"max_hp_loss":0,"event_name":"The Cleric","floor":11,"gold_loss":50}],"is_beta":false,"boss_relics":[],"items_purged_floors":[3],"is_endless":false,"potions_floor_spawned":[1,7],"killed_by":"3 Sentries","ascension_level":9}}