{"host":"z9811rt50ti81n54","time":1609150290,"event":{"mods":["BaseMod","Minty Spire (QoL Compilation)"],"gold_per_floor":[118,118,118,118,135,135,148,148,148,213,238,238,238,258,258,353,353,363,363,383,383,397,417,417,332,332,332,332,365,365,0,0,0,0],"floor_reached":33,"playtime":1255,"items_purged":["Strike_B"],"score":351,"play_id":"02af66e7-37aa-465c-af1b-d9cbdf3be40f","local_time":"20201228191130","is_ascension_mode":true,"campfire_choices":[{"data":"Zap","floor":6,"key":"SMITH"},{"data":"Dualcast","floor":8,"key":"SMITH"},{"floor":12,"key":"DIG"},{"floor":15,"key":"DIG"},{"floor":24,"key":"DIG"},{"floor":28,"key":"DIG"},{"floor":32,"key":"DIG"}],"circlet_count":0,"master_deck":["Strike_B","Defend_B","Defend_B","Defend_B","Zap+1","Dualcast+1","Undo","Coolheaded","Scrape","Auto Shields","Reinforced Body","Meteor Strike","Go for the Eyes","Biased Cognition","Compile Driver+1","Melter","Gash+1","Gash+1","Chill","RitualDagger","Turbo","Hologram","Sweeping Beam"],"relics":["Cracked Core","The Courier","Bag of Preparation","Bottled Flame","Shovel","Symbiotic Virus","Bird Faced Urn","Juzu Bracelet","Nuclear Battery","Nunchaku","PreservedInsect","Peace Pipe","HornCleat","Calipers","Pear","WingedGreaves"],"acts_visited":["Exordium","TheCity"],"potions_floor_usage":[33,33],"damage_taken":[{"damage":0,"enemies":"Jaw Worm","floor":1,"turns":3},{"damage":0,"enemies":"Small Slimes","floor":5,"turns":3},{"damage":2,"enemies":"2 Louse","floor":7,"turns":2},{"damage":11,"enemies":"Gremlin Nob","floor":10,"turns":4},{"damage":23,"enemies":"3 Sentries","floor":11,"turns":11},{"damage":0,"enemies":"Blue Slaver","floor":14,"turns":2},{"damage":17,"enemies":"Slime Boss","floor":16,"turns":12},{"damage":0,"enemies":"Spheric Guardian","floor":18,"turns":3},{"damage":2,"enemies":"3 Byrds","floor":20,"turns":4},{"damage":0,"enemies":"Snecko","floor":22,"turns":4},{"damage":0,"enemies":"Snake Plant","floor":23,"turns":3},{"damage":6,"enemies":"Slavers","floor":29,"turns":4},{"damage":74,"enemies":"Automaton","floor":33,"turns":10}],"seed_played":"3967923948427486499","potions_obtained":[{"floor":5,"key":"SpeedPotion"},{"floor":16,"key":"Weak Potion"},{"floor":18,"key":"DistilledChaos"}],"is_trial":false,"path_per_floor":["M","?","?","?","M","R","M","R","T","?","E","R","T","M","R","B",null,"M","?","M","?","M","M","R","?","T","?","R","E","?","$","R","B"],"character_chosen":"DEFECT","items_purchased":["Pear","Turbo","Hologram","Sweeping Beam"],"campfire_rested":0,"item_purchase_floors":[31,31,31,31],"current_hp_per_floor":[75,63,56,61,61,61,59,59,59,48,25,25,25,25,25,8,62,64,64,64,64,66,66,66,66,66,66,66,62,56,66,66,0,0],"gold":0,"neow_bonus":"TRANSFORM_CARD","is_daily":false,"chose_seed":false,"campfire_upgraded":2,"win_rate":0.0,"timestamp":1609150290,"path_taken":["M","?","?","?","M","R","M","R","T","?","E","R","?","M","R","BOSS","M","?","M","?","M","M","R","?","T","?","R","E","?","$","R","BOSS"],"items_purchased_type":["Relic","Card","Card","Card"],"build_version":"2020-12-22","purchased_purges":1,"victory":false,"max_hp_per_floor":[75,75,75,80,80,80,80,80,80,80,80,80,80,80,80,80,80,80,80,80,80,80,80,80,80,80,80,80,80,80,90,90,90,90],"card_choices":[{"not_picked":["Darkness","Hologram"],"picked":"Coolheaded","floor":1},{"not_picked":["Cold Snap","Go for the Eyes"],"picked":"Scrape","floor":5},{"not_picked":["Darkness","Hologram"],"picked":"Auto Shields","floor":7},{"not_picked":["Stack","Storm"],"picked":"Reinforced Body","floor":10},{"not_picked":["Auto Shields","Lockon"],"picked":"Meteor Strike","floor":11},{"not_picked":["Tempest","Ball Lightning"],"picked":"Go for the Eyes","floor":14},{"not_picked":["Fission","Hyperbeam"],"picked":"Biased Cognition","floor":16},{"not_picked":["Hologram+1","Barrage+1"],"picked":"Compile Driver+1","floor":18},{"not_picked":["Coolheaded","Turbo"],"picked":"Melter","floor":20},{"not_picked":["Heatsinks+1","Leap+1"],"picked":"Gash+1","floor":22},{"not_picked":["Conserve Battery","Sweeping Beam"],"picked":"Gash+1","floor":23},{"not_picked":["FTL","Reprogram"],"picked":"Chill","floor":29}],"player_experience":248418,"relics_obtained":[{"floor":9,"key":"Bag of Preparation"},{"floor":10,"key":"Bottled Flame"},{"floor":11,"key":"Shovel"},{"floor":12,"key":"Symbiotic Virus"},{"floor":13,"key":"Bird Faced Urn"},{"floor":15,"key":"Juzu Bracelet"},{"floor":24,"key":"Nunchaku"},{"floor":26,"key":"Peace Pipe"},{"floor":28,"key":"HornCleat"},{"floor":29,"key":"Calipers"},{"floor":32,"key":"WingedGreaves"}],"event_choices":[{"damage_healed":0,"gold_gain":0,"player_choice":"Success","damage_taken":12,"relics_obtained":["The Courier"],"max_hp_gain":0,"max_hp_loss":0,"event_name":"Scrap Ooze","floor":2,"gold_loss":0},{"cards_removed":["Defend_B"],"damage_healed":0,"gold_gain":0,"player_choice":"Card Removal","damage_taken":7,"max_hp_gain":0,"max_hp_loss":0,"event_name":"Golden Wing","floor":3,"gold_loss":0},{"damage_healed":0,"gold_gain":0,"player_choice":"Donut","damage_taken":0,"max_hp_gain":5,"max_hp_loss":0,"event_name":"Big Fish","floor":4,"gold_loss":0},{"damage_healed":0,"gold_gain":0,"player_choice":"Searched \u00271\u0027 times","damage_taken":0,"max_hp_gain":0,"max_hp_loss":0,"event_name":"Dead Adventurer","floor":10,"gold_loss":0},{"damage_healed":0,"gold_gain":0,"player_choice":"Ignored","damage_taken":0,"max_hp_gain":0,"max_hp_loss":0,"event_name":"Ghosts","floor":19,"gold_loss":0},{"cards_removed":["Strike_B"],"damage_healed":0,"gold_gain":0,"player_choice":"Purged","damage_taken":0,"max_hp_gain":0,"max_hp_loss":0,"event_name":"Purifier","floor":21,"gold_loss":0},{"damage_healed":0,"gold_gain":0,"player_choice":"Obtained Relic","damage_taken":0,"relics_obtained":["PreservedInsect"],"max_hp_gain":0,"max_hp_loss":0,"event_name":"Addict","floor":25,"gold_loss":85},{"damage_healed":0,"gold_gain":0,"player_choice":"Ignored","damage_taken":0,"max_hp_gain":0,"max_hp_loss":0,"event_name":"Vampires","floor":27,"gold_loss":0},{"damage_healed":0,"gold_gain":0,"player_choice":"Joined the Cult","damage_taken":6,"max_hp_gain":0,"max_hp_loss":0,"event_name":"Nest","floor":30,"gold_loss":0,"cards_obtained":["RitualDagger"]}],"is_beta":false,"boss_relics":[{"not_picked":["Inserter","Black Star"],"picked":"Nuclear Battery"}],"items_purged_floors":[31],"is_endless":false,"potions_floor_spawned":[5,16,18,22,23],"killed_by":"Automaton","ascension_level":5}}