{"host":"9op7xyky91xc1g6p","time":1609158361,"event":{"mods":["Act Like it!","Aspiration","Astrologer","Bartender","BaseMod","Beaked The Cultist","Better Altar","Better Note","Better Sensory Stone","Better Skull","Better Third Choice","Better Vampires","BshForSts","CapriCore","Energized Spire","Gensokyo","Hallownest","Hermit","Infinite Spire","Koishi","Magitek Elite","Marisa????????","Minty Spire (QoL Compilation)","Railgun Mod","Random Character Button","Remilia??????","Retaliation","Robot Space Explorer","Shade Mod","Shedinja","SpireExporter+","StSLib","The Animator","The Construct","The Disciple","The Elementalist","The Hierophant","The Immortal","The Marked","The Mystic","The Poker Player","The Runesmith","The Spell Scribe","TheArtist","TheBandit","Trackpad","Yuyuko","??????REMEMod"],"gold_per_floor":[112,31,31,42,58,58,9,0,0,18,53,73,73,88,88,188,188,203,203,203,214,194,194,229,241,265,84,96,96,96,130,130,261,261,275,275],"floor_reached":35,"playtime":2612,"items_purged":["theMarked:UnarmedFury"],"score":472,"play_id":"5fb7a9ac-5cd9-4d7f-9bd0-351c7628b2d4","local_time":"20201228042601","is_ascension_mode":false,"campfire_choices":[{"data":"theMarked:SoldierOfQuellstein","floor":6.0,"key":"SMITH"},{"floor":13.0,"key":"REST"},{"floor":15.0,"key":"REST"},{"floor":23.0,"key":"REST"},{"floor":30.0,"key":"REST"},{"floor":32.0,"key":"REST"}],"circlet_count":0,"master_deck":["theMarked:Strike","theMarked:Strike","theMarked:Strike","theMarked:Strike","theMarked:Strike","theMarked:Defend","theMarked:Defend","theMarked:Defend","theMarked:Defend","theMarked:SoldierOfQuellstein+1","theMarked:Static+1","theMarked:PowerFlow","theMarked:ParalyzingBlade","theMarked:ElectricStrings","theMarked:EmpowerWeapon","Enlightenment","theMarked:ReduceFriction","theMarked:WardOff","theMarked:ShockingTouch","theMarked:ThrowWeapon","theMarked:Aftermath","infinitespire:Fortify","REME_Flogging+1","theMarked:HeritageOfTheMarked","theMarked:MysticalArsenal","theMarked:HeightenedSenses+1","theMarked:EmpowerWeapon","theMarked:BanishingStrike","theMarked:Frustration","theMarked:ChainLightning","theMarked:TakeOffHeels","Shedinja:StruggleBug+1"],"relics":["theMarked:ArtifactOfAir","REME_ComplimentaryCards","Mango","Torii","aspiration:PoetsPen_weak","infinitespire:Bottled Soul","theMarked:BronzeBlade","REME_HourglassOfDeath","REME_PuzzleBoxRelic","trackpad:PetRock","aspiration:RitualStick","The Courier","SacredBark"],"acts_visited":["Exordium","TheCity","TheBeyond"],"potions_floor_usage":[],"damage_taken":[{"damage":1.0,"enemies":"Cultist","floor":1.0,"turns":3.0},{"damage":0.0,"enemies":"2 Louse","floor":4.0,"turns":2.0},{"damage":5.0,"enemies":"Small Slimes","floor":5.0,"turns":3.0},{"damage":15.0,"enemies":"Exordium Wildlife","floor":10.0,"turns":4.0},{"damage":18.0,"enemies":"3 Sentries","floor":11.0,"turns":4.0},{"damage":8.0,"enemies":"Exordium Thugs","floor":12.0,"turns":4.0},{"damage":1.0,"enemies":"Large Slime","floor":14.0,"turns":3.0},{"damage":51.0,"enemies":"Hexaghost","floor":16.0,"turns":11.0},{"damage":43.0,"enemies":"Shell Parasite","floor":18.0,"turns":6.0},{"damage":18.0,"enemies":"3 Byrds","floor":21.0,"turns":3.0},{"damage":17.0,"enemies":"Nightmare","floor":24.0,"turns":8.0},{"damage":0.0,"enemies":"Centurion and Healer","floor":25.0,"turns":4.0},{"damage":0.0,"enemies":"Sentry and Sphere","floor":28.0,"turns":3.0},{"damage":0.0,"enemies":"Gremlin Leader","floor":31.0,"turns":3.0},{"damage":48.0,"enemies":"Champ","floor":33.0,"turns":5.0},{"damage":0,"enemies":"3 Shapes","floor":35,"turns":2}],"seed_played":"1844163715950268288","potions_obtained":[{"floor":0.0,"key":"SneckoOil"},{"floor":0.0,"key":"BlessingOfTheForge"},{"floor":0.0,"key":"SpeedPotion"},{"floor":4.0,"key":"FairyPotion"},{"floor":21.0,"key":"PowerPotion"},{"floor":22.0,"key":"ColorlessPotion"},{"floor":28.0,"key":"REME_GoldPotion"},{"floor":33.0,"key":"Ancient Potion"},{"floor":35,"key":"PowerPotion"}],"is_trial":false,"path_per_floor":["M","$","?","M","M","R","$","?","T","M","E","M","R","M","R","B",null,"M","AVR","?","M","?","R","NM","M","T","$","M","?","R","E","R","B",null,"M"],"character_chosen":"THE_DEFAULT","items_purchased":["theMarked:PowerFlow","theMarked:EmpowerWeapon","trackpad:PetRock","theMarked:BanishingStrike"],"campfire_rested":5,"item_purchase_floors":[2,7,27,27],"current_hp_per_floor":[69,69,69,69,64,64,64,70,84,69,51,43,70,69,90,39,90,47,47,47,29,29,56,39,39,39,39,39,21,48,48,75,27,90,90,90],"gold":275,"neow_bonus":"THREE_SMALL_POTIONS","is_daily":false,"chose_seed":false,"campfire_upgraded":1,"win_rate":0.0,"timestamp":1609158361,"path_taken":["M","?","?","M","?","R","$","?","T","M","E","M","R","M","R","BOSS","M","AVR","?","M","?","R","NM","M","T","$","?","?","R","E","R","BOSS","M"],"items_purchased_type":["Card","Card","Relic","Card"],"build_version":"2020-12-22","purchased_purges":1,"victory":false,"max_hp_per_floor":[70,70,70,70,70,70,70,76,90,90,90,90,90,90,90,90,90,90,90,90,90,90,90,90,90,90,90,90,90,90,90,90,90,90,90,90],"card_choices":[{"not_picked":["theMarked:Aftermath","theMarked:Improvise"],"picked":"theMarked:Static","floor":1.0},{"not_picked":["theMarked:Improvise","theMarked:ResourceFulStrike"],"picked":"theMarked:ParalyzingBlade","floor":4.0},{"not_picked":["theMarked:ResourceFulStrike","theMarked:SwordAndMagic"],"picked":"theMarked:ElectricStrings","floor":5.0},{"not_picked":["theMarked:KeepCalmAndFightOn","theMarked:HeritageOfTheMarked"],"picked":"theMarked:ReduceFriction","floor":10.0},{"not_picked":["theMarked:Parkour","theMarked:Electrify"],"picked":"theMarked:WardOff","floor":11.0},{"not_picked":["theMarked:Parkour","theMarked:Generate"],"picked":"theMarked:ShockingTouch","floor":12.0},{"not_picked":["theMarked:WastefulAttack","theMarked:Improvise"],"picked":"theMarked:UnarmedFury","floor":14.0},{"not_picked":["theMarked:SoldierForm","theMarked:Levitate"],"picked":"theMarked:ThrowWeapon","floor":16.0},{"not_picked":["theMarked:ShockingTouch","theMarked:Electrify"],"picked":"theMarked:Aftermath","floor":18.0},{"not_picked":["theMarked:WardOff","theMarked:Electrocute"],"picked":"theMarked:HeritageOfTheMarked","floor":21.0},{"not_picked":["theMarked:Convert","theMarked:SuspiciousRaven"],"picked":"theMarked:HeightenedSenses+1","floor":24.0},{"not_picked":["theMarked:ResourceFulStrike","theMarked:Reabsorb+1"],"picked":"theMarked:EmpowerWeapon","floor":25.0},{"not_picked":["theMarked:Static","theMarked:Parkour"],"picked":"theMarked:Frustration","floor":28.0},{"not_picked":["theMarked:ResourceFulStrike+1","theMarked:CreepingChasm"],"picked":"theMarked:ChainLightning","floor":31.0},{"not_picked":["theMarked:MuscleMemory","theMarked:SummonStrength"],"picked":"theMarked:TakeOffHeels","floor":33.0},{"not_picked":["Shedinja:ShadowBall","Shedinja:ShadowClaw+1"],"picked":"Shedinja:StruggleBug+1","floor":35}],"player_experience":350915,"relics_obtained":[{"floor":9.0,"key":"Mango"},{"floor":11.0,"key":"Torii"},{"floor":24.0,"key":"REME_HourglassOfDeath"},{"floor":26.0,"key":"REME_PuzzleBoxRelic"},{"floor":31.0,"key":"The Courier"}],"event_choices":[{"damage_healed":0.0,"max_hp_gain":0.0,"max_hp_loss":0.0,"gold_gain":0.0,"event_name":"Upgrade Shrine","player_choice":"Upgraded","floor":3.0,"gold_loss":0.0,"damage_taken":0.0,"cards_upgraded":["theMarked:Static"]},{"damage_healed":0.0,"max_hp_gain":0.0,"max_hp_loss":0.0,"gold_gain":0.0,"event_name":"betterThird:BetterSerpent","player_choice":"RENOUNCE","floor":8.0,"gold_loss":9.0,"damage_taken":9.0,"cards_obtained":["Enlightenment"]},{"cards_removed":["theMarked:ThrowWeapon"],"damage_healed":0.0,"max_hp_gain":0.0,"max_hp_loss":0.0,"gold_gain":0.0,"event_name":"betterNote:BetterNote","player_choice":"Take \u0026 Give","floor":20.0,"gold_loss":0.0,"damage_taken":0.0,"cards_obtained":["REME_Flogging"]},{"damage_healed":0.0,"max_hp_gain":0.0,"max_hp_loss":0.0,"gold_gain":0.0,"event_name":"The Woman in Blue","player_choice":"Bought 1 Potion","floor":22.0,"gold_loss":0.0,"damage_taken":0.0}],"is_beta":false,"boss_relics":[{"not_picked":["aspiration:FutureDiary","trackpad:Trackpad"],"picked":"aspiration:PoetsPen_weak"},{"not_picked":["Pandora\u0027s Box","aspiration:RunicSpoon"],"picked":"SacredBark"}],"items_purged_floors":[19],"is_endless":true,"potions_floor_spawned":[4,5,10,21,28,33,35],"killed_by":"3 Shapes","ascension_level":0}}