{"host":"1eo5f82aifdzd7pr","time":1609140647,"event":{"mods":["AchievementEnabler","BaseMod","Colored Map","Colored Powertips","DeckTracker","Minty Spire (QoL Compilation)","SuperFastMode","The Servant 0.9.4"],"gold_per_floor":[218,236,236,254,264,264,297,297,297,323,323,356,411,429,429,527,527,541,556,569,569,569,569,604,604,604,637,637,651,651,670,670,768,768,788,788,804,822,839,873,873,1203,1229,1248,1275,1295,1295,1312,1312,1312],"floor_reached":51,"playtime":3517,"items_purged":[],"score":1039,"play_id":"231d9df1-fece-43ff-8a60-5f69378cadfd","local_time":"20201228093047","is_ascension_mode":true,"campfire_choices":[{"data":"Moonlight","floor":6.0,"key":"SMITH"},{"data":"SurpressingFire","floor":8.0,"key":"SMITH"},{"data":"Exchange","floor":11.0,"key":"SMITH"},{"data":"Advance","floor":15.0,"key":"SMITH"},{"floor":23.0,"key":"REST"},{"data":"SoulSculpture","floor":25.0,"key":"SMITH"},{"data":"FloweringNight","floor":28.0,"key":"SMITH"},{"data":"Potential","floor":30.0,"key":"SMITH"},{"data":"ShatteredReality","floor":32.0,"key":"SMITH"},{"data":"Starlight","floor":47,"key":"SMITH"},{"data":"GearUp","floor":49,"key":"SMITH"}],"circlet_count":0,"master_deck":["Strike_S","Strike_S","Strike_S","Strike_S","Defend_S","Defend_S","Defend_S","Defend_S","KidneyShot","Exchange+1","Moonlight+1","Starlight+1","TimeWarp","SoulSculpture+1","SurpressingFire+1","Potential+1","Advance+1","GearUp+1","FloweringNight+1","ShatteredReality+1","Rearm+1","DualDimension","Rewind+1","TheWorld+1","Purity+1","TheWorld+1"],"relics":["Uniform","MealTicket","Strawberry","Kunai","Mercury Hourglass","Lizard Tail","Black Star","MutagenicStrength","Question Card","Pen Nib","The Courier","Toxic Egg 2","Bottled Lightning","Busted Crown","Shuriken","Ornamental Fan","White Beast Statue","Old Coin","Happy Flower","Pantograph","Torii"],"acts_visited":["Exordium","TheCity","TheBeyond"],"potions_floor_usage":[50,50],"damage_taken":[{"damage":0.0,"enemies":"Small Slimes","floor":1.0,"turns":3.0},{"damage":0.0,"enemies":"2 Louse","floor":2.0,"turns":2.0},{"damage":0.0,"enemies":"Cultist","floor":4.0,"turns":3.0},{"damage":1.0,"enemies":"Looter","floor":5.0,"turns":2.0},{"damage":28.0,"enemies":"3 Sentries","floor":7.0,"turns":7.0},{"damage":1.0,"enemies":"Gremlin Nob","floor":10.0,"turns":3.0},{"damage":9.0,"enemies":"Lagavulin","floor":12.0,"turns":4.0},{"damage":17.0,"enemies":"Lagavulin Event","floor":13.0,"turns":4.0},{"damage":0.0,"enemies":"Blue Slaver","floor":14.0,"turns":1.0},{"damage":0.0,"enemies":"Hexaghost","floor":16.0,"turns":7.0},{"damage":4.0,"enemies":"Shell Parasite","floor":18.0,"turns":4.0},{"damage":19.0,"enemies":"2 Thieves","floor":19.0,"turns":4.0},{"damage":12.0,"enemies":"Snake Plant","floor":20.0,"turns":3.0},{"damage":26.0,"enemies":"Slavers","floor":24.0,"turns":5.0},{"damage":4.0,"enemies":"Book of Stabbing","floor":27.0,"turns":5.0},{"damage":0.0,"enemies":"Shelled Parasite and Fungi","floor":29.0,"turns":1.0},{"damage":0.0,"enemies":"3 Cultists","floor":31.0,"turns":3.0},{"damage":11.0,"enemies":"Champ","floor":33.0,"turns":6.0},{"damage":9,"enemies":"3 Darklings","floor":35,"turns":4},{"damage":0,"enemies":"3 Shapes","floor":37,"turns":2},{"damage":0,"enemies":"Maw","floor":38,"turns":4},{"damage":4,"enemies":"Sphere and 2 Shapes","floor":39,"turns":2},{"damage":0,"enemies":"Nemesis","floor":40,"turns":3},{"damage":0,"enemies":"Giant Head","floor":42,"turns":3},{"damage":0,"enemies":"Transient","floor":44,"turns":5},{"damage":0,"enemies":"Reptomancer","floor":45,"turns":1},{"damage":3,"enemies":"4 Shapes","floor":46,"turns":3},{"damage":0,"enemies":"Maw","floor":48,"turns":2},{"damage":26,"enemies":"Donu and Deca","floor":50,"turns":5}],"seed_played":"-6249322083472896986","potions_obtained":[{"floor":2.0,"key":"Dexterity Potion"},{"floor":5.0,"key":"LiquidMemories"},{"floor":12.0,"key":"Regen Potion"},{"floor":16.0,"key":"FairyPotion"},{"floor":18.0,"key":"PowerPotion"},{"floor":33.0,"key":"SteroidPotion"},{"floor":37,"key":"SkillPotion"}],"is_trial":false,"path_per_floor":["M","M","?","M","M","R","E","R","T","E","R","E","?","M","R","B",null,"M","M","M","?","?","R","E","R","T","E","R","M","R","M","R","B",null,"M","?","M","M","M","E","?","E","T","M","E","M","R","M","R","B",null],"character_chosen":"THE_SERVANT","items_purchased":[],"campfire_rested":1,"item_purchase_floors":[],"current_hp_per_floor":[65,65,70,70,69,69,41,41,48,47,47,38,33,33,33,33,77,73,54,42,42,42,65,39,39,39,35,35,35,35,35,35,24,77,68,68,68,68,64,64,64,64,64,64,64,61,61,61,61,47],"gold":1312,"neow_bonus":"HUNDRED_GOLD","is_daily":false,"chose_seed":false,"campfire_upgraded":10,"win_rate":0.0,"timestamp":1609140647,"path_taken":["M","M","?","M","M","R","E","R","T","E","R","E","?","M","R","BOSS","M","M","M","?","?","R","E","R","T","E","R","?","R","M","R","BOSS","M","?","M","M","M","E","?","E","T","M","E","M","R","M","R","BOSS"],"items_purchased_type":[],"build_version":"2020-12-22","purchased_purges":0,"victory":true,"max_hp_per_floor":[65,65,70,70,70,70,70,70,77,77,77,77,77,77,77,77,77,77,77,77,77,77,77,77,77,77,77,77,77,77,77,77,77,77,77,73,73,73,73,73,73,73,73,73,73,73,73,73,73,73],"card_choices":[{"not_picked":["FastForward","Unruled"],"picked":"Moonlight","floor":1.0},{"not_picked":["Spin","Defy"],"picked":"Starlight","floor":2.0},{"not_picked":["DoubleEdge","Advance"],"picked":"TimeWarp","floor":4.0},{"not_picked":["Revamp","Defy"],"picked":"SoulSculpture","floor":5.0},{"not_picked":["Revamp","GearUp"],"picked":"SurpressingFire","floor":7.0},{"not_picked":["Contraction","Alleviate"],"picked":"Potential","floor":10.0},{"not_picked":["StarChef","Spin"],"picked":"Advance","floor":12.0},{"not_picked":["Comet","StarChef"],"picked":"GearUp","floor":14.0},{"not_picked":["TheWorld","KillingDoll"],"picked":"FloweringNight","floor":16.0},{"not_picked":["Moondial","Revamp"],"picked":"ShatteredReality","floor":18.0},{"not_picked":["Read","Ricochet+1","Potential+1"],"picked":"SKIP","floor":19.0},{"not_picked":["Alleviate","RealityMarble"],"picked":"Rearm+1","floor":20.0},{"not_picked":["ShiftingGears","Alleviate"],"picked":"DualDimension","floor":24.0},{"not_picked":["FanOfKnives","Ricochet","DoubleEdge","Unruled"],"picked":"SKIP","floor":27.0},{"not_picked":["Potential","Revamp+1","ShatteredReality+1","Spin"],"picked":"SKIP","floor":29.0},{"not_picked":["Unruled","BestPractice","Read+1"],"picked":"Rewind+1","floor":31.0},{"not_picked":["KillingDoll","Sunlight","LightFlow"],"picked":"TheWorld+1","floor":33.0},{"not_picked":["Rearm+1","ShatteredReality"],"picked":"SKIP","floor":35},{"not_picked":["Potential","Rewind+1"],"picked":"SKIP","floor":37},{"not_picked":["TimeWarp","Alleviate+1"],"picked":"SKIP","floor":38},{"not_picked":["Ricochet","Starlight"],"picked":"SKIP","floor":39},{"not_picked":["Luminosity+1","ShatteredReality+1"],"picked":"SKIP","floor":40},{"not_picked":["Trip+1"],"picked":"Purity+1","floor":41},{"not_picked":["Spin+1"],"picked":"TheWorld+1","floor":42},{"not_picked":["Rewind+1","Sabotage+1"],"picked":"SKIP","floor":44},{"not_picked":["ForgedInTime+1","Ricochet"],"picked":"SKIP","floor":45},{"not_picked":["Gouge+1","Manipulate+1"],"picked":"SKIP","floor":46},{"not_picked":["Gouge+1","Manipulate+1"],"picked":"SKIP","floor":46},{"not_picked":["Snipe","TimeWarp+1"],"picked":"SKIP","floor":48}],"player_experience":717909,"relics_obtained":[{"floor":7.0,"key":"MealTicket"},{"floor":9.0,"key":"Strawberry"},{"floor":10.0,"key":"Kunai"},{"floor":12.0,"key":"Mercury Hourglass"},{"floor":13.0,"key":"Lizard Tail"},{"floor":24.0,"key":"Question Card"},{"floor":24.0,"key":"Pen Nib"},{"floor":26.0,"key":"The Courier"},{"floor":27.0,"key":"Toxic Egg 2"},{"floor":27.0,"key":"Bottled Lightning"},{"floor":40,"key":"Shuriken"},{"floor":40,"key":"Ornamental Fan"},{"floor":42,"key":"White Beast Statue"},{"floor":42,"key":"Old Coin"},{"floor":43,"key":"Happy Flower"},{"floor":45,"key":"Pantograph"},{"floor":45,"key":"Torii"}],"event_choices":[{"damage_healed":0.0,"max_hp_gain":5.0,"max_hp_loss":0.0,"gold_gain":0.0,"event_name":"Big Fish","player_choice":"Donut","floor":3.0,"gold_loss":0.0,"damage_taken":0.0},{"damage_healed":0.0,"max_hp_gain":0.0,"max_hp_loss":0.0,"gold_gain":0.0,"event_name":"Dead Adventurer","player_choice":"Searched \u00272\u0027 times","floor":13.0,"gold_loss":0.0,"damage_taken":0.0},{"damage_healed":0.0,"max_hp_gain":0.0,"max_hp_loss":0.0,"gold_gain":0.0,"event_name":"Drug Dealer","player_choice":"Inject Mutagens","floor":21.0,"gold_loss":0.0,"damage_taken":0.0,"relics_obtained":["MutagenicStrength"]},{"damage_healed":0.0,"max_hp_gain":0.0,"max_hp_loss":0.0,"gold_gain":0.0,"event_name":"Match and Keep!","player_choice":"0 cards matched","floor":22.0,"gold_loss":0.0,"damage_taken":0.0,"cards_obtained":[]},{"damage_healed":0,"gold_gain":0,"player_choice":"Max HP","damage_taken":0,"max_hp_gain":0,"max_hp_loss":4,"event_name":"Winding Halls","floor":36,"gold_loss":0},{"damage_healed":0,"gold_gain":0,"player_choice":"Memory 1","damage_taken":0,"max_hp_gain":0,"max_hp_loss":0,"event_name":"SensoryStone","floor":41,"gold_loss":0}],"is_beta":false,"boss_relics":[{"not_picked":["Ectoplasm","Calling Bell"],"picked":"Black Star"},{"not_picked":["SacredBark","Runic Pyramid"],"picked":"Busted Crown"}],"items_purged_floors":[],"is_endless":false,"potions_floor_spawned":[2,5,12,16,18,19,33,37,39,40,44,45,46,48],"ascension_level":2}}