{"host":"gttgmv2wah99hzdm","time":1609190753,"event":{"mods":["AchievementEnabler","BaseMod","Bestiary","Block Reminder","Filter the Spire","Minty Spire (QoL Compilation)","Permanent Neow","Random Character Button","Relic Stats","ojb\u0027s Better Paths Mod","ojb\u0027s Info Mod"],"gold_per_floor":[161,172,191,207,207,207,207,207],"floor_reached":7,"playtime":475,"items_purged":[],"score":86,"play_id":"8783e38e-f738-4d72-83ae-0c6135321652","local_time":"20201228152553","is_ascension_mode":true,"campfire_choices":[{"data":"Masterful Stab","floor":6,"key":"SMITH"}],"circlet_count":0,"master_deck":["AscendersBane","Strike_G","Strike_G","Strike_G","Strike_G","Strike_G","Defend_G+1","Defend_G","Defend_G","Defend_G","Defend_G","Survivor","Neutralize","Sucker Punch","Poisoned Stab+1","Bouncing Flask","PiercingWail","Masterful Stab+1"],"relics":["Tiny House"],"acts_visited":["Exordium"],"potions_floor_usage":[7],"damage_taken":[{"damage":5.0,"enemies":"Small Slimes","floor":1.0,"turns":6.0},{"damage":8.0,"enemies":"Jaw Worm","floor":2.0,"turns":5.0},{"damage":3.0,"enemies":"2 Louse","floor":3.0,"turns":4.0},{"damage":3,"enemies":"Looter","floor":4,"turns":4},{"damage":50,"enemies":"Gremlin Nob","floor":7,"turns":4}],"seed_played":"7791979720067526274","potions_obtained":[{"floor":0.0,"key":"Swift Potion"},{"floor":4,"key":"EssenceOfSteel"}],"is_trial":false,"path_per_floor":["M","M","M","M","?","R","E"],"character_chosen":"THE_SILENT","items_purchased":[],"campfire_rested":0,"item_purchase_floors":[],"current_hp_per_floor":[59,51,48,45,45,45,0,0],"gold":207,"neow_bonus":"BOSS_RELIC","is_daily":false,"chose_seed":false,"campfire_upgraded":1,"win_rate":0.0,"timestamp":1609190753,"path_taken":["M","M","M","M","?","R","E"],"items_purchased_type":[],"build_version":"2020-12-22","purchased_purges":0,"victory":false,"max_hp_per_floor":[71,71,71,71,71,71,71,71],"relic_stats":{"counters":[5,23],"obtain_stats":[{"Tiny House":0,"Ring of the Snake":0},{"Tiny House":0,"Ring of the Snake":0},{"Tiny House":0,"Ring of the Snake":0}]},"card_choices":[{"not_picked":["Underhanded Strike","Dodge and Roll"],"picked":"Sucker Punch","floor":0.0},{"not_picked":["Leg Sweep","Quick Slash"],"picked":"Poisoned Stab","floor":1.0},{"not_picked":["Quick Slash","Dagger Spray"],"picked":"Bouncing Flask","floor":2.0},{"not_picked":["Caltrops","Deflect"],"picked":"PiercingWail","floor":3.0},{"not_picked":["Terror","Prepared"],"picked":"Masterful Stab","floor":4}],"player_experience":1032869,"relics_obtained":[],"event_choices":[{"damage_healed":0,"gold_gain":0,"player_choice":"Grow","damage_taken":0,"max_hp_gain":0,"max_hp_loss":0,"event_name":"Living Wall","floor":5,"gold_loss":0,"cards_upgraded":["Poisoned Stab"]}],"is_beta":false,"boss_relics":[],"items_purged_floors":[],"is_endless":false,"potions_floor_spawned":[4],"killed_by":"Gremlin Nob","ascension_level":20}}