{"host":"zhec3g4cvsmevugl","time":1609134640,"event":{"mods":["BaseMod","BetterRewards","Curses Come First","Minty Spire (QoL Compilation)","Relic Stats","Slay-I","StSLib"],"gold_per_floor":[134,134,309,9,44,44,59,59,59],"floor_reached":8,"playtime":358,"items_purged":[],"score":46,"play_id":"9b1c9d34-8241-4038-a9a9-d2da6430bfcc","local_time":"20201228135040","daily_mods":["Allstar","Colorless Cards","Night Terrors"],"is_ascension_mode":false,"campfire_choices":[{"data":"HandOfGreed","floor":6,"key":"SMITH"}],"circlet_count":0,"master_deck":["Strike_P","Strike_P","Strike_P","Strike_P","Defend_P","Defend_P","Defend_P","Defend_P","Eruption","Vigilance","Chrysalis","Dark Shackles","HandOfGreed+1","Apotheosis+1","Impatience","Prostrate","Doubt","Dagger Throw","Panacea"],"relics":["PureWater","PrismaticShard","Orichalcum"],"acts_visited":["Exordium"],"potions_floor_usage":[7],"damage_taken":[{"damage":5,"enemies":"Small Slimes","floor":1,"turns":5},{"damage":1,"enemies":"2 Louse","floor":5,"turns":3},{"damage":1,"enemies":"Jaw Worm","floor":7,"turns":4},{"damage":66,"enemies":"Gremlin Nob","floor":8,"turns":4}],"seed_played":"3313543068594885719","potions_obtained":[{"floor":5,"key":"SkillPotion"},{"floor":7,"key":"DuplicationPotion"}],"is_trial":false,"path_per_floor":["M","?","?","$","M","R","M","E"],"character_chosen":"WATCHER","items_purchased":["PrismaticShard","Orichalcum"],"campfire_rested":0,"item_purchase_floors":[4,4],"current_hp_per_floor":[67,67,67,67,66,66,65,0,0],"gold":59,"neow_bonus":"","is_daily":true,"chose_seed":false,"campfire_upgraded":1,"win_rate":0.0,"timestamp":1609134640,"path_taken":["M","?","?","$","M","R","M","E"],"items_purchased_type":["Relic","Relic"],"build_version":"2020-12-22","purchased_purges":0,"victory":false,"max_hp_per_floor":[72,72,72,72,72,72,72,72,72],"relic_stats":{"counters":[4,16],"Orichalcum":[24],"obtain_stats":[{"PureWater":0,"Orichalcum":4,"PrismaticShard":4},{"PureWater":0,"Orichalcum":1,"PrismaticShard":1},{"PureWater":0,"Orichalcum":5,"PrismaticShard":5}]},"card_choices":[{"not_picked":["FlurryOfBlows","TalkToTheHand"],"picked":"Prostrate","floor":1},{"not_picked":["Flex","PathToVictory"],"picked":"Dagger Throw","floor":5},{"not_picked":["Barrage","Caltrops"],"picked":"Panacea","floor":7}],"player_experience":187859,"relics_obtained":[],"event_choices":[{"damage_healed":0,"gold_gain":0,"player_choice":"Grow","damage_taken":0,"max_hp_gain":0,"max_hp_loss":0,"event_name":"Living Wall","floor":2,"gold_loss":0,"cards_upgraded":["Apotheosis"]},{"damage_healed":0,"gold_gain":175,"player_choice":"AGREE","damage_taken":0,"max_hp_gain":0,"max_hp_loss":0,"event_name":"Liars Game","floor":3,"gold_loss":0,"cards_obtained":["Doubt"]}],"is_beta":false,"boss_relics":[],"items_purged_floors":[],"is_endless":false,"potions_floor_spawned":[5,7],"killed_by":"Gremlin Nob","ascension_level":0}}