{"host":"12piqfhmdln9x2la","time":1609140006,"event":{"mods":["2.2 Compatiblity","AchievementEnabler","BaseMod","BetterRewards","Colored Powertips","Minty Spire (QoL Compilation)","Quick Restart","SuperFastMode"],"gold_per_floor":[110,110,20,120,139,139,171,186,186,209,243,243,262,262,262],"floor_reached":14,"playtime":227,"items_purged":["Strike_R","Defend_R"],"score":148,"play_id":"b627bf8f-55cd-4f55-bc18-8494db7117af","local_time":"20201228162006","is_ascension_mode":true,"campfire_choices":[{"floor":6,"key":"RECALL"},{"data":"Rampage","floor":12,"key":"SMITH"}],"circlet_count":0,"master_deck":["Strike_R","Strike_R","Strike_R","Strike_R","Defend_R","Defend_R","Defend_R","Bash","Rampage+1","Flex","Flex+1","Intimidate","Whirlwind+1","Armaments","Clash","Exhume","Thunderclap","Flex"],"relics":["Burning Blood","Membership Card","Tiny Chest","Ice Cream","Ancient Tea Set","Bird Faced Urn","Lantern","Omamori","Shuriken","Toy Ornithopter"],"acts_visited":["Exordium"],"potions_floor_usage":[7,7],"damage_taken":[{"damage":12,"enemies":"Jaw Worm","floor":1,"turns":3},{"damage":0,"enemies":"2 Louse","floor":5,"turns":1},{"damage":0,"enemies":"Lagavulin","floor":7,"turns":2},{"damage":0,"enemies":"Cultist","floor":8,"turns":2},{"damage":32,"enemies":"Gremlin Nob","floor":11,"turns":4},{"damage":0,"enemies":"Blue Slaver","floor":13,"turns":1},{"damage":25,"enemies":"Lagavulin","floor":14,"turns":3}],"seed_played":"7903825974823461334","potions_obtained":[{"floor":1,"key":"PowerPotion"},{"floor":5,"key":"DuplicationPotion"}],"is_trial":false,"path_per_floor":["M","?","$","?","M","R","E","M","T","T","E","R","M","E"],"character_chosen":"IRONCLAD","items_purchased":["Membership Card","Rampage","Flex","Tiny Chest","Ancient Tea Set","Flex","Intimidate","Lantern","Armaments"],"campfire_rested":0,"item_purchase_floors":[0,0,0,0,0,0,0,3,3],"current_hp_per_floor":[38,22,22,22,28,28,36,42,42,42,16,16,22,0,0],"gold":262,"neow_bonus":"","is_daily":false,"chose_seed":false,"campfire_upgraded":1,"win_rate":0.0,"timestamp":1609140006,"path_taken":["M","?","$","?","?","R","E","M","T","?","E","R","M","E"],"items_purchased_type":["Relic","Card","Card","Relic","Relic","Card","Card","Relic","Card"],"build_version":"2020-12-22","purchased_purges":2,"victory":false,"max_hp_per_floor":[80,80,80,80,80,80,80,80,80,80,80,80,80,80,80],"card_choices":[{"not_picked":["Wild Strike","Evolve"],"picked":"Whirlwind","floor":1},{"not_picked":["Uppercut","Flex"],"picked":"Clash","floor":5},{"not_picked":["Battle Trance","True Grit"],"picked":"Exhume","floor":7},{"not_picked":["Anger","Shrug It Off"],"picked":"Thunderclap","floor":8},{"not_picked":["Shockwave","Wild Strike"],"picked":"Flex","floor":11},{"not_picked":["Barricade","Wild Strike","Shockwave"],"picked":"SKIP","floor":13}],"player_experience":130761,"relics_obtained":[{"floor":7,"key":"Omamori"},{"floor":9,"key":"Shuriken"},{"floor":11,"key":"Toy Ornithopter"}],"event_choices":[{"damage_healed":0,"gold_gain":0,"player_choice":"Entered Light","damage_taken":16,"max_hp_gain":0,"max_hp_loss":0,"event_name":"Shining Light","floor":2,"gold_loss":0,"cards_upgraded":["Flex","Whirlwind"]},{"damage_healed":0,"gold_gain":100,"player_choice":"Gold","damage_taken":0,"max_hp_gain":0,"max_hp_loss":0,"event_name":"Wheel of Change","floor":4,"gold_loss":0}],"is_beta":false,"boss_relics":[],"items_purged_floors":[0,0],"is_endless":false,"potions_floor_spawned":[1,5],"killed_by":"Lagavulin","ascension_level":4}}