{"host":"18wi9kpcl4eah7pe","time":1609123279,"event":{"mods":["BaseMod","Colored Powertips","Downfall","Minty Spire (QoL Compilation)","StSLib"],"gold_per_floor":[99,99,99,99,99,128,128,113,38,56,66,51,83,96,114,219,219,69,84,84,102,102,112,135,151,151,164,164,196,196,226,236,236,236,236],"floor_reached":33,"playtime":1179,"items_purged":[],"score":361,"play_id":"3d03e037-6b56-404d-9583-7623d248dba7","local_time":"20201227204119","is_ascension_mode":true,"campfire_choices":[{"floor":1,"key":"RECALL"},{"data":"Slimebound:Split","floor":9,"key":"SMITH"},{"data":"Slimebound:MinionMaster","floor":18,"key":"SMITH"},{"floor":26,"key":"REST"},{"floor":30,"key":"REST"}],"circlet_count":0,"master_deck":["Slimebound:Strike_Slimebound","Slimebound:Strike_Slimebound","Slimebound:Strike_Slimebound","Slimebound:Tackle","Slimebound:Defend_Slimebound","Slimebound:Defend_Slimebound+1","Slimebound:Defend_Slimebound+1","Slimebound:Defend_Slimebound","Slimebound:Split+1","Slimebound:CorrosiveSpit","Slimebound:RollThrough","Slimebound:GoopSpray","Slimebound:MassFeed","Slimebound:ItLooksTasty","Slimebound:GrowthPunch","Slimebound:Gluttony","Slimebound:ComboTackle","Slimebound:DivideAndConquer","Slimebound:ForwardTackle","Slimebound:SplitMire","Slimebound:MinionMaster+1","Slimebound:DivideAndConquer","RitualDagger","Slimebound:PressTheAttack","Slimebound:MegaLick","Slimebound:OozeBath","Slimebound:SlimeSpikes","Slimebound:LeechEnergy+1","Slimebound:WasteNot","Slimebound:Replication"],"relics":["Slimebound:AbsorbEndCombat","downfall:HeartsMalice","White Beast Statue","Letter Opener","downfall:HeartBlessingRed","War Paint","Slimebound:TarBlob","downfall:HeartBlessingGreen","downfall:HeartBlessingBlue","Juzu Bracelet","Oddly Smooth Stone","Centennial Puzzle"],"acts_visited":["Exordium","TheCity"],"potions_floor_usage":[11,13,13,13,16,16,16,21,23,23,25,27,29,31,33,33],"damage_taken":[{"damage":0,"enemies":"Jaw Worm","floor":2,"turns":1},{"damage":0,"enemies":"Small Slimes","floor":3,"turns":1},{"damage":0,"enemies":"3 Sentries","floor":6,"turns":1},{"damage":7,"enemies":"downfall:FleeingMerchant","floor":8,"turns":4},{"damage":1,"enemies":"Cultist","floor":10,"turns":3},{"damage":10,"enemies":"Blue Slaver","floor":11,"turns":2},{"damage":18,"enemies":"downfall:FleeingMerchant","floor":12,"turns":4},{"damage":3,"enemies":"Gremlin Nob","floor":13,"turns":2},{"damage":9,"enemies":"Exordium Wildlife","floor":14,"turns":2},{"damage":0,"enemies":"Lots of Slimes","floor":15,"turns":2},{"damage":39,"enemies":"downfall:Ironclad","floor":16,"turns":6},{"damage":44,"enemies":"Shell Parasite","floor":19,"turns":4},{"damage":36,"enemies":"Chosen and Byrds","floor":21,"turns":4},{"damage":36,"enemies":"Cultist and Chosen","floor":23,"turns":5},{"damage":22,"enemies":"Sentry and Sphere","floor":25,"turns":3},{"damage":33,"enemies":"3 Cultists","floor":27,"turns":4},{"damage":49,"enemies":"Gremlin Leader","floor":29,"turns":6},{"damage":62,"enemies":"Book of Stabbing","floor":31,"turns":5},{"damage":33,"enemies":"Chosen and Byrds","floor":32,"turns":4},{"damage":37,"enemies":"downfall:Defect","floor":33,"turns":4}],"seed_played":"-7276382045103872338","potions_obtained":[{"floor":6,"key":"Guardian:BlockOnCardUsePotion"},{"floor":8,"key":"FearPotion"},{"floor":10,"key":"BlessingOfTheForge"},{"floor":11,"key":"Fire Potion"},{"floor":12,"key":"SkillPotion"},{"floor":13,"key":"CultistPotion"},{"floor":14,"key":"EssenceOfSteel"},{"floor":15,"key":"Dexterity Potion"},{"floor":16,"key":"Block Potion"},{"floor":19,"key":"Guardian:BlockOnCardUsePotion"},{"floor":21,"key":"AttackPotion"},{"floor":23,"key":"FearPotion"},{"floor":25,"key":"SteroidPotion"},{"floor":27,"key":"AttackPotion"},{"floor":29,"key":"Strength Potion"},{"floor":31,"key":"Ancient Potion"},{"floor":32,"key":"Dexterity Potion"}],"is_trial":false,"path_per_floor":["R","M","M","?","?","E","T","$","R","M","M","$","E","M","M","B",null,"R","M","?","M","?","M","T","M","R","M","?","E","R","E","M","B"],"character_chosen":"SLIMEBOUND","items_purchased":[],"campfire_rested":2,"item_purchase_floors":[],"current_hp_per_floor":[60,60,60,60,60,60,60,60,60,60,52,50,47,42,54,39,72,82,62,56,46,46,34,34,34,58,53,53,46,70,37,26,0,0,0],"gold":236,"neow_bonus":"THREE_ENEMY_KILL","is_daily":false,"chose_seed":false,"campfire_upgraded":2,"win_rate":0.0,"timestamp":1609123279,"path_taken":["R","M","M","?","?","E","T","$","R","M","M","$","E","M","M","BOSS","R","M","?","M","?","?","T","M","R","M","?","E","R","E","M","BOSS"],"items_purchased_type":[],"build_version":"2020-12-22","purchased_purges":0,"victory":false,"max_hp_per_floor":[60,60,60,60,60,60,60,60,60,60,60,60,60,60,72,72,72,82,82,82,82,82,82,82,82,82,82,82,82,82,85,85,85,85,85],"card_choices":[{"not_picked":["Slimebound:TongueLash","Slimebound:ComboTackle"],"picked":"Slimebound:RollThrough","floor":2},{"not_picked":["Slimebound:SamplingLick","Slimebound:ViciousTackle"],"picked":"Slimebound:GoopSpray","floor":3},{"not_picked":["Slimebound:ViciousTackle","Slimebound:GrowthPunch"],"picked":"Slimebound:MassFeed","floor":6},{"not_picked":["Slimebound:ViciousTackle","Slimebound:TagTeam"],"picked":"Slimebound:ItLooksTasty","floor":8},{"not_picked":["Slimebound:SplitAcid","Slimebound:ItLooksTasty"],"picked":"Slimebound:GrowthPunch","floor":10},{"not_picked":["Slimebound:ForwardTackle","Slimebound:ItLooksTasty"],"picked":"Slimebound:Gluttony","floor":11},{"not_picked":["Slimebound:LeechingTouch","Slimebound:RainOfGoop"],"picked":"Slimebound:ComboTackle","floor":12},{"not_picked":["Slimebound:ServeAndProtect","Slimebound:ComboTackle"],"picked":"Slimebound:DivideAndConquer","floor":13},{"not_picked":["Slimebound:PressTheAttack","Slimebound:ViciousTackle"],"picked":"Slimebound:ForwardTackle","floor":14},{"not_picked":["Slimebound:SplitLeeching","Slimebound:ServeAndProtect"],"picked":"Slimebound:SplitMire","floor":15},{"not_picked":["Slimebound:WasteNot","Slimebound:SelfFormingGoo"],"picked":"Slimebound:MinionMaster","floor":16},{"not_picked":["Slimebound:Schlurp","Slimebound:SplitLeeching"],"picked":"Slimebound:DivideAndConquer","floor":19},{"not_picked":["Slimebound:ViciousTackle","Slimebound:ForwardTackle"],"picked":"Slimebound:PressTheAttack","floor":21},{"not_picked":["Slimebound:GoopSpray","Slimebound:SlimeBrawl"],"picked":"Slimebound:MegaLick","floor":23},{"not_picked":["Slimebound:ItLooksTasty","Slimebound:Dissolve"],"picked":"Slimebound:OozeBath","floor":25},{"not_picked":["Slimebound:FlameTackle","Slimebound:ProtectTheBoss"],"picked":"Slimebound:SlimeSpikes","floor":27},{"not_picked":["Slimebound:GrowthPunch","Slimebound:RollThrough"],"picked":"Slimebound:LeechEnergy+1","floor":29},{"not_picked":["Slimebound:GoopSpray","Slimebound:LeechEnergy"],"picked":"Slimebound:WasteNot","floor":31},{"not_picked":["Slimebound:GoopSpray","Slimebound:SplitLeeching"],"picked":"Slimebound:Replication","floor":32}],"player_experience":861931,"relics_obtained":[{"floor":6,"key":"Letter Opener"},{"floor":13,"key":"War Paint"},{"floor":24,"key":"Juzu Bracelet"},{"floor":29,"key":"Oddly Smooth Stone"},{"floor":31,"key":"Centennial Puzzle"}],"event_choices":[{"damage_healed":0,"gold_gain":0,"player_choice":"Box","damage_taken":0,"relics_obtained":["White Beast Statue"],"max_hp_gain":0,"max_hp_loss":0,"event_name":"Big Fish","floor":4,"gold_loss":0,"cards_obtained":["Regret"]},{"cards_removed":["Regret"],"damage_healed":0,"gold_gain":0,"player_choice":"Forget","damage_taken":0,"max_hp_gain":0,"max_hp_loss":0,"event_name":"Living Wall","floor":5,"gold_loss":0},{"damage_healed":0,"gold_gain":0,"player_choice":"Ignored","damage_taken":0,"max_hp_gain":0,"max_hp_loss":0,"event_name":"Transmorgrifier","floor":22,"gold_loss":0},{"damage_healed":0,"gold_gain":0,"player_choice":"Ignored","damage_taken":0,"max_hp_gain":0,"max_hp_loss":0,"event_name":"Ghosts","floor":28,"gold_loss":0}],"is_beta":false,"boss_relics":[{"not_picked":["Coffee Dripper","Snecko Eye"],"picked":"Slimebound:TarBlob"}],"items_purged_floors":[],"is_endless":false,"potions_floor_spawned":[6,8,10,11,12,13,14,15,16,19,21,23,25,27,29,31,32],"killed_by":"downfall:Defect","ascension_level":1}}