{"host":"3jjxuhjpio8e4zkv","time":1609199210,"event":{"mods":["BaseMod","Colored Map","Highlight Path","Minty Spire (QoL Compilation)","Permanent Neow","Relic Stats","StSLib"],"gold_per_floor":[13,13,38,38,63,103,103,122,122,122,122,122,122,166,166,260,260,281,281,33,57,80,80,80,80],"floor_reached":24,"playtime":912,"items_purged":["Defend_B"],"score":408,"play_id":"5e25c20c-341b-4aaa-b2bd-5f23ea03e8e2","local_time":"20201228184650","is_ascension_mode":true,"campfire_choices":[{"data":"Transmutation","floor":7,"key":"SMITH"},{"data":"Defragment","floor":10,"key":"SMITH"},{"floor":12,"key":"REST"},{"data":"Self Repair","floor":15,"key":"SMITH"},{"data":"BootSequence","floor":23,"key":"SMITH"}],"circlet_count":0,"master_deck":["AscendersBane","Strike_B","Strike_B","Strike_B","Defend_B","Defend_B+1","Defend_B","Zap+1","Dualcast","Transmutation+1","Self Repair+1","BootSequence+1","Turbo","Defragment+1","Static Discharge+1","Buffer+1","Recycle","Self Repair+1","Melter+1"],"relics":["Cracked Core","Golden Idol","Mango","Frozen Egg 2","Meat on the Bone","Philosopher\u0027s Stone","ClockworkSouvenir"],"acts_visited":["Exordium","TheCity"],"potions_floor_usage":[6,16,18,22,24],"damage_taken":[{"damage":16,"enemies":"Jaw Worm","floor":1,"turns":4},{"damage":7,"enemies":"Cultist","floor":3,"turns":4},{"damage":0,"enemies":"2 Louse","floor":5,"turns":2},{"damage":46,"enemies":"3 Sentries","floor":6,"turns":8},{"damage":0,"enemies":"Looter","floor":8,"turns":3},{"damage":17,"enemies":"Lagavulin","floor":14,"turns":7},{"damage":22,"enemies":"The Guardian","floor":16,"turns":10},{"damage":58,"enemies":"3 Byrds","floor":18,"turns":4},{"damage":23,"enemies":"Shell Parasite","floor":21,"turns":4},{"damage":24,"enemies":"Centurion and Healer","floor":22,"turns":8},{"damage":37,"enemies":"Book of Stabbing","floor":24,"turns":5}],"seed_played":"3766987131146140179","potions_obtained":[{"floor":3,"key":"BlessingOfTheForge"},{"floor":14,"key":"DistilledChaos"},{"floor":16,"key":"Explosive Potion"},{"floor":21,"key":"FearPotion"},{"floor":22,"key":"EssenceOfSteel"}],"is_trial":false,"path_per_floor":["M","?","M","?","M","E","R","M","T","R","?","R","?","E","R","B",null,"M","?","$","M","M","R","E"],"character_chosen":"DEFECT","items_purchased":["ClockworkSouvenir"],"campfire_rested":1,"item_purchase_floors":[20],"current_hp_per_floor":[48,48,48,48,48,23,23,30,30,30,7,30,56,46,46,46,70,34,29,29,28,36,36,0,0],"gold":80,"neow_bonus":"RANDOM_COLORLESS_2","is_daily":false,"chose_seed":false,"campfire_upgraded":4,"win_rate":0.0,"timestamp":1609199210,"path_taken":["M","?","M","?","?","E","R","M","T","R","?","R","?","E","R","BOSS","M","?","$","M","M","R","E"],"items_purchased_type":["Relic"],"build_version":"2020-12-22","purchased_purges":1,"victory":false,"max_hp_per_floor":[71,64,64,64,64,78,78,78,78,78,78,78,78,78,78,78,78,78,78,78,78,78,78,78,78],"relic_stats":{"counters":[11,59],"Golden Idol":64,"obtain_stats":[{"Golden Idol":2,"Mango":6,"Philosopher\u0027s Stone":17,"Frozen Egg 2":9,"Cracked Core":0,"Meat on the Bone":14,"ClockworkSouvenir":20},{"Golden Idol":1,"Mango":4,"Philosopher\u0027s Stone":7,"Frozen Egg 2":5,"Cracked Core":0,"Meat on the Bone":6,"ClockworkSouvenir":8},{"Golden Idol":4,"Mango":18,"Philosopher\u0027s Stone":38,"Frozen Egg 2":21,"Cracked Core":0,"Meat on the Bone":28,"ClockworkSouvenir":42}],"Meat on the Bone":48},"card_choices":[{"not_picked":["Mayhem","Panache"],"picked":"Transmutation","floor":0},{"not_picked":["Compile Driver","Go for the Eyes"],"picked":"Self Repair","floor":1},{"not_picked":["Cold Snap","Sweeping Beam"],"picked":"BootSequence","floor":3},{"not_picked":["Blizzard","Gash","Coolheaded"],"picked":"SKIP","floor":5},{"not_picked":["Beam Cell","Go for the Eyes"],"picked":"Turbo","floor":6},{"not_picked":["Rebound","White Noise"],"picked":"Defragment","floor":8},{"not_picked":["Conserve Battery","Barrage"],"picked":"Static Discharge+1","floor":14},{"not_picked":["Core Surge","Creative AI+1"],"picked":"Buffer+1","floor":16},{"not_picked":["Steam","Stack"],"picked":"Recycle","floor":18},{"not_picked":["Compile Driver+1","Ball Lightning"],"picked":"Self Repair+1","floor":21},{"not_picked":["Turbo","Force Field"],"picked":"Melter+1","floor":22}],"player_experience":1127660,"relics_obtained":[{"floor":6,"key":"Mango"},{"floor":9,"key":"Frozen Egg 2"},{"floor":14,"key":"Meat on the Bone"}],"event_choices":[{"damage_healed":0,"gold_gain":0,"player_choice":"Lose Max HP","damage_taken":0,"relics_obtained":["Golden Idol"],"max_hp_gain":0,"max_hp_loss":7,"event_name":"Golden Idol","floor":2,"gold_loss":0},{"cards_removed":["Strike_B"],"damage_healed":0,"gold_gain":0,"player_choice":"Offered Basic","damage_taken":0,"max_hp_gain":0,"max_hp_loss":0,"event_name":"Bonfire Elementals","floor":4,"gold_loss":0},{"damage_healed":0,"gold_gain":0,"player_choice":"Entered Light","damage_taken":23,"max_hp_gain":0,"max_hp_loss":0,"event_name":"Shining Light","floor":11,"gold_loss":0,"cards_upgraded":["Defend_B","Zap"]},{"damage_healed":26,"gold_gain":0,"player_choice":"Banana","damage_taken":0,"max_hp_gain":0,"max_hp_loss":0,"event_name":"Big Fish","floor":13,"gold_loss":0},{"damage_healed":0,"gold_gain":0,"player_choice":"Punched","damage_taken":5,"max_hp_gain":0,"max_hp_loss":0,"event_name":"Designer","floor":19,"gold_loss":0}],"is_beta":false,"boss_relics":[{"not_picked":["Cursed Key","Tiny House"],"picked":"Philosopher\u0027s Stone"}],"items_purged_floors":[20],"is_endless":false,"potions_floor_spawned":[3,14,16,21,22],"killed_by":"Book of Stabbing","ascension_level":20}}