{"host":"wshh0nphwn6jv7vj","time":1609140495,"event":{"mods":["BaseMod","Bestiary","Minty Spire (QoL Compilation)"],"gold_per_floor":[113,38,38,38,88,120,120,145,196,196,206,206,206,231,231,303,303,317,330,344,362,362,362],"floor_reached":22,"playtime":762,"items_purged":[],"score":466,"play_id":"3c449d9e-1f82-45c0-9693-0434a7886edf","local_time":"20201228022815","is_ascension_mode":true,"campfire_choices":[{"data":"Rampage","floor":7,"key":"SMITH"},{"data":"Flame Barrier","floor":10,"key":"SMITH"},{"data":"Bash","floor":13,"key":"SMITH"},{"data":"Anger","floor":15,"key":"SMITH"}],"circlet_count":0,"master_deck":["AscendersBane","Strike_R","Strike_R","Strike_R","Strike_R","Defend_R+1","Defend_R","Defend_R","Defend_R+1","Bash+1","Rampage+1","Flame Barrier+1","Thunderclap","Sword Boomerang","Anger+1","Double Tap","Shrug It Off","True Grit","Shrug It Off","Uppercut"],"relics":["Burning Blood","NeowsBlessing","Blue Candle","Paper Frog","Toy Ornithopter","Mummified Hand","Runic Cube"],"acts_visited":["Exordium","TheCity"],"potions_floor_usage":[16,19,20],"damage_taken":[{"damage":0,"enemies":"Cultist","floor":1,"turns":1},{"damage":0,"enemies":"Gremlin Nob","floor":6,"turns":1},{"damage":0,"enemies":"3 Sentries","floor":8,"turns":1},{"damage":0,"enemies":"Jaw Worm","floor":11,"turns":4},{"damage":16,"enemies":"Lagavulin","floor":14,"turns":9},{"damage":23,"enemies":"Hexaghost","floor":16,"turns":9},{"damage":0,"enemies":"3 Byrds","floor":18,"turns":3},{"damage":5,"enemies":"2 Thieves","floor":19,"turns":5},{"damage":25,"enemies":"Snake Plant","floor":20,"turns":5},{"damage":47,"enemies":"Sentry and Sphere","floor":21,"turns":10},{"damage":42,"enemies":"Shelled Parasite and Fungi","floor":22,"turns":6}],"seed_played":"5135733616822425631","potions_obtained":[{"floor":1,"key":"Block Potion"},{"floor":6,"key":"Block Potion"},{"floor":19,"key":"SkillPotion"},{"floor":21,"key":"FairyPotion"}],"is_trial":false,"path_per_floor":["M","?","?","$","?","E","R","E","T","R","M","?","R","E","R","B",null,"M","M","M","M","M"],"character_chosen":"IRONCLAD","items_purchased":[],"campfire_rested":0,"item_purchase_floors":[],"current_hp_per_floor":[74,74,51,51,51,57,57,63,63,63,69,69,69,59,59,47,68,74,75,56,15,0,0],"gold":362,"neow_bonus":"THREE_ENEMY_KILL","is_daily":false,"chose_seed":false,"campfire_upgraded":4,"win_rate":0.0,"timestamp":1609140495,"path_taken":["M","?","?","?","?","E","R","E","T","R","?","?","R","E","R","BOSS","M","M","?","M","M"],"items_purchased_type":[],"build_version":"2020-12-22","purchased_purges":0,"victory":false,"max_hp_per_floor":[75,75,75,75,75,75,75,75,75,75,75,75,75,75,75,75,75,75,75,75,75,75,75],"card_choices":[{"not_picked":["Flex","Battle Trance"],"picked":"Rampage","floor":1},{"not_picked":["Iron Wave","Power Through"],"picked":"Flame Barrier","floor":6},{"not_picked":["Sword Boomerang","Wild Strike"],"picked":"Thunderclap","floor":8},{"not_picked":["Wild Strike","Headbutt"],"picked":"Sword Boomerang","floor":11},{"not_picked":["Havoc","Sword Boomerang"],"picked":"Anger","floor":14},{"not_picked":["Demon Form","Offering"],"picked":"Double Tap","floor":16},{"not_picked":["Twin Strike","Fire Breathing"],"picked":"Shrug It Off","floor":18},{"not_picked":["Sword Boomerang","Second Wind"],"picked":"True Grit","floor":19},{"not_picked":["Cleave","Evolve"],"picked":"Shrug It Off","floor":20},{"not_picked":["Bloodletting","Thunderclap"],"picked":"Uppercut","floor":21}],"player_experience":1515528,"relics_obtained":[{"floor":6,"key":"Blue Candle"},{"floor":8,"key":"Paper Frog"},{"floor":9,"key":"Toy Ornithopter"},{"floor":14,"key":"Mummified Hand"}],"event_choices":[{"cards_removed":["Strike_R"],"damage_healed":0,"gold_gain":0,"player_choice":"Card Removal","damage_taken":0,"max_hp_gain":0,"max_hp_loss":0,"event_name":"The Cleric","floor":2,"gold_loss":75},{"damage_healed":0,"gold_gain":0,"player_choice":"Entered Light","damage_taken":23,"max_hp_gain":0,"max_hp_loss":0,"event_name":"Shining Light","floor":3,"gold_loss":0,"cards_upgraded":["Defend_R","Defend_R"]},{"damage_healed":0,"gold_gain":50,"player_choice":"Pray","damage_taken":0,"max_hp_gain":0,"max_hp_loss":0,"event_name":"Golden Shrine","floor":5,"gold_loss":0},{"damage_healed":0,"gold_gain":0,"player_choice":"0 cards matched","damage_taken":0,"max_hp_gain":0,"max_hp_loss":0,"event_name":"Match and Keep!","floor":12,"gold_loss":0,"cards_obtained":[]}],"is_beta":false,"boss_relics":[{"not_picked":["SacredBark","Cursed Key"],"picked":"Runic Cube"}],"items_purged_floors":[],"is_endless":false,"potions_floor_spawned":[1,6,11,19,21],"killed_by":"Shelled Parasite and Fungi","ascension_level":17}}