{"host":"baymyijz6sxaqj5s","time":1609155462,"event":{"mods":["AchievementEnabler","BaseMod","Colored Map","Colored Powertips","DeckTracker","Highlight Path","KOR Keyword Fix","Keyboard Shortcuts","Minty Spire (QoL Compilation)","Quick Restart","StSLib","SuperFastMode"],"gold_per_floor":[117,136,136,148,161,161,176,176,176,176,191,209,229,248,248,343,343,362,379,390,405,416,416,427,438,463,490,501,521,521,521,521],"floor_reached":31,"playtime":1221,"items_purged":[],"score":265,"play_id":"3a296e0f-1b70-4a87-b8e2-c6cf5259f92b","local_time":"20201228203742","is_ascension_mode":true,"campfire_choices":[{"data":"Seeing Red","floor":6,"key":"SMITH"},{"data":"Entrench","floor":8,"key":"SMITH"},{"data":"Armaments","floor":10,"key":"SMITH"},{"data":"Body Slam","floor":15,"key":"SMITH"},{"floor":23,"key":"REST"},{"data":"Barricade","floor":30,"key":"SMITH"}],"circlet_count":0,"master_deck":["Strike_R","Strike_R","Strike_R","Strike_R","Strike_R","Defend_R","Defend_R","Defend_R","Defend_R","Bash","Entrench+1","Sword Boomerang","Seeing Red+1","Shrug It Off","Armaments+1","Double Tap","Body Slam+1","Heavy Blade","Barricade+1","Shrug It Off","Cleave+1","Shrug It Off+1","Spot Weakness"],"relics":["Black Blood","Mercury Hourglass","Gremlin Horn","Centennial Puzzle","MealTicket"],"acts_visited":["Exordium","TheCity"],"potions_floor_usage":[5,12,14,18,19,25,29],"damage_taken":[{"damage":9,"enemies":"2 Louse","floor":1,"turns":3},{"damage":6,"enemies":"Cultist","floor":2,"turns":5},{"damage":0,"enemies":"Small Slimes","floor":4,"turns":3},{"damage":18,"enemies":"Exordium Wildlife","floor":5,"turns":4},{"damage":4,"enemies":"Large Slime","floor":7,"turns":6},{"damage":6,"enemies":"3 Louse","floor":11,"turns":3},{"damage":0,"enemies":"Gremlin Gang","floor":12,"turns":3},{"damage":12,"enemies":"Looter","floor":13,"turns":3},{"damage":2,"enemies":"Lots of Slimes","floor":14,"turns":2},{"damage":54,"enemies":"The Guardian","floor":16,"turns":14},{"damage":20,"enemies":"Shell Parasite","floor":18,"turns":10},{"damage":7,"enemies":"Chosen","floor":19,"turns":4},{"damage":33,"enemies":"3 Cultists","floor":20,"turns":7},{"damage":30,"enemies":"Snake Plant","floor":21,"turns":8},{"damage":49,"enemies":"Shelled Parasite and Fungi","floor":22,"turns":13},{"damage":25,"enemies":"Sentry and Sphere","floor":24,"turns":6},{"damage":23,"enemies":"Snake Plant","floor":25,"turns":8},{"damage":7,"enemies":"Snecko","floor":28,"turns":4},{"damage":15,"enemies":"Centurion and Healer","floor":29,"turns":8},{"damage":64,"enemies":"Cultist and Chosen","floor":31,"turns":6}],"seed_played":"6155444772524071048","potions_obtained":[{"floor":1,"key":"LiquidMemories"},{"floor":2,"key":"AttackPotion"},{"floor":5,"key":"Dexterity Potion"},{"floor":13,"key":"Regen Potion"},{"floor":16,"key":"EssenceOfSteel"},{"floor":18,"key":"DistilledChaos"},{"floor":21,"key":"FairyPotion"},{"floor":24,"key":"BloodPotion"},{"floor":28,"key":"SpeedPotion"}],"is_trial":false,"path_per_floor":["M","M","?","M","M","R","M","R","T","R","M","M","M","M","R","B",null,"M","M","M","M","M","R","M","M","T","T","M","M","R","M"],"character_chosen":"IRONCLAD","items_purchased":[],"campfire_rested":1,"item_purchase_floors":[],"current_hp_per_floor":[85,85,85,88,76,76,78,78,78,78,78,84,78,87,87,39,88,80,85,64,46,38,64,51,57,57,57,62,59,59,0,0],"gold":521,"neow_bonus":"TEN_PERCENT_HP_BONUS","is_daily":false,"chose_seed":false,"campfire_upgraded":5,"win_rate":0.0,"timestamp":1609155462,"path_taken":["M","M","?","?","M","R","M","R","T","R","M","M","M","M","R","BOSS","M","?","M","M","M","R","?","M","T","?","M","M","R","M"],"items_purchased_type":[],"build_version":"2020-12-22","purchased_purges":0,"victory":false,"max_hp_per_floor":[88,88,88,88,88,88,88,88,88,88,88,88,88,88,88,88,88,88,88,88,88,88,88,88,88,88,88,88,88,88,88,88],"card_choices":[{"not_picked":["Dark Embrace","Pommel Strike"],"picked":"Entrench","floor":1},{"not_picked":["Perfected Strike","Clothesline"],"picked":"Sword Boomerang","floor":2},{"not_picked":["Uppercut","Flex"],"picked":"Seeing Red","floor":4},{"not_picked":["Perfected Strike","Seeing Red"],"picked":"Shrug It Off","floor":5},{"not_picked":["Sword Boomerang","Iron Wave"],"picked":"Armaments","floor":7},{"not_picked":["Seeing Red","Dropkick"],"picked":"Double Tap","floor":11},{"not_picked":["Evolve","Clash"],"picked":"Body Slam","floor":12},{"not_picked":["Sentinel","Reckless Charge","Infernal Blade"],"picked":"SKIP","floor":13},{"not_picked":["Body Slam","Sword Boomerang"],"picked":"Heavy Blade","floor":14},{"not_picked":["Limit Break","Corruption"],"picked":"Barricade","floor":16},{"not_picked":["Heavy Blade+1","Shockwave","Warcry"],"picked":"SKIP","floor":18},{"not_picked":["Anger","Armaments","Clash+1"],"picked":"SKIP","floor":19},{"not_picked":["Havoc","Cleave"],"picked":"Shrug It Off","floor":20},{"not_picked":["Dual Wield","Sword Boomerang","Evolve"],"picked":"SKIP","floor":21},{"not_picked":["Clash","Flex"],"picked":"Cleave+1","floor":22},{"not_picked":["Perfected Strike","Second Wind","Cleave+1"],"picked":"SKIP","floor":24},{"not_picked":["Cleave","Seeing Red","Anger"],"picked":"SKIP","floor":25},{"not_picked":["Anger+1","Warcry+1"],"picked":"Shrug It Off+1","floor":28},{"not_picked":["Berserk","Wild Strike"],"picked":"Spot Weakness","floor":29}],"player_experience":277797,"relics_obtained":[{"floor":9,"key":"Gremlin Horn"},{"floor":26,"key":"Centennial Puzzle"},{"floor":27,"key":"MealTicket"}],"event_choices":[{"damage_healed":0,"gold_gain":0,"player_choice":"Gave Potion","damage_taken":0,"relics_obtained":["Mercury Hourglass"],"max_hp_gain":0,"max_hp_loss":0,"event_name":"WeMeetAgain","floor":3,"gold_loss":0}],"is_beta":false,"boss_relics":[{"not_picked":["Tiny House","Astrolabe"],"picked":"Black Blood"}],"items_purged_floors":[],"is_endless":false,"potions_floor_spawned":[1,2,5,13,16,18,21,24,28],"killed_by":"Cultist and Chosen","ascension_level":2}}