{"host":"y89x8uui45kcjy42","time":1609150935,"event":{"mods":["2.2 Compatiblity","BaseMod","CapriCore","Colored Map","Colored Powertips","Custom Start","Friendly Minions","Highlight Path","Keyboard Shortcuts","Minty Spire (QoL Compilation)","Relic Stats","Slay the Relics Exporter","StSLib","SuperFastMode","Waifu the Spire"],"gold_per_floor":[119,70,86,103,118,118,118,118,144,179,179,210,16,26,26,105,105,62,187,204,204,204,204,238,238,265,265,73,73,73,73],"floor_reached":30,"playtime":784,"items_purged":["Strike_B","Strike_B","Defend_B","Defend_B","Strike_B"],"score":554,"play_id":"b3923cc6-ed7e-4117-aee3-1e359df687cc","local_time":"20201228192215","is_ascension_mode":true,"campfire_choices":[{"data":"Go for the Eyes","floor":6,"key":"SMITH"},{"data":"Fusion","floor":7,"key":"SMITH"},{"data":"Dark Shackles","floor":8,"key":"SMITH"},{"data":"Streamline","floor":11,"key":"SMITH"},{"data":"Reprogram","floor":15,"key":"SMITH"},{"data":"Reprogram","floor":23,"key":"SMITH"},{"data":"Meteor Strike","floor":25,"key":"SMITH"},{"data":"Rebound","floor":27,"key":"SMITH"},{"data":"Recycle","floor":29,"key":"SMITH"}],"circlet_count":0,"master_deck":["Strike_B","Defend_B","Defend_B","Reprogram+1","Reprogram+1","Dark Shackles+1","Fusion+1","Streamline+1","Leap","Purity","Go for the Eyes+1","Rebound+1","Meteor Strike+1","Beam Cell+1","Recycle+1"],"relics":["Cracked Core","Membership Card","Lantern","OrangePellets","Singing Bowl","WingedGreaves","Bottled Flame","StrikeDummy","SlaversCollar","MealTicket","HornCleat","Letter Opener","Oddly Smooth Stone","TheAbacus"],"acts_visited":["Exordium","TheCity"],"potions_floor_usage":[12,12,18],"damage_taken":[{"damage":4,"enemies":"2 Louse","floor":1,"turns":3},{"damage":10,"enemies":"Small Slimes","floor":3,"turns":4},{"damage":5,"enemies":"Jaw Worm","floor":5,"turns":6},{"damage":43,"enemies":"Gremlin Nob","floor":10,"turns":6},{"damage":0,"enemies":"Lagavulin","floor":12,"turns":9},{"damage":19,"enemies":"Large Slime","floor":14,"turns":7},{"damage":25,"enemies":"Hexaghost","floor":16,"turns":11},{"damage":34,"enemies":"2 Thieves","floor":18,"turns":5},{"damage":19,"enemies":"Spheric Guardian","floor":20,"turns":5},{"damage":62,"enemies":"Book of Stabbing","floor":24,"turns":7},{"damage":36,"enemies":"Slavers","floor":30,"turns":3}],"seed_played":"-8579747386474211745","potions_obtained":[{"floor":1,"key":"SteroidPotion"},{"floor":5,"key":"SteroidPotion"},{"floor":12,"key":"Weak Potion"},{"floor":14,"key":"PotionOfCapacity"}],"is_trial":false,"path_per_floor":["M","$","M","$","M","R","R","R","T","E","R","E","$","M","R","B",null,"M","$","M","?","?","R","E","R","T","R","$","R","E"],"character_chosen":"DEFECT","items_purchased":["Lantern","Streamline","OrangePellets","Purity","StrikeDummy","Recycle","TheAbacus"],"campfire_rested":0,"item_purchase_floors":[2,2,4,4,13,28,28],"current_hp_per_floor":[60,60,50,50,45,45,45,45,45,4,4,75,75,56,56,31,64,30,30,13,13,13,13,17,17,17,17,32,32,0,0],"gold":73,"neow_bonus":"RANDOM_COLORLESS","is_daily":false,"chose_seed":false,"campfire_upgraded":9,"win_rate":0.0,"timestamp":1609150935,"path_taken":["M","$","M","$","M","R","R","R","T","E","R","E","$","M","R","BOSS","M","$","M","?","?","R","E","R","T","R","$","R","E"],"items_purchased_type":["Relic","Card","Relic","Card","Relic","Card","Relic"],"build_version":"2020-12-22","purchased_purges":5,"victory":false,"max_hp_per_floor":[71,71,71,71,71,71,71,71,71,73,73,75,75,75,75,75,75,75,75,77,77,77,77,79,79,79,79,79,79,79,79],"relic_stats":{"OrangePellets":[0],"TheAbacus":[0],"Singing Bowl":8,"counters":[11,66],"MealTicket":15,"Letter Opener":[15],"obtain_stats":[{"Lantern":2,"Singing Bowl":10,"Oddly Smooth Stone":26,"Omamori":21,"Letter Opener":24,"OrangePellets":4,"SlaversCollar":17,"Bottled Flame":12,"HornCleat":22,"TheAbacus":28,"MealTicket":21,"WingedGreaves":2,"Membership Card":0,"Cracked Core":0,"StrikeDummy":13},{"Lantern":1,"Singing Bowl":4,"Oddly Smooth Stone":10,"Omamori":9,"Letter Opener":10,"OrangePellets":2,"SlaversCollar":7,"Bottled Flame":5,"HornCleat":9,"TheAbacus":10,"MealTicket":9,"WingedGreaves":1,"Membership Card":0,"Cracked Core":0,"StrikeDummy":5},{"Lantern":3,"Singing Bowl":19,"Oddly Smooth Stone":63,"Omamori":56,"Letter Opener":63,"OrangePellets":7,"SlaversCollar":46,"Bottled Flame":28,"HornCleat":56,"TheAbacus":63,"MealTicket":56,"WingedGreaves":3,"Membership Card":0,"Cracked Core":0,"StrikeDummy":28}]},"card_choices":[{"not_picked":["Forethought","PanicButton"],"picked":"Dark Shackles","floor":0},{"not_picked":["Barrage","Rip and Tear"],"picked":"Fusion","floor":1},{"not_picked":["Steam","Beam Cell"],"picked":"Leap","floor":3},{"not_picked":["Gash","Darkness"],"picked":"Go for the Eyes","floor":5},{"not_picked":["Static Discharge","Go for the Eyes","Hello World"],"picked":"Singing Bowl","floor":10},{"not_picked":["Steam","Gash","Coolheaded"],"picked":"Singing Bowl","floor":12},{"not_picked":["Ball Lightning","Heatsinks"],"picked":"Rebound","floor":14},{"not_picked":["Multi-Cast","Buffer"],"picked":"Meteor Strike","floor":16},{"not_picked":["Stack","Hologram"],"picked":"Beam Cell+1","floor":18},{"not_picked":["Consume+1","Redo","Conserve Battery"],"picked":"Singing Bowl","floor":20},{"not_picked":["Sweeping Beam","Static Discharge","Hologram"],"picked":"Singing Bowl","floor":24}],"player_experience":518097,"relics_obtained":[{"floor":10,"key":"Singing Bowl"},{"floor":12,"key":"Bottled Flame"},{"floor":24,"key":"Letter Opener"},{"floor":26,"key":"Oddly Smooth Stone"}],"event_choices":[{"damage_healed":0,"gold_gain":0,"player_choice":"Opened","damage_taken":0,"relics_obtained":["MealTicket"],"max_hp_gain":0,"max_hp_loss":0,"event_name":"The Mausoleum","floor":21,"gold_loss":0,"cards_obtained":["Writhe"]},{"damage_healed":0,"gold_gain":0,"player_choice":"Stole Relic","damage_taken":0,"relics_obtained":["HornCleat"],"max_hp_gain":0,"max_hp_loss":0,"event_name":"Addict","floor":22,"gold_loss":0,"cards_obtained":["Shame"]}],"is_beta":false,"boss_relics":[{"not_picked":["Astrolabe","Busted Crown"],"picked":"SlaversCollar"}],"items_purged_floors":[2,4,13,19,28],"is_endless":false,"potions_floor_spawned":[1,5,12,14],"killed_by":"Slavers","ascension_level":20}}