{"host":"w3q5ijqu8eoknil3","time":1609197732,"event":{"mods":["AchievementEnabler","BaseMod","Block Reminder","Colored Powertips","Minty Spire (QoL Compilation)","Quick Restart","Relic Stats","ojb\u0027s Better Paths Mod","ojb\u0027s Info Mod","slay the spire mod where everything is the same but ironclad has a cowboy hat"],"gold_per_floor":[115,126,126,126,144,177,177,177,200,200,36,51,95,110,110,205,205,228,242,242,242],"floor_reached":20,"playtime":946,"items_purged":["Parasite"],"score":368,"play_id":"a44faa9c-9f14-458a-b81c-2330d526c110","local_time":"20201228232212","is_ascension_mode":true,"campfire_choices":[{"floor":7,"key":"DIG"},{"floor":15,"key":"DIG"}],"circlet_count":0,"master_deck":["AscendersBane","Strike_R","Strike_R","Strike_R","Strike_R","Strike_R","Defend_R","Defend_R","Defend_R","Defend_R","Bash","Ghostly Armor+1","True Grit","Iron Wave","Shockwave","Feel No Pain+1","Battle Trance+1","Barricade+1","Clothesline","Immolate","Uppercut","Burning Pact"],"relics":["Fusion Hammer","Golden Idol","Shovel","Boot","Frozen Egg 2","Bag of Marbles","War Paint","Art of War","Mark of Pain"],"acts_visited":["Exordium","TheCity"],"potions_floor_usage":[13,16,16,16,18],"damage_taken":[{"damage":3,"enemies":"2 Louse","floor":1,"turns":2},{"damage":7,"enemies":"Jaw Worm","floor":2,"turns":3},{"damage":2,"enemies":"Small Slimes","floor":5,"turns":3},{"damage":47,"enemies":"Lagavulin","floor":6,"turns":9},{"damage":0,"enemies":"3 Louse","floor":12,"turns":5},{"damage":1,"enemies":"3 Sentries","floor":13,"turns":14},{"damage":2,"enemies":"Blue Slaver","floor":14,"turns":5},{"damage":39,"enemies":"Slime Boss","floor":16,"turns":22},{"damage":6,"enemies":"3 Byrds","floor":18,"turns":6},{"damage":11,"enemies":"2 Thieves","floor":19,"turns":2},{"damage":41,"enemies":"Masked Bandits","floor":20,"turns":4}],"seed_played":"-5250311673209123958","potions_obtained":[{"floor":6,"key":"SkillPotion"},{"floor":13,"key":"Fruit Juice"},{"floor":14,"key":"EntropicBrew"},{"floor":16,"key":"Weak Potion"}],"is_trial":false,"path_per_floor":["M","M","?","?","M","E","R","T","T","?","$","M","E","M","R","B",null,"M","M","?"],"character_chosen":"IRONCLAD","items_purchased":["Feel No Pain+1"],"campfire_rested":0,"item_purchase_floors":[11],"current_hp_per_floor":[65,58,58,58,56,9,9,9,9,26,26,26,25,23,23,11,55,49,38,0,0],"gold":242,"neow_bonus":"BOSS_RELIC","is_daily":false,"chose_seed":false,"campfire_upgraded":0,"win_rate":0.0,"timestamp":1609197732,"path_taken":["M","M","?","?","M","E","R","?","T","?","$","M","E","M","R","BOSS","M","M","?"],"items_purchased_type":["Card"],"build_version":"2020-12-22","purchased_purges":1,"victory":false,"max_hp_per_floor":[75,75,68,68,68,68,68,68,68,68,65,65,65,65,65,70,70,70,70,70,70],"relic_stats":{"Shovel":2,"counters":[11,75],"Golden Idol":60,"Art of War":[2],"War Paint":["Ghostly Armor","Battle Trance"],"Boot":[22],"obtain_stats":[{"Shovel":6,"Golden Idol":3,"Fusion Hammer":0,"Mark of Pain":17,"Bag of Marbles":9,"Art of War":15,"Frozen Egg 2":8,"War Paint":13,"Boot":7,"Burning Blood":0},{"Shovel":4,"Golden Idol":2,"Fusion Hammer":0,"Mark of Pain":8,"Bag of Marbles":4,"Art of War":7,"Frozen Egg 2":4,"War Paint":6,"Boot":4,"Burning Blood":0},{"Shovel":17,"Golden Idol":5,"Fusion Hammer":0,"Mark of Pain":63,"Bag of Marbles":17,"Art of War":41,"Frozen Egg 2":17,"War Paint":36,"Boot":17,"Burning Blood":0}]},"card_choices":[{"not_picked":["Cleave","Armaments"],"picked":"Ghostly Armor","floor":1},{"not_picked":["Hemokinesis","Warcry"],"picked":"True Grit","floor":2},{"not_picked":["Warcry","Rage"],"picked":"Iron Wave","floor":5},{"not_picked":["Clash","Anger"],"picked":"Shockwave","floor":6},{"not_picked":["Perfected Strike","Burning Pact"],"picked":"Battle Trance","floor":12},{"not_picked":["Carnage","Iron Wave"],"picked":"Barricade+1","floor":13},{"not_picked":["Flame Barrier","Reckless Charge"],"picked":"Clothesline","floor":14},{"not_picked":["Reaper","Bludgeon"],"picked":"Immolate","floor":16},{"not_picked":["Thunderclap","Hemokinesis"],"picked":"Uppercut","floor":18},{"not_picked":["Sword Boomerang","Blood for Blood"],"picked":"Burning Pact","floor":19}],"player_experience":950232,"relics_obtained":[{"floor":6,"key":"Shovel"},{"floor":7,"key":"Boot"},{"floor":8,"key":"Frozen Egg 2"},{"floor":9,"key":"Bag of Marbles"},{"floor":13,"key":"War Paint"},{"floor":15,"key":"Art of War"}],"event_choices":[{"damage_healed":0,"gold_gain":0,"player_choice":"Lose Max HP","damage_taken":0,"relics_obtained":["Golden Idol"],"max_hp_gain":0,"max_hp_loss":7,"event_name":"Golden Idol","floor":3,"gold_loss":0},{"damage_healed":0,"gold_gain":0,"player_choice":"Leave","damage_taken":0,"max_hp_gain":0,"max_hp_loss":0,"event_name":"The Cleric","floor":4,"gold_loss":0},{"damage_healed":17,"gold_gain":0,"player_choice":"Healed and dodged fight","damage_taken":0,"max_hp_gain":0,"max_hp_loss":0,"event_name":"Mushrooms","floor":10,"gold_loss":0,"cards_obtained":["Parasite"]},{"damage_healed":0,"gold_gain":0,"player_choice":"Fought Bandits","damage_taken":0,"max_hp_gain":0,"max_hp_loss":0,"event_name":"Masked Bandits","floor":20,"gold_loss":0}],"is_beta":false,"boss_relics":[{"not_picked":["Runic Cube","Ectoplasm"],"picked":"Mark of Pain"}],"items_purged_floors":[11],"is_endless":false,"potions_floor_spawned":[6,13,14,16],"killed_by":"Masked Bandits","ascension_level":20}}