{"host":"j3hagc6u6cazrqfv","time":1609180484,"event":{"mods":["AchievementEnabler","BaseMod","DeckTracker","Minty Spire (QoL Compilation)","Rare Cards Sparkle","StSLib"],"gold_per_floor":[115,130,143,155,170,170,189,189,212,242,317,367,367,367],"floor_reached":13,"playtime":279,"items_purged":[],"score":174,"play_id":"bb821012-cf14-445f-ac74-6b88b84189c1","local_time":"20201229033444","is_ascension_mode":true,"campfire_choices":[{"data":"Blade Dance","floor":6,"key":"SMITH"},{"data":"Blade Dance","floor":8,"key":"SMITH"}],"circlet_count":0,"master_deck":["AscendersBane","Strike_G","Strike_G","Strike_G","Strike_G","Strike_G","Defend_G","Defend_G","Defend_G","Defend_G","Defend_G","Survivor","Neutralize","Blade Dance+1","Blade Dance+1","Dagger Throw"],"relics":["Ring of the Snake","NeowsBlessing","Potion Belt","Ancient Tea Set"],"acts_visited":["Exordium"],"potions_floor_usage":[10,13],"damage_taken":[{"damage":0,"enemies":"Cultist","floor":1,"turns":1},{"damage":0,"enemies":"2 Louse","floor":2,"turns":1},{"damage":0,"enemies":"Small Slimes","floor":3,"turns":1},{"damage":8,"enemies":"Exordium Thugs","floor":4,"turns":5},{"damage":9,"enemies":"Red Slaver","floor":5,"turns":5},{"damage":8,"enemies":"3 Louse","floor":7,"turns":4},{"damage":20,"enemies":"3 Sentries","floor":10,"turns":7},{"damage":0,"enemies":"Gremlin Nob","floor":13,"turns":2}],"seed_played":"1435583603658086284","potions_obtained":[{"floor":2,"key":"SkillPotion"},{"floor":3,"key":"FearPotion"}],"is_trial":false,"path_per_floor":["M","M","M","M","M","R","M","R","T","E","?","?","E"],"character_chosen":"THE_SILENT","items_purchased":[],"campfire_rested":0,"item_purchase_floors":[],"current_hp_per_floor":[59,59,59,51,42,42,34,34,34,14,3,3,3,3],"gold":367,"neow_bonus":"THREE_ENEMY_KILL","is_daily":false,"chose_seed":false,"campfire_upgraded":2,"win_rate":0.0,"timestamp":1609180484,"path_taken":["M","?","?","M","M","R","M","R","T","E","?","?","E"],"items_purchased_type":[],"build_version":"2020-12-22","purchased_purges":0,"victory":false,"max_hp_per_floor":[66,66,66,66,66,66,66,66,66,66,66,66,66,66],"card_choices":[{"not_picked":["Dagger Throw","Escape Plan"],"picked":"Blade Dance","floor":1},{"not_picked":["Bane","Flechettes","PiercingWail"],"picked":"SKIP","floor":2},{"not_picked":["Escape Plan","Concentrate"],"picked":"Blade Dance","floor":3},{"not_picked":["Well Laid Plans","Outmaneuver","Poisoned Stab"],"picked":"SKIP","floor":4},{"not_picked":["Endless Agony","Setup","Blade Dance"],"picked":"SKIP","floor":5},{"not_picked":["Catalyst","Bane"],"picked":"Dagger Throw","floor":7},{"not_picked":["Flying Knee","Flechettes","Night Terror"],"picked":"SKIP","floor":10}],"player_experience":3036,"relics_obtained":[{"floor":9,"key":"Potion Belt"},{"floor":10,"key":"Ancient Tea Set"}],"event_choices":[{"damage_healed":0,"gold_gain":75,"player_choice":"Gather Gold","damage_taken":11,"max_hp_gain":0,"max_hp_loss":0,"event_name":"World of Goop","floor":11,"gold_loss":0},{"damage_healed":0,"gold_gain":50,"player_choice":"Pray","damage_taken":0,"max_hp_gain":0,"max_hp_loss":0,"event_name":"Golden Shrine","floor":12,"gold_loss":0}],"is_beta":false,"boss_relics":[],"items_purged_floors":[],"is_endless":false,"potions_floor_spawned":[2,3],"killed_by":"Gremlin Nob","ascension_level":20}}