{"host":"tknto047uabgu3zm","time":1609121808,"event":{"mods":["AchievementEnabler","BaseMod","Bestiary","Block Reminder","Colored Map","Colored Powertips","Highlight Path","Minty Spire (QoL Compilation)","MonsterHotkey","Permanent Neow","Random Character Button","Rare Cards Sparkle","Relic Sorter","Relic Stats","StSLib"],"gold_per_floor":[110,110,110,129,129,464,464,475,475,302,312,325,341,371,371,371,371],"floor_reached":16,"playtime":544,"items_purged":[],"score":207,"play_id":"81f43fce-6fd8-4876-adcf-0ffbdb1c25ea","local_time":"20201227181648","is_ascension_mode":true,"campfire_choices":[{"data":"True Grit","floor":7,"key":"SMITH"},{"floor":15,"key":"REST"}],"circlet_count":0,"master_deck":["AscendersBane","Strike_R","Strike_R","Strike_R","Strike_R","Strike_R","Defend_R","Defend_R","Defend_R","Bash","Limit Break","Twin Strike","Clash","Cleave","True Grit+1","Exhume","Iron Wave","Feel No Pain","Battle Trance","Evolve"],"relics":["Burning Blood","Matryoshka","Old Coin","Pear","Bottled Lightning","Strange Spoon","Akabeko"],"acts_visited":["Exordium"],"potions_floor_usage":[13,14],"damage_taken":[{"damage":12.0,"enemies":"Cultist","floor":1.0,"turns":4.0},{"damage":14,"enemies":"Jaw Worm","floor":4,"turns":4},{"damage":20,"enemies":"Gremlin Nob","floor":6,"turns":4},{"damage":1,"enemies":"2 Louse","floor":8,"turns":2},{"damage":4,"enemies":"Exordium Wildlife","floor":11,"turns":4},{"damage":12,"enemies":"2 Fungi Beasts","floor":12,"turns":4},{"damage":4,"enemies":"3 Louse","floor":13,"turns":3},{"damage":22,"enemies":"Lagavulin","floor":14,"turns":8},{"damage":59,"enemies":"Hexaghost","floor":16,"turns":9}],"seed_played":"3810662127291833529","potions_obtained":[{"floor":6,"key":"Explosive Potion"},{"floor":13,"key":"Block Potion"},{"floor":14,"key":"Explosive Potion"}],"is_trial":false,"path_per_floor":["M","?","?","M","?","E","R","M","T","$","M","M","M","E","R","B"],"character_chosen":"IRONCLAD","items_purchased":["Strange Spoon"],"campfire_rested":1,"item_purchase_floors":[10],"current_hp_per_floor":[62,62,67,59,48,34,34,39,49,49,51,45,47,31,58,0,0],"gold":371,"neow_bonus":"ONE_RANDOM_RARE_CARD","is_daily":false,"chose_seed":false,"campfire_upgraded":1,"win_rate":0.0,"timestamp":1609121808,"path_taken":["M","?","?","M","?","E","R","M","T","$","M","M","?","E","R","BOSS"],"items_purchased_type":["Relic"],"build_version":"2020-12-22","purchased_purges":0,"victory":false,"max_hp_per_floor":[75,75,80,80,80,80,80,80,90,90,90,90,90,90,90,90,90],"relic_stats":{"Strange Spoon":[2],"counters":[9,42],"obtain_stats":[{"Strange Spoon":10,"Matryoshka":5,"Pear":9,"Bottled Lightning":9,"Burning Blood":0,"Akabeko":14,"Old Coin":6},{"Strange Spoon":4,"Matryoshka":2,"Pear":4,"Bottled Lightning":4,"Burning Blood":0,"Akabeko":8,"Old Coin":3},{"Strange Spoon":14,"Matryoshka":8,"Pear":14,"Bottled Lightning":14,"Burning Blood":0,"Akabeko":33,"Old Coin":12}],"Burning Blood":48},"card_choices":[{"not_picked":["Headbutt","Clothesline"],"picked":"Twin Strike","floor":1.0},{"not_picked":["Shrug It Off","Body Slam"],"picked":"Cleave","floor":4},{"not_picked":["Perfected Strike","Second Wind"],"picked":"True Grit","floor":6},{"not_picked":["Flex","Fire Breathing"],"picked":"Exhume","floor":8},{"not_picked":["Cleave","Headbutt"],"picked":"Iron Wave","floor":11},{"not_picked":["Clash","Wild Strike"],"picked":"Feel No Pain","floor":12},{"not_picked":["Thunderclap","Reckless Charge"],"picked":"Battle Trance","floor":13},{"not_picked":["Warcry","Bloodletting"],"picked":"Evolve","floor":14}],"player_experience":487551,"relics_obtained":[{"floor":6,"key":"Old Coin"},{"floor":9,"key":"Pear"},{"floor":9,"key":"Bottled Lightning"},{"floor":14,"key":"Akabeko"}],"event_choices":[{"damage_healed":0,"gold_gain":0,"cards_transformed":["Defend_R"],"player_choice":"Change","damage_taken":0,"max_hp_gain":0,"max_hp_loss":0,"event_name":"Living Wall","floor":2,"gold_loss":0,"cards_obtained":["Clash"]},{"damage_healed":0,"gold_gain":0,"player_choice":"Donut","damage_taken":0,"max_hp_gain":5,"max_hp_loss":0,"event_name":"Big Fish","floor":3,"gold_loss":0},{"damage_healed":0,"gold_gain":0,"player_choice":"Success","damage_taken":11,"relics_obtained":["Matryoshka"],"max_hp_gain":0,"max_hp_loss":0,"event_name":"Scrap Ooze","floor":5,"gold_loss":0}],"is_beta":false,"boss_relics":[],"items_purged_floors":[],"is_endless":false,"potions_floor_spawned":[6,13,14],"killed_by":"Hexaghost","ascension_level":17}}