{"host":"hfxp6ue4pvwo3fit","time":1609140232,"event":{"mods":["AchievementEnabler","BaseMod","Colored Map","Colored Powertips","Highlight Path","Minty Spire (QoL Compilation)","StSLib","SuperFastMode"],"gold_per_floor":[161,161,16,16,16,46,46,80,103,103,113,131,131,149,149,222,222,236,13,13,13,13,13,40,40,65,108,108,108,135,165,165,165,165],"floor_reached":33,"playtime":848,"items_purged":["Strike_G"],"score":574,"play_id":"fcc826c7-4485-4465-840d-729cad65fb11","local_time":"20201228012352","is_ascension_mode":true,"campfire_choices":[{"data":"Deadly Poison","floor":7,"key":"SMITH"},{"floor":13,"key":"REST"},{"data":"Noxious Fumes","floor":15,"key":"SMITH"},{"data":"Corpse Explosion","floor":23,"key":"SMITH"},{"data":"Crippling Poison","floor":25,"key":"SMITH"},{"floor":28,"key":"REST"},{"data":"Catalyst","floor":32,"key":"SMITH"}],"circlet_count":0,"master_deck":["AscendersBane","Strike_G+1","Strike_G+1","Strike_G+1","Defend_G+1","Defend_G+1","Defend_G+1","Defend_G+1","Defend_G+1","Survivor","Neutralize","Noxious Fumes+1","Dagger Spray","Deadly Poison+1","Leg Sweep","Crippling Poison+1","Deadly Poison","Noxious Fumes+1","Corpse Explosion+1","Backflip","Backstab","Calculated Gamble","PiercingWail","Escape Plan","Parasite","PiercingWail","Clumsy","Deadly Poison","Catalyst+1"],"relics":["Tiny House","Thread and Needle","Ornamental Fan","Smiling Mask","Cursed Key","Orrery","Red Mask","Orichalcum","CeramicFish","Kunai"],"acts_visited":["Exordium","TheCity"],"potions_floor_usage":[8,16,24,31,33],"damage_taken":[{"damage":0,"enemies":"Jaw Worm","floor":1,"turns":6},{"damage":14,"enemies":"3 Sentries","floor":6,"turns":7},{"damage":25,"enemies":"Gremlin Nob","floor":8,"turns":6},{"damage":0,"enemies":"2 Louse","floor":11,"turns":2},{"damage":4,"enemies":"Small Slimes","floor":12,"turns":3},{"damage":6,"enemies":"Blue Slaver","floor":14,"turns":4},{"damage":19,"enemies":"Slime Boss","floor":16,"turns":7},{"damage":3,"enemies":"Spheric Guardian","floor":18,"turns":4},{"damage":1,"enemies":"Masked Bandits","floor":24,"turns":3},{"damage":32,"enemies":"Slavers","floor":27,"turns":4},{"damage":0,"enemies":"3 Byrds","floor":30,"turns":4},{"damage":12,"enemies":"Gremlin Leader","floor":31,"turns":5},{"damage":42,"enemies":"Collector","floor":33,"turns":6}],"seed_played":"5226934630945264912","potions_obtained":[{"floor":0,"key":"Swift Potion"},{"floor":8,"key":"AttackPotion"},{"floor":12,"key":"Energy Potion"},{"floor":16,"key":"Swift Potion"},{"floor":18,"key":"Poison Potion"},{"floor":30,"key":"GamblersBrew"}],"is_trial":false,"path_per_floor":["M","?","$","?","?","E","R","E","T","?","M","M","R","M","R","B",null,"M","$","T","?","?","R","?","R","T","E","R","?","M","E","R","B"],"character_chosen":"THE_SILENT","items_purchased":["Deadly Poison","Leg Sweep","Orrery"],"campfire_rested":2,"item_purchase_floors":[3,3,19],"current_hp_per_floor":[64,64,64,64,69,55,55,30,30,23,23,19,41,35,35,16,61,58,58,58,58,58,58,57,57,57,25,47,47,47,35,35,0,0],"gold":165,"neow_bonus":"BOSS_RELIC","is_daily":false,"chose_seed":false,"campfire_upgraded":5,"win_rate":0.0,"timestamp":1609140232,"path_taken":["M","?","$","?","?","E","R","E","T","?","?","M","R","M","R","BOSS","M","$","?","?","?","R","?","R","T","E","R","?","?","E","R","BOSS"],"items_purchased_type":["Card","Card","Relic"],"build_version":"2020-12-22","purchased_purges":1,"victory":false,"max_hp_per_floor":[71,71,71,71,76,76,76,76,76,76,76,76,76,76,76,76,76,76,76,76,76,76,76,76,76,76,76,76,76,76,76,76,76,76],"card_choices":[{"not_picked":["Dodge and Roll","Backflip"],"picked":"Noxious Fumes","floor":0},{"not_picked":["Sucker Punch","Calculated Gamble"],"picked":"Dagger Spray","floor":1},{"not_picked":["Riddle With Holes","Storm of Steel","Acrobatics"],"picked":"SKIP","floor":6},{"not_picked":["Tactician","Deadly Poison"],"picked":"Crippling Poison","floor":8},{"not_picked":["Slice","PiercingWail"],"picked":"Deadly Poison","floor":11},{"not_picked":["Prepared","Well Laid Plans"],"picked":"Noxious Fumes","floor":12},{"not_picked":["All Out Attack","Dodge and Roll","Riddle With Holes"],"picked":"SKIP","floor":14},{"not_picked":["Phantasmal Killer","Die Die Die"],"picked":"Corpse Explosion","floor":16},{"not_picked":["All Out Attack","Expertise"],"picked":"Backflip","floor":18},{"not_picked":["Masterful Stab+1","Terror"],"picked":"Backstab","floor":19},{"not_picked":["Storm of Steel","All Out Attack"],"picked":"Calculated Gamble","floor":19},{"not_picked":["Dodge and Roll","Bane"],"picked":"PiercingWail","floor":19},{"not_picked":["Flechettes","Skewer"],"picked":"Escape Plan","floor":19},{"not_picked":["Cloak And Dagger","Flying Knee"],"picked":"Deadly Poison","floor":27},{"not_picked":["Sucker Punch","Burst"],"picked":"Catalyst","floor":30},{"not_picked":["Masterful Stab+1","Distraction+1","Concentrate"],"picked":"SKIP","floor":31}],"player_experience":442687,"relics_obtained":[{"floor":6,"key":"Thread and Needle"},{"floor":8,"key":"Ornamental Fan"},{"floor":9,"key":"Smiling Mask"},{"floor":24,"key":"Red Mask"},{"floor":26,"key":"Orichalcum"},{"floor":27,"key":"CeramicFish"},{"floor":31,"key":"Kunai"}],"event_choices":[{"damage_healed":0,"gold_gain":0,"player_choice":"Grow","damage_taken":0,"max_hp_gain":0,"max_hp_loss":0,"event_name":"Living Wall","floor":2,"gold_loss":0,"cards_upgraded":["Noxious Fumes"]},{"damage_healed":0,"gold_gain":0,"player_choice":"Ignored","damage_taken":0,"max_hp_gain":0,"max_hp_loss":0,"event_name":"Liars Game","floor":4,"gold_loss":0},{"damage_healed":0,"gold_gain":0,"player_choice":"Donut","damage_taken":0,"max_hp_gain":5,"max_hp_loss":0,"event_name":"Big Fish","floor":5,"gold_loss":0},{"cards_removed":["Strike_G"],"damage_healed":0,"gold_gain":0,"player_choice":"Card Removal","damage_taken":7,"max_hp_gain":0,"max_hp_loss":0,"event_name":"Golden Wing","floor":10,"gold_loss":0},{"damage_healed":0,"gold_gain":0,"player_choice":"Read","damage_taken":0,"max_hp_gain":0,"max_hp_loss":0,"event_name":"The Library","floor":21,"gold_loss":0,"cards_obtained":["PiercingWail"]},{"damage_healed":0,"gold_gain":0,"player_choice":"Simplicity","damage_taken":0,"max_hp_gain":0,"max_hp_loss":0,"event_name":"Back to Basics","floor":22,"gold_loss":0,"cards_upgraded":["Strike_G","Strike_G","Strike_G","Defend_G","Defend_G","Defend_G","Defend_G"]},{"damage_healed":0,"gold_gain":0,"player_choice":"Fought Bandits","damage_taken":0,"max_hp_gain":0,"max_hp_loss":0,"event_name":"Masked Bandits","floor":24,"gold_loss":0},{"damage_healed":0,"gold_gain":0,"player_choice":"Ignored","damage_taken":0,"max_hp_gain":0,"max_hp_loss":0,"event_name":"Vampires","floor":29,"gold_loss":0}],"is_beta":false,"boss_relics":[{"not_picked":["SlaversCollar","SacredBark"],"picked":"Cursed Key"}],"items_purged_floors":[19],"is_endless":false,"potions_floor_spawned":[8,12,16,18,30],"killed_by":"Collector","ascension_level":20}}