{"host":"raaimkojny05jekw","time":1609118941,"event":{"mods":["AchievementEnabler","BaseMod","Colored Map","Colored Powertips","DeckTracker","Minty Spire (QoL Compilation)","Quick Restart","Rare Cards Sparkle","everything is the same but u backflip on backflip"],"gold_per_floor":[115,126,126,53,70,70,95,109,109,109,109,125,50,68,68,172,172,190,204,233,133,150,150,180,180,231,248,266,566,584,612,612,612,612],"floor_reached":33,"playtime":1135,"items_purged":["Strike_R","Strike_R"],"score":364,"play_id":"12eece49-7fb6-4242-ad71-1f552a39b65e","local_time":"20201228102901","is_ascension_mode":false,"campfire_choices":[{"data":"Offering","floor":6,"key":"SMITH"},{"data":"Sword Boomerang","floor":10,"key":"SMITH"},{"data":"Carnage","floor":15,"key":"SMITH"},{"data":"Demon Form","floor":23,"key":"SMITH"},{"data":"Battle Trance","floor":32,"key":"SMITH"}],"circlet_count":0,"master_deck":["Strike_R","Strike_R","Strike_R","Defend_R","Defend_R","Defend_R","Defend_R","Bash+1","Shockwave+1","Pummel","Offering+1","Flame Barrier","Demon Form+1","Sword Boomerang+1","True Grit","Carnage+1","Immolate","Heavy Blade+1","Spot Weakness","Flame Barrier+1","Double Tap","Battle Trance+1","True Grit+1"],"relics":["Burning Blood","MealTicket","Sundial","Ginger","Coffee Dripper","Red Mask","Lantern","Omamori","Old Coin","Smiling Mask"],"acts_visited":["Exordium","TheCity"],"potions_floor_usage":[7,16,18,20,24,33],"damage_taken":[{"damage":4,"enemies":"2 Louse","floor":1,"turns":3},{"damage":3,"enemies":"Jaw Worm","floor":2,"turns":3},{"damage":2,"enemies":"Small Slimes","floor":5,"turns":3},{"damage":36,"enemies":"3 Sentries","floor":7,"turns":10},{"damage":21,"enemies":"Gremlin Gang","floor":8,"turns":7},{"damage":6,"enemies":"3 Louse","floor":12,"turns":2},{"damage":8,"enemies":"Looter","floor":14,"turns":3},{"damage":6,"enemies":"Slime Boss","floor":16,"turns":5},{"damage":19,"enemies":"2 Thieves","floor":18,"turns":3},{"damage":0,"enemies":"Chosen","floor":19,"turns":3},{"damage":15,"enemies":"Masked Bandits","floor":20,"turns":4},{"damage":17,"enemies":"Snecko","floor":22,"turns":4},{"damage":6,"enemies":"Gremlin Leader","floor":24,"turns":3},{"damage":11,"enemies":"Centurion and Healer","floor":27,"turns":4},{"damage":6,"enemies":"Snake Plant","floor":28,"turns":2},{"damage":6,"enemies":"Chosen and Byrds","floor":30,"turns":3},{"damage":21,"enemies":"Slavers","floor":31,"turns":4},{"damage":56,"enemies":"Automaton","floor":33,"turns":6}],"seed_played":"8366766208243588107","potions_obtained":[{"floor":1,"key":"LiquidMemories"},{"floor":12,"key":"CultistPotion"},{"floor":16,"key":"PowerPotion"},{"floor":19,"key":"Energy Potion"},{"floor":20,"key":"Fire Potion"},{"floor":31,"key":"Strength Potion"}],"is_trial":false,"path_per_floor":["M","M","?","$","M","R","E","M","T","R","?","M","$","M","R","B",null,"M","M","?","$","M","R","E","?","T","M","M","?","M","E","R","B"],"character_chosen":"IRONCLAD","items_purchased":["Offering"],"campfire_rested":0,"item_purchase_floors":[4],"current_hp_per_floor":[80,80,80,80,80,80,50,35,35,35,17,17,32,30,30,30,80,67,73,64,79,68,68,68,68,68,63,63,63,63,48,48,0,0],"gold":612,"neow_bonus":"UPGRADE_CARD","is_daily":false,"chose_seed":false,"campfire_upgraded":5,"win_rate":0.0,"timestamp":1609118941,"path_taken":["M","M","?","$","M","R","E","M","T","R","?","M","?","?","R","BOSS","M","M","?","$","M","R","E","?","T","?","M","?","M","E","R","BOSS"],"items_purchased_type":["Card"],"build_version":"2020-12-22","purchased_purges":2,"victory":false,"max_hp_per_floor":[80,80,80,80,80,80,80,80,80,80,80,80,80,80,80,80,80,80,80,80,80,80,80,80,80,80,80,80,80,80,80,80,80,80],"card_choices":[{"not_picked":["Disarm","Clothesline"],"picked":"Shockwave","floor":1},{"not_picked":["Warcry","Anger"],"picked":"Pummel","floor":2},{"not_picked":["Warcry","Perfected Strike"],"picked":"Flame Barrier","floor":5},{"not_picked":["Second Wind","True Grit"],"picked":"Demon Form","floor":7},{"not_picked":["Warcry","True Grit"],"picked":"Sword Boomerang","floor":8},{"not_picked":["Anger","Havoc"],"picked":"True Grit","floor":12},{"not_picked":["Warcry","Thunderclap"],"picked":"Carnage","floor":14},{"not_picked":["Corruption","Barricade"],"picked":"Immolate","floor":16},{"not_picked":["Battle Trance","Shrug It Off"],"picked":"Heavy Blade+1","floor":18},{"not_picked":["Cleave+1","Uppercut","Thunderclap"],"picked":"SKIP","floor":19},{"not_picked":["Body Slam","Carnage"],"picked":"Spot Weakness","floor":22},{"not_picked":["Power Through","Sentinel"],"picked":"Flame Barrier+1","floor":24},{"not_picked":["Clash","Iron Wave"],"picked":"Battle Trance","floor":27},{"not_picked":["Combust","Cleave"],"picked":"True Grit+1","floor":28},{"not_picked":["Spot Weakness","Perfected Strike","Havoc"],"picked":"SKIP","floor":30},{"not_picked":["Carnage","Barricade","Flex"],"picked":"SKIP","floor":31}],"player_experience":695648,"relics_obtained":[{"floor":7,"key":"MealTicket"},{"floor":9,"key":"Sundial"},{"floor":20,"key":"Red Mask"},{"floor":24,"key":"Lantern"},{"floor":26,"key":"Omamori"},{"floor":31,"key":"Smiling Mask"}],"event_choices":[{"damage_healed":0,"gold_gain":0,"player_choice":"Grow","damage_taken":0,"max_hp_gain":0,"max_hp_loss":0,"event_name":"Living Wall","floor":3,"gold_loss":0,"cards_upgraded":["Shockwave"]},{"damage_healed":0,"gold_gain":0,"player_choice":"Success","damage_taken":18,"relics_obtained":["Ginger"],"max_hp_gain":0,"max_hp_loss":0,"event_name":"Scrap Ooze","floor":11,"gold_loss":0},{"damage_healed":0,"gold_gain":0,"player_choice":"Fought Bandits","damage_taken":0,"max_hp_gain":0,"max_hp_loss":0,"event_name":"Masked Bandits","floor":20,"gold_loss":0},{"damage_healed":0,"gold_gain":0,"player_choice":"1 cards matched","damage_taken":0,"max_hp_gain":0,"max_hp_loss":0,"event_name":"Match and Keep!","floor":25,"gold_loss":0,"cards_obtained":["Double Tap"]},{"damage_healed":0,"gold_gain":0,"player_choice":"Opened","damage_taken":0,"relics_obtained":["Old Coin"],"max_hp_gain":0,"max_hp_loss":0,"event_name":"The Mausoleum","floor":29,"gold_loss":0,"cards_obtained":["Writhe"]}],"is_beta":false,"boss_relics":[{"not_picked":["Runic Pyramid","Snecko Eye"],"picked":"Coffee Dripper"}],"items_purged_floors":[13,21],"is_endless":false,"potions_floor_spawned":[1,12,16,19,20,31],"killed_by":"Automaton","ascension_level":0}}