{"host":"sum4dy402bbv9y4o","time":1609188741,"event":{"mods":["Aspiration","BaseMod","Conspire","Highlight Path","Minty Spire (QoL Compilation)","StSLib"],"gold_per_floor":[118,137,2,2,2,2,35,46,46,61,61,72,72,101,101,176,176,186,206,48,48,62,62,62,8,8,34,34,60,78,78,78,78,78],"floor_reached":33,"playtime":1120,"items_purged":["Strike_P"],"score":786,"play_id":"ada8b4a3-f2d9-4c1d-a5ac-ae3c0f2d0ca8","local_time":"20201228235221","is_ascension_mode":true,"campfire_choices":[{"data":"Adaptation","floor":6,"key":"SMITH"},{"data":"Adaptation","floor":11,"key":"SMITH"},{"data":"Tantrum","floor":13,"key":"SMITH"},{"floor":15,"key":"REST"},{"floor":23,"key":"REST"},{"floor":32,"key":"REST"}],"circlet_count":0,"master_deck":["AscendersBane","Strike_P+1","Strike_P+1","Strike_P+1","Defend_P+1","Defend_P+1","Defend_P+1","Defend_P+1","Eruption+1","Vigilance+1","Adaptation+1","EmptyBody+1","LikeWater","BowlingBash","Protect","Adaptation+1","Tantrum+1","FlurryOfBlows","Brilliance","EmptyFist","Consecrate","EmptyFist","RitualDagger","Meditate","Perseverance","Wallop"],"relics":["PureWater","Omamori","War Paint","Dead Branch","Bottled Tornado","Darkstone Periapt","conspire:DecoderRing"],"acts_visited":["Exordium","TheCity"],"potions_floor_usage":[7,14,18,27,27],"damage_taken":[{"damage":11,"enemies":"Small Slimes","floor":1,"turns":3},{"damage":6,"enemies":"Jaw Worm","floor":2,"turns":4},{"damage":11,"enemies":"3 Sentries","floor":7,"turns":12},{"damage":0,"enemies":"2 Louse","floor":8,"turns":2},{"damage":1,"enemies":"Large Slime","floor":10,"turns":3},{"damage":0,"enemies":"2 Fungi Beasts","floor":12,"turns":2},{"damage":30,"enemies":"Lagavulin","floor":14,"turns":7},{"damage":0,"enemies":"Slime Boss","floor":16,"turns":4},{"damage":20,"enemies":"Shell Parasite","floor":18,"turns":5},{"damage":0,"enemies":"3 Byrds","floor":19,"turns":3},{"damage":18,"enemies":"Snecko","floor":22,"turns":4},{"damage":0,"enemies":"Book of Stabbing","floor":27,"turns":2},{"damage":0,"enemies":"Gremlin Leader","floor":29,"turns":3},{"damage":6,"enemies":"Centurion and Healer","floor":30,"turns":4},{"damage":60,"enemies":"Automaton","floor":33,"turns":6}],"seed_played":"-3363675847136281217","potions_obtained":[{"floor":1,"key":"GamblersBrew"},{"floor":7,"key":"DistilledChaos"},{"floor":8,"key":"Ambrosia"},{"floor":18,"key":"DistilledChaos"},{"floor":27,"key":"FearPotion"},{"floor":29,"key":"FearPotion"}],"is_trial":false,"path_per_floor":["M","M","$","?","?","R","E","M","T","M","R","M","R","E","R","B",null,"M","M","$","?","M","R","?","$","T","E","$","E","M","?","R","B"],"character_chosen":"WATCHER","items_purchased":["LikeWater","SkillPotion","EmptyFist","Consecrate","Strength Potion"],"campfire_rested":3,"item_purchase_floors":[3,3,20,20,25],"current_hp_per_floor":[50,44,44,44,44,44,33,33,33,32,32,32,32,2,22,22,57,37,37,37,37,19,39,33,33,33,33,33,33,27,27,47,0,0],"gold":78,"neow_bonus":"UPGRADE_CARD","is_daily":false,"chose_seed":false,"campfire_upgraded":3,"win_rate":0.0,"timestamp":1609188741,"path_taken":["M","M","$","?","?","R","E","M","T","M","R","M","R","E","R","BOSS","M","M","$","?","M","R","?","$","T","E","?","E","M","?","R","BOSS"],"items_purchased_type":["Card","Potion","Card","Card","Potion"],"build_version":"2020-12-22","purchased_purges":1,"victory":false,"max_hp_per_floor":[68,68,68,68,68,68,68,68,68,68,68,68,68,68,68,68,68,68,68,68,68,68,68,68,68,68,68,68,68,68,68,68,68,68],"card_choices":[{"not_picked":["CarveReality","Indignation"],"picked":"Adaptation","floor":1},{"not_picked":["Collect","Protect"],"picked":"EmptyBody","floor":2},{"not_picked":["Collect","Crescendo"],"picked":"BowlingBash","floor":7},{"not_picked":["Vengeance","Prostrate"],"picked":"Protect","floor":8},{"not_picked":["EmptyBody","PathToVictory"],"picked":"Adaptation","floor":10},{"not_picked":["EmptyBody","Omniscience"],"picked":"Tantrum","floor":12},{"not_picked":["Wireheading","CrushJoints"],"picked":"FlurryOfBlows","floor":14},{"not_picked":["Vault","MasterReality"],"picked":"Brilliance","floor":16},{"not_picked":["Meditate","LikeWater","SignatureMove"],"picked":"SKIP","floor":18},{"not_picked":["Pray+1","WindmillStrike+1","Vengeance+1"],"picked":"SKIP","floor":19},{"not_picked":["Evaluate","Tantrum"],"picked":"EmptyFist","floor":22},{"not_picked":["CrushJoints","ThirdEye+1"],"picked":"Meditate","floor":27},{"not_picked":["BattleHymn","Crescendo"],"picked":"Perseverance","floor":29},{"not_picked":["Nirvana","ClearTheMind"],"picked":"Wallop","floor":30}],"player_experience":2859426,"relics_obtained":[{"floor":7,"key":"Omamori"},{"floor":9,"key":"War Paint"},{"floor":14,"key":"Dead Branch"},{"floor":26,"key":"Bottled Tornado"},{"floor":27,"key":"Darkstone Periapt"},{"floor":29,"key":"conspire:DecoderRing"}],"event_choices":[{"damage_healed":0,"gold_gain":0,"player_choice":"Fled","damage_taken":0,"max_hp_gain":0,"max_hp_loss":0,"event_name":"Scrap Ooze","floor":5,"gold_loss":0},{"damage_healed":0,"gold_gain":0,"player_choice":"Simplicity","damage_taken":0,"max_hp_gain":0,"max_hp_loss":0,"event_name":"Back to Basics","floor":21,"gold_loss":0,"cards_upgraded":["Strike_P","Strike_P","Strike_P","Defend_P","Defend_P","Defend_P","Defend_P"]},{"damage_healed":0,"gold_gain":0,"player_choice":"Joined the Cult","damage_taken":6,"max_hp_gain":0,"max_hp_loss":0,"event_name":"Nest","floor":24,"gold_loss":0,"cards_obtained":["RitualDagger"]}],"is_beta":false,"boss_relics":[{"not_picked":["Coffee Dripper","Calling Bell","Philosopher\u0027s Stone"]}],"items_purged_floors":[20],"is_endless":false,"potions_floor_spawned":[1,7,8,10,18,27,29],"killed_by":"Automaton","ascension_level":20}}