{"host":"tiwza2kisyyrpq7h","time":1609186025,"event":{"mods":["BaseMod","Colored Powertips","Minty Spire (QoL Compilation)","Quick Restart","Rare Cards Sparkle","StSLib","SuperFastMode","The Servant 0.9.4","óô»ðÖ¸ÄÏ"],"gold_per_floor":[118,136,136,136,61,61,41,72,72,91,112,125,149,174,174,174,174],"floor_reached":16,"playtime":498,"items_purged":[],"score":208,"play_id":"374e9f98-b83f-4328-8a63-807f7608c0e0","local_time":"20201229040705","is_ascension_mode":true,"campfire_choices":[{"data":"Shockwave","floor":6.0,"key":"SMITH"},{"floor":15.0,"key":"REST"}],"circlet_count":0,"master_deck":["AscendersBane","Strike_R","Strike_R","Strike_R+1","Strike_R","Defend_R+1","Defend_R","Defend_R","Defend_R","Bash","Shockwave+1","Iron Wave","Disarm","Power Through","Clash","Inflame+1","Evolve+1","Flame Barrier"],"relics":["Burning Blood","Turnip","Golden Idol","Ornamental Fan","Frozen Egg 2"],"acts_visited":["Exordium"],"potions_floor_usage":[],"damage_taken":[{"damage":13.0,"enemies":"2 Louse","floor":1.0,"turns":3.0},{"damage":8.0,"enemies":"Small Slimes","floor":2.0,"turns":5.0},{"damage":19.0,"enemies":"Gremlin Nob","floor":8.0,"turns":4.0},{"damage":0.0,"enemies":"Cultist","floor":10.0,"turns":4.0},{"damage":0.0,"enemies":"Blue Slaver","floor":11.0,"turns":6.0},{"damage":0.0,"enemies":"3 Louse","floor":12.0,"turns":4.0},{"damage":0.0,"enemies":"Looter","floor":13.0,"turns":3.0},{"damage":23.0,"enemies":"Exordium Thugs","floor":14.0,"turns":6.0},{"damage":31,"enemies":"Slime Boss","floor":16,"turns":10}],"seed_played":"-516641908898878349","potions_obtained":[{"floor":1.0,"key":"FearPotion"},{"floor":7.0,"key":"CultistPotion"},{"floor":10.0,"key":"Weak Potion"},{"floor":11.0,"key":"SkillPotion"}],"is_trial":false,"path_per_floor":["M","M","?","?","?","R","?","E","T","M","M","M","M","M","R","B"],"character_chosen":"IRONCLAD","items_purchased":[],"campfire_rested":1,"item_purchase_floors":[],"current_hp_per_floor":[43,41,41,21,21,21,21,8,8,14,20,26,32,15,35,4,4],"gold":174,"neow_bonus":"ONE_RARE_RELIC","is_daily":false,"chose_seed":false,"campfire_upgraded":1,"win_rate":0.0,"timestamp":1609186025,"path_taken":["M","M","?","?","?","R","?","E","T","M","M","M","M","M","R","BOSS"],"items_purchased_type":[],"build_version":"2020-12-22","purchased_purges":0,"victory":false,"max_hp_per_floor":[75,75,68,68,68,68,68,68,68,68,68,68,68,68,68,68,68],"card_choices":[{"not_picked":["Thunderclap","Shrug It Off"],"picked":"Shockwave","floor":1.0},{"not_picked":["Blood for Blood","Headbutt"],"picked":"Iron Wave","floor":2.0},{"not_picked":["Twin Strike","Shrug It Off"],"picked":"Disarm","floor":8.0},{"not_picked":["Sword Boomerang","Warcry"],"picked":"Power Through","floor":10.0},{"not_picked":["Blood for Blood","Twin Strike"],"picked":"Clash","floor":11.0},{"not_picked":["Rupture+1","Flame Barrier"],"picked":"Inflame+1","floor":12.0},{"not_picked":["Armaments","Headbutt"],"picked":"Evolve+1","floor":13.0},{"not_picked":["Anger","Heavy Blade"],"picked":"Flame Barrier","floor":14.0}],"player_experience":891634,"relics_obtained":[{"floor":8.0,"key":"Ornamental Fan"},{"floor":9.0,"key":"Frozen Egg 2"}],"event_choices":[{"damage_healed":0.0,"max_hp_gain":0.0,"max_hp_loss":7.0,"gold_gain":0.0,"event_name":"Golden Idol","player_choice":"Lose Max HP","floor":3.0,"gold_loss":0.0,"damage_taken":0.0,"relics_obtained":["Golden Idol"]},{"damage_healed":0.0,"max_hp_gain":0.0,"max_hp_loss":0.0,"gold_gain":0.0,"event_name":"Shining Light","player_choice":"Entered Light","floor":4.0,"gold_loss":0.0,"damage_taken":20.0,"cards_upgraded":["Strike_R","Defend_R"]},{"cards_removed":["Strike_R"],"damage_healed":0.0,"max_hp_gain":0.0,"max_hp_loss":0.0,"gold_gain":0.0,"event_name":"The Cleric","player_choice":"Card Removal","floor":5.0,"gold_loss":75.0,"damage_taken":0.0},{"damage_healed":0.0,"max_hp_gain":0.0,"max_hp_loss":0.0,"gold_gain":0.0,"event_name":"The Woman in Blue","player_choice":"Bought 1 Potion","floor":7.0,"gold_loss":0.0,"damage_taken":0.0}],"is_beta":false,"boss_relics":[],"items_purged_floors":[],"is_endless":false,"potions_floor_spawned":[1,10,11],"killed_by":"Slime Boss","ascension_level":20}}