{"host":"792mtbovsoa03nb3","time":1609190286,"event":{"mods":["BaseMod","Colored Map","Dota2Spire","Downfall","Hubris","Infinite Spire","Minty Spire (QoL Compilation)","Replay The Spire","Spicy Shops","StSLib","The Blue Laboratory","The Jungle"],"gold_per_floor":[116,36,36,51,63,98,116,141,153,183,195,3,16,16,16,16,16],"floor_reached":16,"playtime":429,"items_purged":[],"score":151,"play_id":"748297a9-7179-4dc8-ba98-3b529cd9f05d","local_time":"20201228131806","is_ascension_mode":true,"campfire_choices":[{"data":"Inflame","floor":11,"key":"SMITH"},{"data":"Flex","floor":15,"key":"SMITH"}],"circlet_count":0,"master_deck":["Strike_R","Strike_R","Strike_R","Strike_R","Defend_R","Defend_R","Defend_R","Defend_R","Bash","True Grit","Rage","Infernal Blade","Inflame+1","Flex+1","Anger","Shrug It Off","Guardian:Gem_Purple","Whirlwind","Whirlwind"],"relics":["Burning Blood","CultistMask","infinitespire:PuzzleCube","MawBank","hubris:DisguiseKit","Blood Vial"],"acts_visited":["Exordium"],"potions_floor_usage":[6,8,8],"damage_taken":[{"damage":12,"enemies":"Cultist","floor":1,"turns":5},{"damage":3,"enemies":"Jaw Worm","floor":4,"turns":3},{"damage":5,"enemies":"Small Slimes","floor":5,"turns":3},{"damage":34,"enemies":"Gremlin Nob","floor":6,"turns":4},{"damage":0,"enemies":"Looter","floor":7,"turns":2},{"damage":30,"enemies":"Lagavulin","floor":8,"turns":6},{"damage":11,"enemies":"Lots of Slimes","floor":10,"turns":6},{"damage":0,"enemies":"3 Louse","floor":13,"turns":2},{"damage":34,"enemies":"The Guardian","floor":16,"turns":5}],"seed_played":"-1545277701160665824","potions_obtained":[{"floor":4,"key":"Strength Potion"},{"floor":6,"key":"SkillPotion"},{"floor":7,"key":"sneckomod:MuddlingPotion"}],"is_trial":false,"path_per_floor":["M","$","?","M","M","E","M","E","T","M","R","$","M","?","R","B"],"character_chosen":"IRONCLAD","items_purchased":["Infernal Blade","Blood Vial","Whirlwind"],"campfire_rested":0,"item_purchase_floors":[2,12,12],"current_hp_per_floor":[66,66,66,69,70,42,48,24,24,19,19,19,27,27,27,0,0],"gold":16,"neow_bonus":"TRANSFORM_CARD","is_daily":false,"chose_seed":false,"campfire_upgraded":2,"win_rate":0.0,"timestamp":1609190286,"path_taken":["M","?","?","M","M","E","M","E","T","?","R","$","?","?","R","BOSS"],"items_purchased_type":["Card","Relic","Card"],"build_version":"2020-12-22","purchased_purges":0,"victory":false,"max_hp_per_floor":[80,80,80,80,80,80,80,80,80,80,80,80,80,80,80,80,80],"card_choices":[{"not_picked":["Bloodletting","Clothesline"],"picked":"Rage","floor":1},{"not_picked":["Body Slam","Rupture","hubris:ReadiedAction"],"picked":"SKIP","floor":4},{"not_picked":["Pummel","Sentinel"],"picked":"Inflame","floor":5},{"not_picked":["Run Through","Seeing Red"],"picked":"Flex","floor":6},{"not_picked":["hubris:ReadiedAction","Defy Death"],"picked":"Anger","floor":7},{"not_picked":["Clothesline","Intimidate"],"picked":"Shrug It Off","floor":8},{"not_picked":["Clothesline","True Grit","Twin Strike"],"picked":"Guardian:Gem_Purple","floor":10},{"not_picked":["Reckless Charge","Clothesline","Headbutt","Guardian:BronzeOrb"],"picked":"SKIP","floor":13}],"player_experience":808300,"relics_obtained":[{"floor":6,"key":"infinitespire:PuzzleCube"},{"floor":8,"key":"MawBank"},{"floor":9,"key":"hubris:DisguiseKit"}],"event_choices":[{"damage_healed":0,"gold_gain":0,"player_choice":"Trade","damage_taken":0,"relics_obtained":["CultistMask"],"max_hp_gain":0,"max_hp_loss":0,"event_name":"FaceTrader","floor":3,"gold_loss":0}],"is_beta":false,"boss_relics":[],"items_purged_floors":[],"is_endless":false,"potions_floor_spawned":[4,6,7],"killed_by":"The Guardian","ascension_level":7}}