{"host":"toh0bbw446wnuexf","time":1609126137,"event":{"mods":["BaseMod","Downfall","Hermit","Minty Spire (QoL Compilation)","Random Character Button","StSLib"],"gold_per_floor":[115,115,65,65,78,112,127,127,127,54,70,83,83,83,83,183,183,199,298,318,318,329,329,254,254,254,254,254,273,292,307,307,312,312],"floor_reached":33,"playtime":1990,"items_purged":["hermit:Strike_Hermit"],"score":286,"play_id":"b49479dd-1a60-4183-bd04-4cbfda7daf8e","local_time":"20201228162857","is_ascension_mode":true,"campfire_choices":[{"data":"hermit:HighCaliber","floor":8,"key":"SMITH"},{"data":"hermit:Manifest","floor":13,"key":"SMITH"},{"data":"hermit:Deadeye","floor":15,"key":"SMITH"},{"data":"hermit:HighCaliber","floor":23,"key":"SMITH"},{"data":"hermit:Ricochet","floor":27,"key":"SMITH"},{"data":"hermit:Combo","floor":32,"key":"SMITH"}],"circlet_count":0,"master_deck":["hermit:Strike_Hermit","hermit:Strike_Hermit","hermit:Strike_Hermit","hermit:Defend_Hermit","hermit:Defend_Hermit","hermit:Defend_Hermit","hermit:Defend_Hermit","hermit:Snapshot+1","hermit:HighCaliber+1","hermit:HighCaliber+1","hermit:Deadeye+1","hermit:Manifest+1","hermit:Headshot","hermit:Scavenge","hermit:Ricochet+1","hermit:Manifest+1","hermit:Combo+1","hermit:Dissolve"],"relics":["hermit:Momento","NeowsBlessing","hermit:Spyglass","CaptainsWheel","hermit:RedScarf","Sozu","Bottled Lightning"],"acts_visited":["Exordium","TheCity"],"potions_floor_usage":[33],"damage_taken":[{"damage":0,"enemies":"Small Slimes","floor":1,"turns":1},{"damage":0,"enemies":"Jaw Worm","floor":5,"turns":1},{"damage":0,"enemies":"Lagavulin","floor":6,"turns":1},{"damage":0,"enemies":"2 Louse","floor":7,"turns":2},{"damage":0,"enemies":"Exordium Wildlife","floor":11,"turns":2},{"damage":2,"enemies":"Blue Slaver","floor":12,"turns":3},{"damage":48,"enemies":"Hexaghost","floor":16,"turns":9},{"damage":0,"enemies":"3 Byrds","floor":18,"turns":5},{"damage":0,"enemies":"Chosen","floor":20,"turns":3},{"damage":9,"enemies":"Snake Plant","floor":22,"turns":4},{"damage":0,"enemies":"Snecko","floor":29,"turns":4},{"damage":0,"enemies":"Sentry and Sphere","floor":30,"turns":5},{"damage":0,"enemies":"Snake Plant","floor":31,"turns":3},{"damage":93,"enemies":"Champ","floor":33,"turns":13}],"seed_played":"-8294116967094204937","potions_obtained":[{"floor":6,"key":"ColorlessPotion"},{"floor":12,"key":"FairyPotion"}],"is_trial":false,"path_per_floor":["M","?","?","?","M","E","M","R","T","$","M","M","R","?","R","B",null,"M","?","M","?","M","R","$","?","T","R","?","M","M","M","R","B"],"character_chosen":"HERMIT","items_purchased":["hermit:Deadeye"],"campfire_rested":0,"item_purchase_floors":[10],"current_hp_per_floor":[75,75,75,42,42,42,42,42,42,42,42,40,40,75,75,27,75,75,75,75,61,52,52,52,52,52,52,52,52,52,52,52,0,0],"gold":312,"neow_bonus":"THREE_ENEMY_KILL","is_daily":false,"chose_seed":false,"campfire_upgraded":6,"win_rate":0.0,"timestamp":1609126137,"path_taken":["M","?","?","?","M","E","?","R","T","$","M","M","R","?","R","BOSS","M","?","M","?","M","R","$","?","T","R","?","M","M","M","R","BOSS"],"items_purchased_type":["Card"],"build_version":"2020-12-22","purchased_purges":1,"victory":false,"max_hp_per_floor":[75,75,75,75,75,75,75,75,75,75,75,75,75,75,75,75,75,75,75,75,80,80,80,80,80,80,80,80,80,80,80,80,80,80],"card_choices":[{"not_picked":["hermit:Coalescence","hermit:FullyLoaded"],"picked":"hermit:HighCaliber","floor":1},{"not_picked":["hermit:Showdown","hermit:WideOpen","hermit:FullyLoaded"],"picked":"SKIP","floor":5},{"not_picked":["hermit:Feint","hermit:HoleUp"],"picked":"hermit:HighCaliber","floor":6},{"not_picked":["hermit:Desperado","hermit:Feint","hermit:CursedWeapon"],"picked":"SKIP","floor":7},{"not_picked":["hermit:HighNoon","hermit:Cheat"],"picked":"hermit:Manifest","floor":11},{"not_picked":["hermit:EyeOfTheStorm","hermit:Feint"],"picked":"hermit:Headshot","floor":12},{"not_picked":["hermit:GoldenBullet","hermit:Vantage+1"],"picked":"hermit:Scavenge","floor":18},{"not_picked":["hermit:ItchyTrigger","hermit:CalledShot"],"picked":"hermit:Ricochet","floor":20},{"not_picked":["hermit:WideOpen","hermit:Snipe+1","hermit:ItchyTrigger"],"picked":"SKIP","floor":22},{"not_picked":["hermit:ShadowCloak+1","hermit:ItchyTrigger"],"picked":"hermit:Combo","floor":29},{"not_picked":["hermit:NoHoldsBarred","hermit:CalledShot","hermit:TakeCover"],"picked":"SKIP","floor":30},{"not_picked":["hermit:Feint","hermit:Roulette+1"],"picked":"hermit:Dissolve","floor":31}],"player_experience":542510,"relics_obtained":[{"floor":6,"key":"CaptainsWheel"},{"floor":9,"key":"hermit:RedScarf"},{"floor":26,"key":"Bottled Lightning"}],"event_choices":[{"damage_healed":0,"gold_gain":0,"player_choice":"Grow","damage_taken":0,"max_hp_gain":0,"max_hp_loss":0,"event_name":"Living Wall","floor":2,"gold_loss":0,"cards_upgraded":["hermit:Snapshot"]},{"cards_removed":["hermit:Covet"],"damage_healed":0,"gold_gain":0,"player_choice":"Card Removal","damage_taken":0,"max_hp_gain":0,"max_hp_loss":0,"event_name":"The Cleric","floor":3,"gold_loss":50},{"damage_healed":0,"gold_gain":0,"player_choice":"Success","damage_taken":33,"relics_obtained":["hermit:Spyglass"],"max_hp_gain":0,"max_hp_loss":0,"event_name":"Scrap Ooze","floor":4,"gold_loss":0},{"damage_healed":35,"gold_gain":0,"player_choice":"Full Heal","damage_taken":0,"max_hp_gain":0,"max_hp_loss":0,"event_name":"Wheel of Change","floor":14,"gold_loss":0},{"damage_healed":0,"gold_gain":99,"player_choice":"Stole From Cult","damage_taken":0,"max_hp_gain":0,"max_hp_loss":0,"event_name":"Nest","floor":19,"gold_loss":0},{"damage_healed":0,"gold_gain":0,"player_choice":"Shed Blood","damage_taken":19,"max_hp_gain":5,"max_hp_loss":0,"event_name":"Forgotten Altar","floor":21,"gold_loss":0},{"damage_healed":0,"gold_gain":0,"player_choice":"Ignored","damage_taken":0,"max_hp_gain":0,"max_hp_loss":0,"event_name":"Ghosts","floor":25,"gold_loss":0},{"damage_healed":0,"gold_gain":0,"player_choice":"Copied","damage_taken":0,"max_hp_gain":0,"max_hp_loss":0,"event_name":"Duplicator","floor":28,"gold_loss":0,"cards_obtained":["hermit:Manifest"]}],"is_beta":false,"boss_relics":[{"not_picked":["Astrolabe","Pandora\u0027s Box"],"picked":"Sozu"}],"items_purged_floors":[24],"is_endless":false,"potions_floor_spawned":[6,12,20,22,31],"killed_by":"Champ","ascension_level":1}}