{"host":"17xjy7b7ubl548g2","time":1609144311,"event":{"mods":["2.2 Compatiblity","Act Like it!","Aspiration","Astrologer","Bard","BaseMod","Bestiary","Challenge The Spire","ChefMod","Colored Map","Conspire","Elementarium","Energized Spire","GifTheSpireLib","Halation","Hallownest","Hermit","Hubris","Infinite Spire","Jedi Mod","Jorbs\u0027s Wanderer Trilogy","Marisa（霧雨　魔理沙）","Marked Mod","Minty Spire (QoL Compilation)","Pale of the Ancients","Permanent Neow","Puzzle Mod","Replay The Spire","Robot Space Explorer","Spicy Shops","StSLib","Stuff the Spire","The Blue Laboratory","The Bug Knight","The Construct","The Disciple","The Hayseed","The Hierophant","The Runesmith","The Sage"],"gold_per_floor":[109,130,130,130,130,134,134,153,153,185,200,200,200,236,236,253,253,357,357,357,357,43,43,43,43,43,43,43,43,43,43,43,43,43,43,43,43,43,43,43,43,43,43,43,43,43,43,43,3,3,3,3,3,3,3,3,3,3,3,3,3,3,3],"floor_reached":62,"playtime":6529,"items_purged":["hierophant:Strike_Hierophant","hierophant:Strike_Hierophant","hierophant:Strike_Hierophant"],"score":2150,"play_id":"b152ce6b-23ee-4bda-928d-cbfeb6bd3d06","local_time":"20201228033151","is_ascension_mode":true,"campfire_choices":[{"data":"hierophant:Punish","floor":7,"key":"SMITH"},{"data":"hierophant:Sermon","floor":15,"key":"SMITH"},{"data":"hierophant:MorningPrayer","floor":17,"key":"SMITH"},{"data":"hierophant:DivineIntervention","floor":25,"key":"SMITH"},{"data":"infinitespire:DeathsTouch","floor":32,"key":"SMITH"},{"data":"hierophant:Kindle","floor":34,"key":"SMITH"},{"data":"StuffTheSpire:Innocence","floor":43,"key":"SMITH"},{"data":"hierophant:Kindle","floor":48,"key":"SMITH"},{"floor":51,"key":"RECALL"},{"data":"infinitespire:Punishment","floor":57,"key":"SMITH"},{"data":"infinitespire:Punishment","floor":59,"key":"SMITH"}],"circlet_count":0,"master_deck":["hierophant:Punish+1","hierophant:Defend_Hierophant","hierophant:Defend_Hierophant","hierophant:Defend_Hierophant","hierophant:Defend_Hierophant","hierophant:OrnateBuckler","hierophant:Smite+1","infinitespire:Punishment+1","hierophant:HolyVerse","hubris:DuctTapeCard","hierophant:MorningPrayer+1","hierophant:Sermon+1","hierophant:HolyVerse","hierophant:OrnateBuckler","hierophant:DivineIntervention+1","hierophant:SealAway+1","hierophant:PassingBell+1","hierophant:SealAway+1","hierophant:HolyVerse+1","hierophant:Exaltation","infinitespire:Fortify","infinitespire:Punishment+1","infinitespire:DeathsTouch+1","hierophant:Purify+1","hierophant:Kindle+1","hierophant:Kindle+1","hierophant:FlamingChariot+1","StuffTheSpire:Innocence+1","hierophant:FieryStrike+1","infinitespire:Punishment+1","hierophant:OrnateBuckler+1","hierophant:MorningPrayer+1","hierophant:Endure+1","hierophant:HolyVerse+1"],"relics":["hierophant:PropheticMaskRelic","hubris:Towel","halation:LettersToHer","infinitespire:Satchel","hubris:DuctTape","Pear","infinitespire:Golems Mask","Ectoplasm","Replay:Ringing Soul","aspiration:FrozenJewel","Red Mask","jedi:heavyjacket","halation:AfternoonTea","HornCleat","conspire:SpecialSausage","Frozen Egg 2","Whetstone","Eternal Feather","paleoftheancients:Timepiece","paleoftheancients:KeyRelic","Mercury Hourglass","CultistMask","paleoftheancients:SoulOfTheSilent","Lantern","hubris:TinFlute","hubris:CrystalStatue"],"acts_visited":["Exordium","TheCity","TheBeyond","TheBeyond"],"potions_floor_usage":[10,20,26,27,27,62],"damage_taken":[{"damage":0,"enemies":"Small Slimes","floor":1,"turns":3},{"damage":0,"enemies":"2 Louse","floor":2,"turns":1},{"damage":15,"enemies":"Lagavulin","floor":6,"turns":6},{"damage":7,"enemies":"3 Sentries","floor":8,"turns":3},{"damage":0,"enemies":"Gremlin Nob","floor":10,"turns":2},{"damage":0,"enemies":"Jaw Worm","floor":11,"turns":2},{"damage":0,"enemies":"3 Sentries","floor":14,"turns":2},{"damage":3,"enemies":"Looter","floor":16,"turns":2},{"damage":2,"enemies":"The Guardian","floor":18,"turns":5},{"damage":0,"enemies":"Spheric Guardian","floor":20,"turns":1},{"damage":4,"enemies":"Shell Parasite","floor":21,"turns":2},{"damage":0,"enemies":"Snecko","floor":23,"turns":2},{"damage":7,"enemies":"Centurion and Healer","floor":24,"turns":2},{"damage":1,"enemies":"Replay:Snechameleon","floor":26,"turns":3},{"damage":0,"enemies":"Masked Bandits","floor":27,"turns":3},{"damage":0,"enemies":"Nightmare","floor":30,"turns":4},{"damage":0,"enemies":"Chosen and Byrds","floor":31,"turns":3},{"damage":0,"enemies":"3 Cultists","floor":33,"turns":1},{"damage":2,"enemies":"Automaton","floor":35,"turns":5},{"damage":0,"enemies":"3 Shapes","floor":37,"turns":1},{"damage":0,"enemies":"Orb Walker","floor":38,"turns":2},{"damage":0,"enemies":"Transient","floor":40,"turns":5},{"damage":0,"enemies":"Reptomancer","floor":42,"turns":3},{"damage":0,"enemies":"4 Shapes","floor":44,"turns":3},{"damage":7,"enemies":"R_Hoarder","floor":49,"turns":4},{"damage":0,"enemies":"Writhing Mass","floor":50,"turns":3},{"damage":0,"enemies":"Donu and Deca","floor":52,"turns":4},{"damage":0,"enemies":"Donu and Deca","floor":53,"turns":4},{"damage":2,"enemies":"Donu and Deca","floor":54,"turns":4},{"damage":0,"enemies":"Donu and Deca","floor":58,"turns":4},{"damage":0,"enemies":"paleoftheancients:N","floor":62,"turns":8}],"seed_played":"4051092208080315601","potions_obtained":[{"floor":6,"key":"blueLaboratory:CorrosionFlask"},{"floor":8,"key":"PowerPotion"},{"floor":14,"key":"Venom Potion"},{"floor":18,"key":"blueLaboratory:ImpenetrablePotion"},{"floor":23,"key":"blueLaboratory:HummingbirdPotion"},{"floor":24,"key":"blueLaboratory:HorrorPotion"},{"floor":26,"key":"LiquidMemories"},{"floor":33,"key":"Weak Potion"},{"floor":38,"key":"Block Potion"}],"is_trial":false,"path_per_floor":["M","M","?","?","?","E","R","E","T","E","M","PTL","PTL","E","R","M","R","B",null,"M","M","$","M","M","R","E","?","T","AVR","NM","M","R","M","R","B",null,"M","M","?","M","AVR","E","R","M","T","?","$","R","E","M","R","B","M","M","?","T","R","M","R","T","?","B"],"character_chosen":"HIEROPHANT","items_purchased":["Replay:Ringing Soul"],"campfire_rested":0,"item_purchase_floors":[22],"current_hp_per_floor":[68,68,49,49,49,34,34,27,27,37,37,37,37,37,37,34,34,32,72,72,68,68,68,64,64,66,69,69,72,75,75,75,78,78,79,99,102,102,105,108,111,114,114,114,114,114,114,114,110,110,124,124,127,126,126,126,127,130,130,130,130,130,130],"gold":3,"neow_bonus":"UPGRADE_CARD","is_daily":false,"chose_seed":false,"campfire_upgraded":10,"win_rate":0.0,"timestamp":1609144311,"path_taken":["M","M","?","?","?","E","R","E","T","E","M","PTL","PTL","E","R","?","R","BOSS","M","M","$","M","M","R","E","?","T","AVR","NM","M","R","M","R","BOSS","M","M","?","M","AVR","E","R","M","T","?","?","R","E","M","R","BOSS","M","M","?","T","R","M","R","T","?","BOSS"],"items_purchased_type":["Relic"],"build_version":"2020-12-22","purchased_purges":3,"victory":false,"max_hp_per_floor":[75,75,75,75,75,75,75,75,75,85,85,85,85,85,85,85,85,85,85,85,85,85,85,88,88,91,94,94,97,100,100,100,103,103,106,106,109,109,112,115,118,121,121,121,121,121,121,121,124,124,124,124,127,127,127,127,127,130,130,130,130,130,130],"card_choices":[{"not_picked":["hierophant:CoinFling","hierophant:FlamingChariot"],"picked":"hierophant:OrnateBuckler","floor":1},{"not_picked":["hierophant:Doomsaying","hierophant:RepressedViolence"],"picked":"hierophant:Smite","floor":2},{"not_picked":["infinitespire:FutureSight","ReplayTheSpireMod:??????????????????????"],"picked":"infinitespire:Punishment","floor":3},{"not_picked":["hierophant:Martyrdom","hierophant:Shelter"],"picked":"hierophant:ThreeLashes","floor":6},{"not_picked":["hierophant:FlamingChariot","hierophant:Encroach"],"picked":"hierophant:HolyVerse","floor":8},{"not_picked":["hierophant:Zeal","hierophant:Embezzle"],"picked":"hierophant:MorningPrayer","floor":10},{"not_picked":["hierophant:Alms","hierophant:MintersHammer"],"picked":"hierophant:Sermon","floor":11},{"not_picked":["hierophant:Purify","hierophant:Mercenaries"],"picked":"hierophant:HolyVerse","floor":14},{"not_picked":["hierophant:PassingBell","hierophant:Sermon"],"picked":"hierophant:OrnateBuckler","floor":16},{"not_picked":["hierophant:AuricForm","hierophant:Anathema"],"picked":"hierophant:DivineIntervention","floor":18},{"not_picked":["hierophant:SecretStash+1","hierophant:Encroach+1"],"picked":"hierophant:SealAway+1","floor":20},{"not_picked":["hierophant:Empathy","hierophant:Prophecy+1"],"picked":"hierophant:PassingBell","floor":21},{"not_picked":["hierophant:TollTheBells","hierophant:Generosity","hierophant:DisplayOfPower"],"picked":"SKIP","floor":23},{"not_picked":["hierophant:Generosity","hierophant:TollTheBells"],"picked":"hierophant:SealAway+1","floor":24},{"not_picked":["hierophant:Sermon","hierophant:Empathy"],"picked":"hierophant:HolyVerse+1","floor":26},{"not_picked":["hierophant:Purify","hierophant:AuricBeam"],"picked":"hierophant:Exaltation","floor":27},{"not_picked":["infinitespire:UltimateForm","ReplayTheSpireMod:Chaos Vortex"],"picked":"infinitespire:DeathsTouch","floor":30},{"not_picked":["hierophant:Embezzle","hierophant:ThreeLashes"],"picked":"hierophant:Purify+1","floor":30},{"not_picked":["hierophant:HammerAndAnvil","hierophant:Rebuild","hierophant:SolarFlare"],"picked":"SKIP","floor":31},{"not_picked":["hierophant:Zeal+1","hierophant:Refuge+1"],"picked":"hierophant:Kindle","floor":33},{"not_picked":["hierophant:Cornucopia","hierophant:MintersHammer"],"picked":"hierophant:Kindle","floor":35},{"not_picked":["hierophant:DisplayOfPower","hierophant:Repentance"],"picked":"hierophant:FlamingChariot+1","floor":37},{"not_picked":["hierophant:Refuge+1","hierophant:AuricBeam+1","hierophant:Zeal+1"],"picked":"SKIP","floor":38},{"not_picked":["StuffTheSpire:Rapture","StuffTheSpire:Brawn"],"picked":"StuffTheSpire:Innocence","floor":39},{"not_picked":["hierophant:Patience+1","hierophant:WrathOfGod"],"picked":"hierophant:FieryStrike+1","floor":40},{"not_picked":["hierophant:Generosity+1","hierophant:Encroach"],"picked":"hierophant:OrnateBuckler+1","floor":42},{"not_picked":["hierophant:MorningPrayer","hierophant:Flagellation+1","hierophant:Remorse+1"],"picked":"SKIP","floor":44},{"not_picked":["hierophant:Batter","hierophant:Anathema"],"picked":"hierophant:MorningPrayer+1","floor":49},{"not_picked":["hierophant:Dazzle+1","hierophant:DeathKnell","hierophant:FaithHealing+1"],"picked":"SKIP","floor":50},{"not_picked":["hierophant:FlamingChariot+1","hierophant:Racketeering"],"picked":"hierophant:Endure+1","floor":53},{"not_picked":["hierophant:Encroach","hierophant:SealAway","hierophant:Patience"],"picked":"SKIP","floor":54},{"not_picked":["hierophant:Racketeering","hierophant:SolarFlare"],"picked":"hierophant:HolyVerse+1","floor":58}],"player_experience":1646766,"relics_obtained":[{"floor":6,"key":"Centennial Puzzle"},{"floor":8,"key":"halation:LettersToHer"},{"floor":9,"key":"infinitespire:Satchel"},{"floor":9,"key":"hubris:DuctTape"},{"floor":10,"key":"Pear"},{"floor":14,"key":"infinitespire:Golems Mask"},{"floor":26,"key":"aspiration:FrozenJewel"},{"floor":27,"key":"Red Mask"},{"floor":28,"key":"jedi:heavyjacket"},{"floor":28,"key":"halation:AfternoonTea"},{"floor":30,"key":"HornCleat"},{"floor":42,"key":"Frozen Egg 2"},{"floor":45,"key":"Whetstone"},{"floor":49,"key":"Eternal Feather"},{"floor":54,"key":"paleoftheancients:SoulOfTheSilent"},{"floor":56,"key":"Lantern"},{"floor":56,"key":"hubris:TinFlute"},{"floor":60,"key":"hubris:CrystalStatue"},{"floor":60,"key":"halation:LettersToHer"}],"event_choices":[{"damage_healed":0,"gold_gain":0,"player_choice":"Fought Bandits","damage_taken":0,"max_hp_gain":0,"max_hp_loss":0,"event_name":"Masked Bandits","floor":27,"gold_loss":0},{"cards_removed":["hierophant:Strike_Hierophant"],"damage_healed":0,"gold_gain":0,"player_choice":"Purged","damage_taken":0,"max_hp_gain":0,"max_hp_loss":0,"event_name":"Purifier","floor":55,"gold_loss":0}],"is_beta":false,"boss_relics":[{"not_picked":["jedi:hotpepper","Replay:Drink Me"],"picked":"Ectoplasm"},{"not_picked":["halation:CatFaceCupcake","aspiration:SecretTechniqueScroll"],"picked":"conspire:SpecialSausage"}],"items_purged_floors":[22,29,41],"is_endless":false,"potions_floor_spawned":[6,8,14,18,23,24,26,33,38,44,49,50,53],"killed_by":"paleoftheancients:N","ascension_level":8}}