{"host":"grli52lbdph2722t","time":1609186375,"event":{"mods":["AchievementEnabler","BaseMod","Downfall","Minty Spire (QoL Compilation)","Quick Restart","StSLib"],"gold_per_floor":[99,99,199,199,199,234,234,234,244,244,271,291,291,306,321,426,426,351,369,380,480,493,528,579,579,579,579,579],"floor_reached":26,"playtime":774,"items_purged":[],"score":426,"play_id":"4fb0ddd3-d544-4e62-bdab-193ec41e9839","local_time":"20201228211255","is_ascension_mode":true,"campfire_choices":[{"data":"champ:Taunt","floor":1,"key":"SMITH"},{"data":"champ:Aggression","floor":8,"key":"SMITH"},{"data":"champ:Control","floor":10,"key":"SMITH"},{"data":"champ:StrikeOfGenius","floor":18,"key":"SMITH"},{"data":"Regret","floor":25,"key":"PURGE"}],"circlet_count":0,"master_deck":["AscendersBane","champ:Strike","champ:Strike","champ:Strike","champ:Defend+1","champ:Defend","champ:Defend","champ:Defend","champ:Execute+1","champ:Taunt+1","champ:Haymaker","champ:Aggression+1","champ:Control+1","champ:RecklessLeap+1","champ:CrownThrow","champ:Encircle","champ:StrikeOfGenius+1","champ:Circumvent+1","champ:PreciseThrust","champ:IronFortress","champ:Balance+1"],"relics":["champ:ChampionCrown","downfall:HeartsMalice","Akabeko","Mercury Hourglass","Letter Opener","Busted Crown","downfall:HeartBlessingGreen","Peace Pipe","Question Card","Boot","Omamori"],"acts_visited":["Exordium","TheCity"],"potions_floor_usage":[11,16,23,23,26],"damage_taken":[{"damage":0,"enemies":"Jaw Worm","floor":2,"turns":1},{"damage":0,"enemies":"2 Louse","floor":5,"turns":1},{"damage":0,"enemies":"Lagavulin","floor":6,"turns":1},{"damage":0,"enemies":"Cultist","floor":9,"turns":2},{"damage":15,"enemies":"Gremlin Nob","floor":11,"turns":2},{"damage":16,"enemies":"Large Slime","floor":12,"turns":4},{"damage":7,"enemies":"Exordium Wildlife","floor":14,"turns":2},{"damage":9,"enemies":"Blue Slaver","floor":15,"turns":3},{"damage":39,"enemies":"downfall:Watcher","floor":16,"turns":4},{"damage":30,"enemies":"Chosen","floor":19,"turns":2},{"damage":8,"enemies":"3 Byrds","floor":20,"turns":4},{"damage":61,"enemies":"downfall:CharBossIronclad","floor":21,"turns":5},{"damage":35,"enemies":"Centurion and Healer","floor":22,"turns":4},{"damage":26,"enemies":"Book of Stabbing","floor":23,"turns":5},{"damage":17,"enemies":"Slavers","floor":26,"turns":1}],"seed_played":"2830971902631001744","potions_obtained":[{"floor":6,"key":"AttackPotion"},{"floor":9,"key":"LiquidBronze"},{"floor":12,"key":"LiquidMemories"},{"floor":14,"key":"champ:CounterPotion"},{"floor":15,"key":"Strength Potion"},{"floor":16,"key":"ColorlessPotion"},{"floor":23,"key":"Regen Potion"}],"is_trial":false,"path_per_floor":["R","M","?","?","M","E","T","R","M","R","E","M","?","M","M","B",null,"R","M","M","?","M","E","T","R","E"],"character_chosen":"THE_CHAMP","items_purchased":[],"campfire_rested":0,"item_purchase_floors":[],"current_hp_per_floor":[81,81,81,81,81,81,81,81,81,81,81,78,78,78,69,59,82,82,74,71,36,27,10,10,10,0,0,0],"gold":579,"neow_bonus":"THREE_ENEMY_KILL","is_daily":false,"chose_seed":false,"campfire_upgraded":4,"win_rate":0.0,"timestamp":1609186375,"path_taken":["R","M","?","?","M","E","T","R","M","R","E","?","?","M","M","BOSS","R","M","M","?","M","E","T","R","E"],"items_purchased_type":[],"build_version":"2020-12-22","purchased_purges":0,"victory":false,"max_hp_per_floor":[90,90,90,90,90,90,90,90,90,90,90,90,90,90,90,90,90,90,90,90,90,90,90,90,90,90,90,90],"card_choices":[{"not_picked":["champ:PerfectedStrike","champ:CrookedStrike"],"picked":"champ:Haymaker","floor":2},{"not_picked":["champ:AdrenalArmor","champ:RisingSlash"],"picked":"champ:Aggression","floor":5},{"not_picked":["champ:ShieldWall","champ:BladeFlurry"],"picked":"champ:Control","floor":6},{"not_picked":["champ:BerserkersShout","champ:FightOn"],"picked":"champ:RecklessLeap","floor":9},{"not_picked":["champ:Aggression","champ:FaceSlap"],"picked":"champ:CrownThrow","floor":11},{"not_picked":["champ:Shatter","champ:RapidStrikes"],"picked":"champ:Encircle","floor":12},{"not_picked":["champ:ShieldSigil","champ:CrookedStrike","champ:EnragedBash"],"picked":"SKIP","floor":14},{"not_picked":["champ:Balance","champ:FocusedGladiator","champ:Circumvent"],"picked":"SKIP","floor":15},{"not_picked":["champ:MurderStrike","champ:EnchantCrown"],"picked":"champ:StrikeOfGenius","floor":16},{"not_picked":[],"picked":"champ:Circumvent+1","floor":19},{"not_picked":[],"picked":"champ:PreciseThrust","floor":20},{"not_picked":[],"picked":"champ:IronFortress","floor":21},{"not_picked":["champ:PreciseThrust"],"picked":"champ:Balance+1","floor":22},{"not_picked":["champ:BladeFlurry","champ:BerserkersShout+1"],"picked":"SKIP","floor":23}],"player_experience":4897303,"relics_obtained":[{"floor":6,"key":"Akabeko"},{"floor":7,"key":"Mercury Hourglass"},{"floor":11,"key":"Letter Opener"},{"floor":21,"key":"Peace Pipe"},{"floor":21,"key":"Question Card"},{"floor":23,"key":"Boot"},{"floor":24,"key":"Omamori"}],"event_choices":[{"cards_removed":["champ:Strike"],"damage_healed":0,"gold_gain":0,"player_choice":"Purged","damage_taken":0,"max_hp_gain":0,"max_hp_loss":0,"event_name":"Purifier","floor":4,"gold_loss":0}],"is_beta":false,"boss_relics":[{"not_picked":["Tiny House","Velvet Choker"],"picked":"Busted Crown"}],"items_purged_floors":[],"is_endless":false,"potions_floor_spawned":[6,9,12,14,15,16,19,23],"killed_by":"Slavers","ascension_level":10}}