{"host":"thn8o1tmql8xszd5","time":1609126349,"event":{"mods":["AchievementEnabler","Act Like it!","BaseMod","Block Reminder","Colored Map","DeckTracker","Gensokyo","Highlight Path","Minty Spire (QoL Compilation)","Permanent Neow","Quick Restart","Relic Stats","Robot Space Explorer","StSLib","The Animator","The Blue Laboratory"],"gold_per_floor":[113,113,127,127,138,167,167,196,196,210,221,253,26,0,0,102,102,119,134,149,149,163,189,189,209,209,209,459,459,459,26,26,130,130,140,140,140,40,58,85,34,66,66,98,98,116,116,127,127,127],"floor_reached":51,"playtime":4824,"items_purged":["RobotSpaceExplorer:Strike","RobotSpaceExplorer:Strike"],"score":1053,"play_id":"8cd93a69-a45a-4298-88f6-8fb456a87062","local_time":"20201227223229","is_ascension_mode":true,"campfire_choices":[{"data":"RobotSpaceExplorer:TurboDodge","floor":7,"key":"SMITH"},{"data":"RobotSpaceExplorer:MiniBoosters","floor":15,"key":"SMITH"},{"data":"RobotSpaceExplorer:DoubleFind","floor":24,"key":"SMITH"},{"data":"RobotSpaceExplorer:Counterblock","floor":27,"key":"SMITH"},{"data":"RobotSpaceExplorer:ShovelStrike","floor":30,"key":"SMITH"},{"data":"RobotSpaceExplorer:GlueShot","floor":32,"key":"SMITH"},{"data":"RobotSpaceExplorer:Blaster","floor":45,"key":"SMITH"},{"floor":49,"key":"REST"}],"circlet_count":0,"master_deck":["RobotSpaceExplorer:Defend","RobotSpaceExplorer:Defend","RobotSpaceExplorer:Scan","RobotSpaceExplorer:MiniLasers","RobotSpaceExplorer:BigMissile+1","RobotSpaceExplorer:ShovelStrike+1","RobotSpaceExplorer:Reload","RobotSpaceExplorer:Counterblock+1","RobotSpaceExplorer:TurboDodge+1","RobotSpaceExplorer:DoubleFind+1","RobotSpaceExplorer:FreezingShield","RobotSpaceExplorer:MiniBoosters+1","RobotSpaceExplorer:ChargingLaser+1","RobotSpaceExplorer:ChargingLaser","RobotSpaceExplorer:TurboDodge+1","RobotSpaceExplorer:ShovelStrike+1","RobotSpaceExplorer:ScrapMissile+1","RobotSpaceExplorer:DualCore","Writhe","RobotSpaceExplorer:GlueShot+1","RobotSpaceExplorer:Blaster+1","RobotSpaceExplorer:ScrapMissile+1","RobotSpaceExplorer:Probe","RobotSpaceExplorer:MiniDrones","RobotSpaceExplorer:SwiftStep","RobotSpaceExplorer:MiniDrones+1"],"relics":["RobotSpaceExplorer:RoboCore","RobotSpaceExplorer:ClockworkSextant","Letter Opener","FossilizedHelix","Mango","Bag of Marbles","SlaversCollar","Gensokyo:MosesMiracle","Bottled Tornado","HornCleat","ClockworkSouvenir","Whetstone","SacredBark","Gensokyo:TheCrow","Prayer Wheel","Molten Egg 2","Shuriken","Thread and Needle","Dead Branch"],"acts_visited":["Exordium","Gensokyo:Gensokyo","Gensokyo:Gensokyoer"],"potions_floor_usage":[12,16,16,33,33,42,50],"damage_taken":[{"damage":0,"enemies":"Gensokyo:Python","floor":1,"turns":4},{"damage":5,"enemies":"Gensokyo:Gryphon","floor":3,"turns":5},{"damage":4,"enemies":"Gensokyo:2_Kodama","floor":5,"turns":4},{"damage":36,"enemies":"Gensokyo:Cirno","floor":6,"turns":6},{"damage":7,"enemies":"Gensokyo:Mamizou","floor":8,"turns":8},{"damage":0,"enemies":"Gensokyo:Kitsune","floor":10,"turns":3},{"damage":0,"enemies":"Gensokyo:LivingMonolith","floor":11,"turns":3},{"damage":27,"enemies":"Gensokyo:Cirno","floor":12,"turns":8},{"damage":13,"enemies":"Gensokyo:Reimu","floor":16,"turns":16},{"damage":0,"enemies":"Gensokyo:Chomper","floor":18,"turns":2},{"damage":0,"enemies":"Gensokyo:AngelMirror","floor":19,"turns":3},{"damage":0,"enemies":"Gensokyo:Swordslinger","floor":20,"turns":3},{"damage":16,"enemies":"Gensokyo:Chomper_and_Gloop","floor":22,"turns":5},{"damage":0,"enemies":"Gensokyo:Reisen","floor":23,"turns":5},{"damage":0,"enemies":"Gensokyo:Monolith_and_Dog","floor":25,"turns":4},{"damage":16,"enemies":"Gensokyo:Kaguya","floor":33,"turns":9},{"damage":0,"enemies":"Gensokyo:3_Boulders","floor":35,"turns":4},{"damage":8,"enemies":"Gensokyo:3_Bats","floor":39,"turns":4},{"damage":0,"enemies":"Gensokyo:Marisa","floor":40,"turns":4},{"damage":0,"enemies":"Gensokyo:Kasen","floor":42,"turns":5},{"damage":0,"enemies":"Gensokyo:Marisa","floor":44,"turns":4},{"damage":0,"enemies":"Gensokyo:Sharpion","floor":46,"turns":3},{"damage":0,"enemies":"Gensokyo:AtlasGolem","floor":48,"turns":4},{"damage":29,"enemies":"Gensokyo:Shinki","floor":50,"turns":7}],"seed_played":"-2541001683165714660","potions_obtained":[{"floor":1,"key":"blueLaboratory:EnragingPotion"},{"floor":3,"key":"blueLaboratory:BottleOfVodka"},{"floor":6,"key":"Regen Potion"},{"floor":8,"key":"blueLaboratory:BottleOfVodka"},{"floor":16,"key":"blueLaboratory:FruitPunch"},{"floor":18,"key":"Swift Potion"},{"floor":22,"key":"ColorlessPotion"},{"floor":23,"key":"Dexterity Potion"},{"floor":35,"key":"Swift Potion"},{"floor":44,"key":"SpeedPotion"},{"floor":46,"key":"SmokeBomb"}],"is_trial":false,"path_per_floor":["M","?","M","?","M","E","R","E","T","M","M","E","$","?","R","B",null,"M","M","M","?","M","E","R","M","T","R","?","?","R","$","R","B",null,"M","?","?","$","M","E","$","E","T","E","R","M","?","M","R","B",null],"character_chosen":"RobotSpaceExplorer","items_purchased":["RobotSpaceExplorer:MiniBoosters","RobotSpaceExplorer:ChargingLaser","RobotSpaceExplorer:GlueShot","ClockworkSouvenir","Whetstone","RobotSpaceExplorer:MiniDrones"],"campfire_rested":1,"item_purchase_floors":[13,13,31,31,31,41],"current_hp_per_floor":[68,75,70,70,66,30,30,23,37,37,37,25,25,38,38,25,78,78,78,78,78,62,62,62,62,62,62,62,62,62,62,62,48,82,82,82,82,82,74,74,74,74,74,74,74,74,37,37,64,35],"gold":127,"neow_bonus":"RANDOM_COMMON_RELIC","is_daily":false,"chose_seed":false,"campfire_upgraded":7,"win_rate":0.0,"timestamp":1609126349,"path_taken":["M","?","M","?","?","E","R","E","T","M","M","E","$","?","R","BOSS","M","M","M","?","M","E","R","?","T","R","?","?","R","$","R","BOSS","M","?","?","?","M","E","$","E","T","E","R","M","?","M","R","BOSS"],"items_purchased_type":["Card","Card","Card","Relic","Relic","Card"],"build_version":"2020-12-22","purchased_purges":2,"victory":true,"max_hp_per_floor":[75,82,82,82,82,82,82,82,96,96,96,96,96,96,96,96,96,96,96,96,96,96,96,96,96,96,96,91,91,91,91,91,93,93,93,93,93,93,93,93,93,93,93,93,93,93,93,93,93,93],"relic_stats":{"counters":[24,123],"Shuriken":[12],"Dead Branch":[12],"Prayer Wheel":2,"Letter Opener":[194],"Whetstone":["RobotSpaceExplorer:BigMissile","RobotSpaceExplorer:ChargingLaser"],"obtain_stats":[{"RobotSpaceExplorer:ClockworkSextant":0,"SacredBark":34,"Gensokyo:TheCrow":37,"Dead Branch":47,"Gensokyo:MosesMiracle":25,"RobotSpaceExplorer:RoboCore":0,"Mango":9,"Thread and Needle":44,"Letter Opener":6,"Whetstone":31,"Bottled Tornado":23,"ClockworkSouvenir":31,"SlaversCollar":17,"HornCleat":26,"Shuriken":43,"Gensokyo:DayTheSeaSplit":21,"Prayer Wheel":40,"Molten Egg 2":42,"Bag of Marbles":12,"FossilizedHelix":8},{"RobotSpaceExplorer:ClockworkSextant":0,"SacredBark":16,"Gensokyo:TheCrow":17,"Dead Branch":22,"Gensokyo:MosesMiracle":15,"RobotSpaceExplorer:RoboCore":0,"Mango":5,"Thread and Needle":21,"Letter Opener":4,"Whetstone":15,"Bottled Tornado":14,"ClockworkSouvenir":15,"SlaversCollar":9,"HornCleat":15,"Shuriken":20,"Gensokyo:DayTheSeaSplit":12,"Prayer Wheel":19,"Molten Egg 2":20,"Bag of Marbles":8,"FossilizedHelix":5},{"RobotSpaceExplorer:ClockworkSextant":0,"SacredBark":88,"Gensokyo:TheCrow":92,"Dead Branch":112,"Gensokyo:MosesMiracle":79,"RobotSpaceExplorer:RoboCore":0,"Mango":27,"Thread and Needle":109,"Letter Opener":19,"Whetstone":79,"Bottled Tornado":75,"ClockworkSouvenir":79,"SlaversCollar":57,"HornCleat":79,"Shuriken":105,"Gensokyo:DayTheSeaSplit":65,"Prayer Wheel":100,"Molten Egg 2":105,"Bag of Marbles":41,"FossilizedHelix":27}]},"card_choices":[{"not_picked":["RobotSpaceExplorer:SlimeMissile","RobotSpaceExplorer:Counterblock"],"picked":"RobotSpaceExplorer:BigMissile","floor":1},{"not_picked":["RobotSpaceExplorer:TurboDodge","RobotSpaceExplorer:FrostMissile"],"picked":"RobotSpaceExplorer:ShovelStrike","floor":3},{"not_picked":["RobotSpaceExplorer:StarDust","RobotSpaceExplorer:ShockKick"],"picked":"RobotSpaceExplorer:Reload","floor":4},{"not_picked":["RobotSpaceExplorer:StarLightning","RobotSpaceExplorer:JunkDive"],"picked":"RobotSpaceExplorer:Counterblock","floor":4},{"not_picked":["RobotSpaceExplorer:ShockKick","RobotSpaceExplorer:SelfCleaning","RobotSpaceExplorer:Discharger"],"picked":"SKIP","floor":5},{"not_picked":["RobotSpaceExplorer:FreezeRay","RobotSpaceExplorer:Reload"],"picked":"RobotSpaceExplorer:TurboDodge","floor":6},{"not_picked":["RobotSpaceExplorer:GlueShot","RobotSpaceExplorer:ImprovisedAttack","RobotSpaceExplorer:SwiftStep"],"picked":"SKIP","floor":8},{"not_picked":["RobotSpaceExplorer:ScrapShield","RobotSpaceExplorer:MetalStrike"],"picked":"RobotSpaceExplorer:DoubleFind","floor":10},{"not_picked":["RobotSpaceExplorer:StarDust","RobotSpaceExplorer:DoubleFind"],"picked":"RobotSpaceExplorer:FreezingShield","floor":11},{"not_picked":["RobotSpaceExplorer:SurgingShield","RobotSpaceExplorer:Pulsar","RobotSpaceExplorer:Reload"],"picked":"SKIP","floor":12},{"not_picked":["RobotSpaceExplorer:Arsenal","RobotSpaceExplorer:Autoloader"],"picked":"RobotSpaceExplorer:ChargingLaser","floor":16},{"not_picked":["RobotSpaceExplorer:Calculate","RobotSpaceExplorer:FreezingShield"],"picked":"RobotSpaceExplorer:TurboDodge+1","floor":18},{"not_picked":["RobotSpaceExplorer:MetalStrike","RobotSpaceExplorer:SurgingStrike"],"picked":"RobotSpaceExplorer:ShovelStrike+1","floor":19},{"not_picked":["RobotSpaceExplorer:MakeshiftVolley+1","RobotSpaceExplorer:MetalStrike"],"picked":"RobotSpaceExplorer:ScrapMissile+1","floor":20},{"not_picked":["RobotSpaceExplorer:ImprovisedAttack","RobotSpaceExplorer:Counterblock","RobotSpaceExplorer:ScrapShield"],"picked":"SKIP","floor":22},{"not_picked":["RobotSpaceExplorer:IronShell","RobotSpaceExplorer:FreezingShield","RobotSpaceExplorer:FrostMissile"],"picked":"SKIP","floor":23},{"not_picked":["RobotSpaceExplorer:StunGrenade","RobotSpaceExplorer:MakeshiftVolley"],"picked":"RobotSpaceExplorer:DualCore","floor":25},{"not_picked":["RobotSpaceExplorer:Autoloader","RobotSpaceExplorer:Comet"],"picked":"RobotSpaceExplorer:Blaster","floor":33},{"not_picked":["RobotSpaceExplorer:Counterblock+1","RobotSpaceExplorer:ShockKick"],"picked":"RobotSpaceExplorer:ScrapMissile+1","floor":35},{"not_picked":["RobotSpaceExplorer:StunGrenade","RobotSpaceExplorer:Pulsar"],"picked":"RobotSpaceExplorer:Probe","floor":39},{"not_picked":["RobotSpaceExplorer:ImprovisedAttack","RobotSpaceExplorer:DoubleFind","RobotSpaceExplorer:StarLightning+1"],"picked":"SKIP","floor":40},{"not_picked":["RobotSpaceExplorer:SurgingStrike+1","RobotSpaceExplorer:GlueShot","RobotSpaceExplorer:FranticSearch+1"],"picked":"SKIP","floor":42},{"not_picked":["RobotSpaceExplorer:SurgingStrike+1","RobotSpaceExplorer:GlueShot"],"picked":"RobotSpaceExplorer:SwiftStep","floor":44},{"not_picked":["RobotSpaceExplorer:ShovelStrike+1","RobotSpaceExplorer:DoubleFind+1"],"picked":"RobotSpaceExplorer:MiniDrones+1","floor":46},{"not_picked":["RobotSpaceExplorer:GlueShot","RobotSpaceExplorer:Jetpack","RobotSpaceExplorer:StarDust"],"picked":"SKIP","floor":46},{"not_picked":["RobotSpaceExplorer:Asteroid+1","RobotSpaceExplorer:Reload+1","RobotSpaceExplorer:Electropulse+1"],"picked":"SKIP","floor":48},{"not_picked":["RobotSpaceExplorer:MetalStrike+1","RobotSpaceExplorer:PlasmaMissile+1","RobotSpaceExplorer:ToxicBomb+1"],"picked":"SKIP","floor":48}],"player_experience":706888,"relics_obtained":[{"floor":6,"key":"Letter Opener"},{"floor":8,"key":"FossilizedHelix"},{"floor":9,"key":"Mango"},{"floor":12,"key":"Bag of Marbles"},{"floor":23,"key":"Bottled Tornado"},{"floor":25,"key":"Gensokyo:MosesMiracle"},{"floor":26,"key":"HornCleat"},{"floor":40,"key":"Prayer Wheel"},{"floor":42,"key":"Molten Egg 2"},{"floor":43,"key":"Shuriken"},{"floor":44,"key":"Thread and Needle"}],"event_choices":[],"is_beta":false,"boss_relics":[{"not_picked":["Tiny House","Philosopher\u0027s Stone"],"picked":"SlaversCollar"},{"not_picked":["Busted Crown","Runic Pyramid"],"picked":"SacredBark"}],"items_purged_floors":[31,38],"is_endless":false,"potions_floor_spawned":[1,3,6,8,16,18,22,23,35,44,46],"ascension_level":6}}