{"host":"k7udt7atmcuzf6l0","time":1609164051,"event":{"mods":["AchievementEnabler","BaseMod","Colored Map","Colored Powertips","Highlight Path","Minty Spire (QoL Compilation)","Quick Restart","Rare Cards Sparkle","StSLib"],"gold_per_floor":[118,118,118,136,153,153,182,205,217,229,259,271,283,295,307,418,430,452,34,34,46,46,46,57,57,57,68,86,86,86,36,36,131,131,147,147,163,20,33,62,62,72,98,113,113,148,148,158,158,158],"floor_reached":51,"playtime":1200,"items_purged":[],"score":732,"play_id":"6a244bb9-0d89-467e-861f-0ce261017e02","local_time":"20201228220051","is_ascension_mode":false,"campfire_choices":[{"data":"Flex","floor":6.0,"key":"SMITH"},{"data":"Flex","floor":10.0,"key":"SMITH"},{"data":"Body Slam","floor":12.0,"key":"SMITH"},{"data":"Twin Strike","floor":15.0,"key":"SMITH"},{"data":"Inflame","floor":23.0,"key":"SMITH"},{"data":"Armaments","floor":25.0,"key":"SMITH"},{"data":"Inflame","floor":29.0,"key":"SMITH"},{"data":"Offering","floor":32.0,"key":"SMITH"},{"data":"Double Tap","floor":41.0,"key":"SMITH"},{"data":"Pummel","floor":45.0,"key":"SMITH"},{"floor":47.0,"key":"REST"},{"floor":49,"key":"REST"}],"circlet_count":0,"master_deck":["Strike_R","Strike_R","Strike_R","Strike_R","Strike_R","Defend_R","Defend_R","Defend_R","Defend_R","Bash","Flex+1","Flex+1","Twin Strike+1","Body Slam+1","Offering+1","Armaments+1","Inflame+1","Inflame+1","Heavy Blade+1","Rampage+1","Seeing Red","Double Tap+1","Headbutt+1","Pummel+1","Burning Pact+1","Metallicize+1","Spot Weakness+1","Spot Weakness+1","Flex+1","Dual Wield+1"],"relics":["Burning Blood","NeowsBlessing","MawBank","MealTicket","Mummified Hand","Black Star","Pocketwatch","HornCleat","Philosopher\u0027s Stone","Anchor","Vajra","Lizard Tail","Blood Vial","Strawberry","Calipers"],"acts_visited":["Exordium","TheCity","TheBeyond"],"potions_floor_usage":[],"damage_taken":[{"damage":0.0,"enemies":"Jaw Worm","floor":1.0,"turns":1.0},{"damage":0.0,"enemies":"Small Slimes","floor":4.0,"turns":1.0},{"damage":0.0,"enemies":"Cultist","floor":5.0,"turns":1.0},{"damage":31.0,"enemies":"Lagavulin","floor":7.0,"turns":5.0},{"damage":13.0,"enemies":"3 Louse","floor":8.0,"turns":3.0},{"damage":10.0,"enemies":"Looter","floor":11.0,"turns":2.0},{"damage":33.0,"enemies":"Slime Boss","floor":16.0,"turns":10.0},{"damage":11.0,"enemies":"Spheric Guardian","floor":18.0,"turns":3.0},{"damage":26.0,"enemies":"2 Thieves","floor":21.0,"turns":3.0},{"damage":11.0,"enemies":"Cultist and Chosen","floor":24.0,"turns":4.0},{"damage":6.0,"enemies":"3 Cultists","floor":27.0,"turns":3.0},{"damage":6.0,"enemies":"Shelled Parasite and Fungi","floor":28.0,"turns":2.0},{"damage":49.0,"enemies":"Collector","floor":33.0,"turns":5.0},{"damage":15.0,"enemies":"3 Shapes","floor":35.0,"turns":3.0},{"damage":16.0,"enemies":"Orb Walker","floor":37.0,"turns":2.0},{"damage":15.0,"enemies":"3 Darklings","floor":39.0,"turns":3.0},{"damage":28.0,"enemies":"Reptomancer","floor":40.0,"turns":3.0},{"damage":6.0,"enemies":"Transient","floor":42.0,"turns":5.0},{"damage":6.0,"enemies":"4 Shapes","floor":44.0,"turns":2.0},{"damage":41.0,"enemies":"Nemesis","floor":46.0,"turns":5.0},{"damage":25.0,"enemies":"3 Darklings","floor":48.0,"turns":5.0},{"damage":67,"enemies":"Time Eater","floor":50,"turns":6}],"seed_played":"2514311905012119920","potions_obtained":[{"floor":7.0,"key":"BlessingOfTheForge"},{"floor":8.0,"key":"Regen Potion"},{"floor":11.0,"key":"Block Potion"},{"floor":24.0,"key":"EssenceOfSteel"},{"floor":33.0,"key":"DuplicationPotion"},{"floor":35.0,"key":"SkillPotion"},{"floor":44.0,"key":"Regen Potion"},{"floor":46.0,"key":"LiquidMemories"}],"is_trial":false,"path_per_floor":["M","?","?","M","M","R","E","M","T","R","M","R","?","?","R","B",null,"M","$","?","M","?","R","M","R","T","M","M","R","?","$","R","B",null,"M","?","M","$","M","E","R","M","T","M","R","E","R","M","R","B",null],"character_chosen":"IRONCLAD","items_purchased":["Inflame","Pocketwatch","Strength Potion","Swift Potion","Anchor"],"campfire_rested":2,"item_purchase_floors":[19,19,19,31,38],"current_hp_per_floor":[80,80,80,80,80,80,55,48,48,48,44,44,26,52,52,40,80,75,80,80,60,45,45,40,40,40,40,40,40,40,55,55,12,85,76,76,66,81,72,50,50,50,50,52,52,40,67,50,77,18],"gold":158,"neow_bonus":"THREE_ENEMY_KILL","is_daily":false,"chose_seed":false,"campfire_upgraded":10,"win_rate":0.0,"timestamp":1609164051,"path_taken":["M","?","?","M","?","R","E","M","T","R","M","R","?","?","R","BOSS","M","$","?","M","?","R","M","R","T","M","M","R","?","?","R","BOSS","M","?","M","$","M","E","R","M","T","M","R","E","R","M","R","BOSS"],"items_purchased_type":["Card","Relic","Potion","Potion","Relic"],"build_version":"2020-12-22","purchased_purges":0,"victory":true,"max_hp_per_floor":[80,80,80,80,80,80,80,80,80,80,80,80,80,80,80,80,80,80,80,80,80,85,85,85,85,85,85,85,85,85,85,85,85,85,85,85,85,85,85,85,85,85,85,85,85,92,92,92,92,92],"card_choices":[{"not_picked":["Shrug It Off","Rage"],"picked":"Flex","floor":1.0},{"not_picked":["Metallicize","Perfected Strike","Fire Breathing"],"picked":"SKIP","floor":4.0},{"not_picked":["True Grit","Anger"],"picked":"Flex","floor":5.0},{"not_picked":["Headbutt","Burning Pact"],"picked":"Twin Strike","floor":7.0},{"not_picked":["Thunderclap","Searing Blow","Entrench"],"picked":"SKIP","floor":8.0},{"not_picked":["Fire Breathing","Thunderclap"],"picked":"Body Slam","floor":11.0},{"not_picked":["Juggernaut","Bludgeon"],"picked":"Offering","floor":16.0},{"not_picked":["Anger","Fire Breathing"],"picked":"Armaments","floor":18.0},{"not_picked":["Anger","Cleave+1"],"picked":"Heavy Blade+1","floor":21.0},{"not_picked":["True Grit","Clothesline"],"picked":"Rampage+1","floor":24.0},{"not_picked":["Ghostly Armor","Feel No Pain","Anger"],"picked":"SKIP","floor":27.0},{"not_picked":["Anger","Perfected Strike+1"],"picked":"Seeing Red","floor":28.0},{"not_picked":["Impervious","Demon Form"],"picked":"Double Tap","floor":33.0},{"not_picked":["Bloodletting","Thunderclap"],"picked":"Headbutt+1","floor":35.0},{"not_picked":["Cleave","Pommel Strike"],"picked":"Pummel","floor":37.0},{"not_picked":["Heavy Blade","Rampage"],"picked":"Burning Pact+1","floor":39.0},{"not_picked":["Headbutt","Carnage+1"],"picked":"Metallicize+1","floor":40.0},{"not_picked":["Heavy Blade","Iron Wave+1"],"picked":"Spot Weakness+1","floor":42.0},{"not_picked":["Clash+1","Heavy Blade"],"picked":"Spot Weakness+1","floor":44.0},{"not_picked":["Fiend Fire","Bludgeon"],"picked":"Flex+1","floor":46.0},{"not_picked":["Pommel Strike","Anger+1"],"picked":"Dual Wield+1","floor":48.0}],"player_experience":9141,"relics_obtained":[{"floor":7.0,"key":"MawBank"},{"floor":9.0,"key":"MealTicket"},{"floor":26.0,"key":"HornCleat"},{"floor":40.0,"key":"Vajra"},{"floor":40.0,"key":"Lizard Tail"},{"floor":43.0,"key":"Blood Vial"},{"floor":46.0,"key":"Strawberry"},{"floor":46.0,"key":"Calipers"}],"event_choices":[{"damage_healed":0.0,"max_hp_gain":0.0,"max_hp_loss":0.0,"gold_gain":0.0,"event_name":"The Cleric","player_choice":"Leave","floor":2.0,"gold_loss":0.0,"damage_taken":0.0},{"damage_healed":0.0,"max_hp_gain":0.0,"max_hp_loss":0.0,"gold_gain":0.0,"event_name":"Transmorgrifier","player_choice":"Ignored","floor":3.0,"gold_loss":0.0,"damage_taken":0.0},{"damage_healed":0.0,"max_hp_gain":0.0,"max_hp_loss":0.0,"gold_gain":0.0,"event_name":"Scrap Ooze","player_choice":"Success","floor":13.0,"gold_loss":0.0,"damage_taken":18.0,"relics_obtained":["Mummified Hand"]},{"damage_healed":26.0,"max_hp_gain":0.0,"max_hp_loss":0.0,"gold_gain":0.0,"event_name":"Big Fish","player_choice":"Banana","floor":14.0,"gold_loss":0.0,"damage_taken":0.0},{"damage_healed":0.0,"max_hp_gain":0.0,"max_hp_loss":0.0,"gold_gain":0.0,"event_name":"The Library","player_choice":"Read","floor":20.0,"gold_loss":0.0,"damage_taken":0.0,"cards_obtained":["Inflame"]},{"damage_healed":0.0,"max_hp_gain":5.0,"max_hp_loss":0.0,"gold_gain":0.0,"event_name":"Forgotten Altar","player_choice":"Shed Blood","floor":22.0,"gold_loss":0.0,"damage_taken":20.0},{"damage_healed":0.0,"max_hp_gain":0.0,"max_hp_loss":0.0,"gold_gain":0.0,"event_name":"Beggar","player_choice":"Ignored","floor":30.0,"gold_loss":0.0,"damage_taken":0.0},{"damage_healed":0.0,"max_hp_gain":0.0,"max_hp_loss":0.0,"gold_gain":0.0,"event_name":"NoteForYourself","player_choice":"Ignored","floor":36.0,"gold_loss":0.0,"damage_taken":0.0}],"is_beta":false,"boss_relics":[{"not_picked":["Ectoplasm","Runic Cube"],"picked":"Black Star"},{"not_picked":["Empty Cage","Coffee Dripper"],"picked":"Philosopher\u0027s Stone"}],"items_purged_floors":[],"is_endless":false,"potions_floor_spawned":[7,8,11,24,33,35,44,46],"ascension_level":0}}