{"host":"l017gercouzhorma","time":1609140019,"event":{"mods":["AchievementEnabler","Aspiration","BaseMod","Challenge The Spire","Conspire","Downfall","Halation","Hermit","Hubris","Infinite Spire","Jorbs\u0027s Wanderer Trilogy","Mad Scientist","Marisa????????","Mimic Mod","Minty Spire (QoL Compilation)","Random Character Button","Rare Cards Sparkle","Relic Stats","Replay The Spire","Shade Mod","StSLib","The Cursed","The Disciple","The Hierophant","The Jungle","The Runesmith","The Servant 0.9.4"],"gold_per_floor":[113,130,150,170,170,170,200,226,226,226,226,226,252,272,272,278,278],"floor_reached":16,"playtime":1436,"items_purged":[],"score":104,"play_id":"256f1d6d-73b3-4b60-869c-dca8c3c53d0a","local_time":"20201228002019","is_ascension_mode":false,"campfire_choices":[{"data":"Runesmith:CraftIncendium","floor":6,"key":"SMITH"},{"data":"Runesmith:Firestorm","floor":10,"key":"SMITH"},{"data":"Runesmith:Firestorm","floor":12,"key":"SMITH"},{"floor":15,"key":"DIG"}],"circlet_count":0,"master_deck":["Runesmith:Strike_RS","Runesmith:Strike_RS","Runesmith:Strike_RS","Runesmith:Defend_RS","Runesmith:Defend_RS","Runesmith:Defend_RS","Runesmith:Defend_RS","Runesmith:CraftFirestone","Runesmith:Fortify","Runesmith:EarthShield","Runesmith:CraftIncendium+1","Runesmith:ElementalConversion","Runesmith:HeatedChisel","Runesmith:Firestorm+1","Runesmith:Firestorm+1","Runesmith:ElementalConversion","Runesmith:CraftProtectio","Runesmith:BackupBattery"],"relics":["Runesmith:BrokenRuby","hubris:64BitClover","Replay:Bandana","halation:PromiseList","Replay:Ringing Soul"],"acts_visited":["Exordium"],"potions_floor_usage":[7,14,16],"damage_taken":[{"damage":4,"enemies":"2 Louse","floor":1,"turns":3},{"damage":3,"enemies":"Jaw Worm","floor":2,"turns":3},{"damage":0,"enemies":"Cultist","floor":3,"turns":3},{"damage":1,"enemies":"3 Louse","floor":4,"turns":3},{"damage":31,"enemies":"Gremlin Nob","floor":7,"turns":4},{"damage":12,"enemies":"Exordium Wildlife","floor":8,"turns":5},{"damage":16,"enemies":"Large Slime","floor":13,"turns":5},{"damage":7,"enemies":"Blue Slaver","floor":14,"turns":4},{"damage":5,"enemies":"Hexaghost","floor":16,"turns":9}],"seed_played":"-7720910260737733456","potions_obtained":[{"floor":3,"key":"SkillPotion"},{"floor":13,"key":"AttackPotion"},{"floor":14,"key":"Adrenaline Potion"}],"is_trial":false,"path_per_floor":["M","M","M","M","?","R","E","M","T","R","?","R","M","M","R","B"],"character_chosen":"RUNESMITH_CLASS","items_purchased":[],"campfire_rested":0,"item_purchase_floors":[],"current_hp_per_floor":[73,70,70,69,69,69,38,26,26,26,26,26,10,3,3,0,0],"gold":278,"neow_bonus":"TEN_PERCENT_HP_BONUS","is_daily":false,"chose_seed":false,"campfire_upgraded":3,"win_rate":0.0,"timestamp":1609140019,"path_taken":["M","M","M","M","?","R","E","M","T","R","?","R","?","M","R","BOSS"],"items_purchased_type":[],"build_version":"2020-12-22","purchased_purges":0,"victory":false,"max_hp_per_floor":[77,77,77,77,77,77,77,77,77,77,77,77,77,77,77,77,77],"relic_stats":{"counters":[9,39],"obtain_stats":[{"Replay:Ringing Soul":15,"Runesmith:BrokenRuby":0,"Replay:Bandana":7,"hubris:64BitClover":5,"halation:PromiseList":9},{"Replay:Ringing Soul":8,"Runesmith:BrokenRuby":0,"Replay:Bandana":5,"hubris:64BitClover":4,"halation:PromiseList":6},{"Replay:Ringing Soul":30,"Runesmith:BrokenRuby":0,"Replay:Bandana":16,"hubris:64BitClover":12,"halation:PromiseList":21}]},"card_choices":[{"not_picked":["Runesmith:Discharge","Runesmith:Overpower"],"picked":"Runesmith:EarthShield","floor":1},{"not_picked":["Runesmith:Overpower","Runesmith:Firestorm"],"picked":"Runesmith:CraftIncendium","floor":2},{"not_picked":["Runesmith:Refine","Runesmith:MakeshiftArmor"],"picked":"Runesmith:ElementalConversion","floor":3},{"not_picked":["Runesmith:ShiftingStrike","Runesmith:NegativeSpace"],"picked":"Runesmith:HeatedChisel","floor":4},{"not_picked":["Runesmith:GoWithTheFlow","Runesmith:Repurpose"],"picked":"Runesmith:Firestorm","floor":7},{"not_picked":["Runesmith:Grindstone","Runesmith:UnstableHammer"],"picked":"Runesmith:Firestorm","floor":8},{"not_picked":["Runesmith:HeatedChisel","Runesmith:UnstableHammer"],"picked":"Runesmith:CraftProtectio","floor":13},{"not_picked":["Runesmith:Overpower","Runesmith:Repurpose"],"picked":"Runesmith:BackupBattery","floor":14}],"player_experience":792287,"relics_obtained":[{"floor":5,"key":"hubris:64BitClover"},{"floor":7,"key":"Replay:Bandana"},{"floor":9,"key":"halation:PromiseList"},{"floor":15,"key":"Replay:Ringing Soul"}],"event_choices":[{"damage_healed":0,"gold_gain":0,"cards_transformed":["Runesmith:Strike_RS"],"player_choice":"Transformed","damage_taken":0,"max_hp_gain":0,"max_hp_loss":0,"event_name":"Transmorgrifier","floor":11,"gold_loss":0,"cards_obtained":["Runesmith:ElementalConversion"]}],"is_beta":false,"boss_relics":[],"items_purged_floors":[],"is_endless":false,"potions_floor_spawned":[3,13,14],"killed_by":"Hexaghost","ascension_level":0}}