{"host":"6pgtslebjnyv5xmi","time":1609132417,"event":{"mods":["AchievementEnabler","BaseMod","Colored Map","Minty Spire (QoL Compilation)","Rare Cards Sparkle","StSLib","SuperFastMode","everything is the same but u backflip on backflip"],"gold_per_floor":[13,33,33,108,33,33,48,48,48,48,61,61,88,113,113,239,239,234,184,204,204,204],"floor_reached":21,"playtime":2202,"items_purged":["Strike_R","Limit Break+1"],"score":169,"play_id":"4009f6b4-8f25-4180-93b8-78be5f7cf47c","local_time":"20201228141337","is_ascension_mode":false,"campfire_choices":[{"data":"Bash","floor":6.0,"key":"SMITH"},{"floor":8.0,"key":"REST"},{"floor":12.0,"key":"REST"},{"floor":15.0,"key":"REST"}],"circlet_count":0,"master_deck":["Strike_R","Defend_R","Defend_R","Defend_R","Bash+1","Infernal Blade+1"],"relics":["Burning Blood","Golden Idol","Toxic Egg 2","Nunchaku","Smiling Mask","Empty Cage"],"acts_visited":["Exordium","TheCity"],"potions_floor_usage":[],"damage_taken":[{"damage":4.0,"enemies":"2 Louse","floor":1.0,"turns":3.0},{"damage":9.0,"enemies":"Small Slimes","floor":2.0,"turns":5.0},{"damage":1.0,"enemies":"Cultist","floor":7.0,"turns":3.0},{"damage":21.0,"enemies":"Large Slime","floor":11.0,"turns":8.0},{"damage":15.0,"enemies":"Gremlin Gang","floor":14.0,"turns":5.0},{"damage":35.0,"enemies":"The Guardian","floor":16.0,"turns":9.0},{"damage":20,"enemies":"2 Thieves","floor":18,"turns":4},{"damage":42,"enemies":"Shell Parasite","floor":20,"turns":7},{"damage":41,"enemies":"Centurion and Healer","floor":21,"turns":4}],"seed_played":"-2963453034152653449","potions_obtained":[{"floor":1.0,"key":"FearPotion"},{"floor":2.0,"key":"Strength Potion"},{"floor":11.0,"key":"PowerPotion"},{"floor":20,"key":"FearPotion"}],"is_trial":false,"path_per_floor":["M","M","?","?","$","R","M","R","T","?","M","R","T","M","R","B",null,"M","$","M","M"],"character_chosen":"IRONCLAD","items_purchased":[],"campfire_rested":3,"item_purchase_floors":[],"current_hp_per_floor":[80,77,57,46,46,46,51,75,75,50,35,59,59,50,74,45,80,66,66,30,0,0],"gold":204,"neow_bonus":"REMOVE_TWO","is_daily":false,"chose_seed":false,"campfire_upgraded":1,"win_rate":0.0,"timestamp":1609132417,"path_taken":["M","M","?","?","$","R","M","R","T","?","M","R","?","M","R","BOSS","M","$","M","M"],"items_purchased_type":[],"build_version":"2020-12-22","purchased_purges":2,"victory":false,"max_hp_per_floor":[80,80,80,80,80,80,80,80,80,80,80,80,80,80,80,80,80,80,80,80,80,80],"card_choices":[{"not_picked":["Infernal Blade","Sword Boomerang","Clothesline"],"picked":"SKIP","floor":1.0},{"not_picked":["True Grit","Twin Strike","Second Wind"],"picked":"SKIP","floor":2.0},{"not_picked":["Dark Embrace","Warcry","Inflame"],"picked":"SKIP","floor":7.0},{"not_picked":["Perfected Strike","Sword Boomerang"],"picked":"Infernal Blade+1","floor":11.0},{"not_picked":["Shrug It Off+1","Sword Boomerang","Iron Wave"],"picked":"SKIP","floor":14.0},{"not_picked":["Juggernaut","Offering+1"],"picked":"Limit Break+1","floor":16.0},{"not_picked":["Shockwave+1","Thunderclap","Wild Strike"],"picked":"SKIP","floor":18},{"not_picked":["Twin Strike","Bloodletting+1","Second Wind+1"],"picked":"SKIP","floor":20}],"player_experience":542102,"relics_obtained":[{"floor":9.0,"key":"Toxic Egg 2"},{"floor":13.0,"key":"Smiling Mask"}],"event_choices":[{"damage_healed":0.0,"max_hp_gain":0.0,"max_hp_loss":0.0,"gold_gain":0.0,"event_name":"Golden Idol","player_choice":"Take Damage","floor":3.0,"gold_loss":0.0,"damage_taken":20.0,"relics_obtained":["Golden Idol"]},{"damage_healed":0.0,"max_hp_gain":0.0,"max_hp_loss":0.0,"gold_gain":75.0,"event_name":"World of Goop","player_choice":"Gather Gold","floor":4.0,"gold_loss":0.0,"damage_taken":11.0},{"damage_healed":0.0,"max_hp_gain":0.0,"max_hp_loss":0.0,"gold_gain":0.0,"event_name":"Scrap Ooze","player_choice":"Success","floor":10.0,"gold_loss":0.0,"damage_taken":25.0,"relics_obtained":["Nunchaku"]}],"is_beta":false,"boss_relics":[{"not_picked":["Mark of Pain","Black Blood"],"picked":"Empty Cage"}],"items_purged_floors":[5,19],"is_endless":false,"potions_floor_spawned":[1,2,11,14,20],"killed_by":"Centurion and Healer","ascension_level":0}}