{"host":"miejrq8yypas90n2","time":1609136636,"event":{"mods":["Act Like it!","BaseMod","CapriCore","Colored Powertips","Gensokyo","Marisa£®ÏF”Í°°ƒß¿Ì…≥£©","Minty Spire (QoL Compilation)","StSLib","The Immortal","The Servant 0.9.4"],"gold_per_floor":[117,127,140,155,155,155,155,187,261,274,284,284,34,34,34,132,132,143,103,122,122,141,141,159,159,159,159,9,9,9,40,40,145,145,162,175,186,186,186,186,202,202,202,213,213,213,213,70,70,70,70,70,70,101,101,101,101],"floor_reached":55,"playtime":4820,"items_purged":["MokouMod:Strike"],"score":685,"play_id":"618522ed-3c0b-48ec-bf78-44f3a5ce384b","local_time":"20201228142356","is_ascension_mode":false,"campfire_choices":[{"data":"MokouMod:Ember","floor":6.0,"key":"SMITH"},{"floor":12.0,"key":"RECALL"},{"data":"Apotheosis","floor":15.0,"key":"SMITH"},{"floor":23.0,"key":"REST"},{"data":"MokouMod:RisingSunBarrier","floor":27.0,"key":"SMITH"},{"floor":29.0,"key":"REST"},{"floor":32.0,"key":"REST"},{"floor":40.0,"key":"REST"},{"floor":42.0,"key":"REST"},{"floor":46.0,"key":"REST"},{"floor":49.0,"key":"REST"},{"floor":52.0,"key":"REST"}],"circlet_count":0,"master_deck":["MokouMod:Strike+1","MokouMod:Strike","MokouMod:Defend","MokouMod:Defend","MokouMod:Defend","MokouMod:Defend+1","MokouMod:HeatSpark","MokouMod:GuidingSmoke","MokouMod:Ember+1","MokouMod:Singe","MokouMod:ResoluteFlare+1","MokouMod:SearingBlow+1","MokouMod:Ember","MokouMod:Scorch","MokouMod:IgneousBlow","MokouMod:Geothermal","Apotheosis+1","MokouMod:Rekindle","MokouMod:Ember+1","MokouMod:BurningHiddenBullet+1","MokouMod:WarmUp+1","MokouMod:Singe+1","MokouMod:SubterraneanCore+1","MokouMod:Overheat+1","MokouMod:RisingSunBarrier+1","MokouMod:FlickeringFlame+1","MokouMod:SacredFire","MokouMod:WarmUp+1","Gensokyo:RainbowDanmaku+1","Gensokyo:RainbowDanmaku+1"],"relics":["MokouMod:PhoenixFeather","NeowsBlessing","Prayer Wheel","Kunai","HornCleat","Black Star","Nilry\u0027s Codex","Incense Burner","Medical Kit","Anchor","Centennial Puzzle","Sundial","Fusion Hammer","Question Card","Gensokyo:EmptyGrave","DollysMirror","Mercury Hourglass","Strawberry"],"acts_visited":["Exordium","TheCity","Gensokyo:Gensokyoest","TheEnding"],"potions_floor_usage":[55,55],"damage_taken":[{"damage":0.0,"enemies":"2 Louse","floor":1.0,"turns":1.0},{"damage":0.0,"enemies":"Jaw Worm","floor":2.0,"turns":1.0},{"damage":0.0,"enemies":"Small Slimes","floor":3.0,"turns":1.0},{"damage":16.0,"enemies":"Red Slaver","floor":4.0,"turns":3.0},{"damage":23.0,"enemies":"3 Sentries","floor":8.0,"turns":7.0},{"damage":0.0,"enemies":"2 Fungi Beasts","floor":10.0,"turns":2.0},{"damage":2.0,"enemies":"Blue Slaver","floor":11.0,"turns":3.0},{"damage":0.0,"enemies":"Hexaghost","floor":16.0,"turns":6.0},{"damage":10.0,"enemies":"Chosen","floor":18.0,"turns":3.0},{"damage":20.0,"enemies":"3 Byrds","floor":20.0,"turns":6.0},{"damage":22.0,"enemies":"Snecko","floor":22.0,"turns":4.0},{"damage":42.0,"enemies":"Snake Plant","floor":24.0,"turns":4.0},{"damage":20.0,"enemies":"Gremlin Leader","floor":31.0,"turns":7.0},{"damage":22.0,"enemies":"Champ","floor":33.0,"turns":10.0},{"damage":34.0,"enemies":"Gensokyo:3_Boulders","floor":35.0,"turns":6.0},{"damage":2.0,"enemies":"Gensokyo:3_Bats","floor":36.0,"turns":4.0},{"damage":0.0,"enemies":"Gensokyo:Dusk_and_Dawn","floor":37.0,"turns":5.0},{"damage":8.0,"enemies":"Gensokyo:Sharpion","floor":41.0,"turns":5.0},{"damage":14.0,"enemies":"Gensokyo:4_Bats","floor":44.0,"turns":4.0},{"damage":0.0,"enemies":"","floor":45.0,"turns":8.0},{"damage":22.0,"enemies":"Gensokyo:Shinki","floor":50.0,"turns":10.0},{"damage":2,"enemies":"Shield and Spear","floor":54,"turns":5},{"damage":158,"enemies":"The Heart","floor":55,"turns":9}],"seed_played":"-8204251844265018743","potions_obtained":[{"floor":1.0,"key":"PowerPotion"},{"floor":3.0,"key":"SpeedPotion"},{"floor":4.0,"key":"FairyPotion"},{"floor":20.0,"key":"Ancient Potion"},{"floor":31.0,"key":"Weak Potion"},{"floor":44.0,"key":"Regen Potion"}],"is_trial":false,"path_per_floor":["M","M","M","M","?","R","?","E","T","M","M","R","$","T","R","B",null,"M","?","M","?","M","R","M","T","T","R","$","R","?","E","R","B",null,"M","M","M","?","?","R","M","R","T","M","?","R","?","COS","R","B",null,"R","$","E","B"],"character_chosen":"MKU","items_purchased":["Apotheosis","Medical Kit"],"campfire_rested":8,"item_purchase_floors":[13,28],"current_hp_per_floor":[75,75,75,59,44,44,44,21,21,21,19,19,19,19,19,19,75,65,65,45,29,7,29,15,15,15,15,15,37,37,17,39,17,75,41,39,39,39,39,61,53,75,75,61,61,75,69,69,69,47,69,69,69,74,0,0,0],"gold":101,"neow_bonus":"THREE_ENEMY_KILL","is_daily":false,"chose_seed":false,"campfire_upgraded":3,"win_rate":0.0,"timestamp":1609136636,"path_taken":["M","M","M","M","?","R","?","E","T","M","M","R","$","?","R","BOSS","M","?","?","?","M","R","M","?","T","R","?","R","?","E","R","BOSS","M","M","M","?","?","R","?","R","T","M","?","R","?","COS","R","BOSS","R","$","E","BOSS"],"items_purchased_type":["Card","Relic"],"build_version":"2020-12-22","purchased_purges":1,"victory":false,"max_hp_per_floor":[75,75,75,75,75,75,75,75,75,75,75,75,75,75,75,75,75,75,75,75,75,75,75,75,75,75,75,75,75,75,75,75,75,75,75,75,75,75,75,75,75,75,75,75,75,75,69,69,69,69,69,69,69,76,76,76,76],"card_choices":[{"not_picked":["MokouMod:Trailblazer","MokouMod:Cataclysm"],"picked":"MokouMod:GuidingSmoke","floor":1.0},{"not_picked":["MokouMod:BlazingComet","MokouMod:AdaptivePyromancy"],"picked":"MokouMod:Ember","floor":2.0},{"not_picked":["MokouMod:AdaptivePyromancy","MokouMod:TemporalFireSeal"],"picked":"MokouMod:Singe","floor":3.0},{"not_picked":["MokouMod:HeatFactory","MokouMod:ScorchingColumn"],"picked":"MokouMod:ResoluteFlare","floor":4.0},{"not_picked":["MokouMod:SearingShot","MokouMod:EternalBurstReactor"],"picked":"MokouMod:SearingBlow","floor":8.0},{"not_picked":["MokouMod:Stoke","MokouMod:FlickeringFlame"],"picked":"MokouMod:Ember","floor":10.0},{"not_picked":["MokouMod:Scorch","MokouMod:ShiftIgnition","MokouMod:DanceofFlames"],"picked":"SKIP","floor":10.0},{"not_picked":["MokouMod:ShiftIgnition","MokouMod:DanceofFlames"],"picked":"MokouMod:Scorch","floor":10.0},{"not_picked":["MokouMod:Overheat","MokouMod:CrimsonArmoury"],"picked":"MokouMod:IgneousBlow","floor":11.0},{"not_picked":["MokouMod:FlickeringFlame","MokouMod:Firecracker"],"picked":"MokouMod:Geothermal","floor":11.0},{"not_picked":["MokouMod:Rebirth","MokouMod:PhoenixForm"],"picked":"MokouMod:Rekindle","floor":16.0},{"not_picked":["MokouMod:FlareStarter","MokouMod:CrimsonFlare"],"picked":"MokouMod:Ember+1","floor":18.0},{"not_picked":["MokouMod:Sear","MokouMod:BurningHiddenBullet","MokouMod:InfernalWave"],"picked":"SKIP","floor":18.0},{"not_picked":["MokouMod:Sear","MokouMod:InfernalWave"],"picked":"MokouMod:BurningHiddenBullet","floor":18.0},{"not_picked":["MokouMod:Singe","MokouMod:FlickeringFlame"],"picked":"MokouMod:WarmUp+1","floor":20.0},{"not_picked":["MokouMod:IndiscriminateIgnition","MokouMod:EternalBurstReactor","MokouMod:UncontrollableSolarReaction"],"picked":"SKIP","floor":20.0},{"not_picked":["MokouMod:SearingShot","MokouMod:TemporalFireSeal"],"picked":"MokouMod:Singe+1","floor":22.0},{"not_picked":["MokouMod:RoaringFlare","MokouMod:InfernalWave"],"picked":"MokouMod:SubterraneanCore+1","floor":22.0},{"not_picked":["MokouMod:ResoluteFlare","MokouMod:HeatFactory"],"picked":"MokouMod:Overheat+1","floor":24.0},{"not_picked":["MokouMod:Sear","MokouMod:Stoke+1"],"picked":"MokouMod:RisingSunBarrier","floor":24.0},{"not_picked":["MokouMod:EternalBurstReactor","MokouMod:Stoke"],"picked":"MokouMod:FlickeringFlame+1","floor":31.0},{"not_picked":["MokouMod:BurningHiddenBullet","MokouMod:ResonatingAura"],"picked":"MokouMod:SacredFire","floor":33.0},{"not_picked":["MokouMod:Meltdown","MokouMod:ScorchingColumn","MokouMod:IndiscriminateIgnition"],"picked":"SKIP","floor":35.0},{"not_picked":["MokouMod:RoaringFlare+1","MokouMod:Fireball","MokouMod:ScorchingColumn"],"picked":"SKIP","floor":35.0},{"not_picked":["MokouMod:DanceofFlames+1","MokouMod:Overheat+1"],"picked":"MokouMod:WarmUp+1","floor":36.0},{"not_picked":["MokouMod:Ember+1","MokouMod:FlickeringFlame+1","MokouMod:BurningDraft"],"picked":"SKIP","floor":36.0},{"not_picked":["MokouMod:Combust","MokouMod:Overheat+1","MokouMod:IgnitionBlast"],"picked":"SKIP","floor":37.0},{"not_picked":["MokouMod:BlazingComet","MokouMod:Ember+1","MokouMod:ImperishableFlame+1"],"picked":"SKIP","floor":37.0},{"not_picked":["MokouMod:Geothermal","MokouMod:IcarusDive","MokouMod:BurningDraft"],"picked":"SKIP","floor":41.0},{"not_picked":["MokouMod:IndiscriminateIgnition","MokouMod:FusionFlare+1","MokouMod:ResoluteFlare+1"],"picked":"SKIP","floor":41.0},{"not_picked":["MokouMod:IndiscriminateIgnition","MokouMod:FlamingFireTalons+1","MokouMod:Singe+1","MokouMod:Firecracker+1"],"picked":"SKIP","floor":44.0},{"not_picked":["MokouMod:Wildfire","MokouMod:RoaringFlare+1","MokouMod:EternalBurstReactor","MokouMod:RisingSunBarrier+1"],"picked":"SKIP","floor":44.0},{"not_picked":["Gensokyo:MorningStar+1","Gensokyo:DreamlikeParadise+1"],"picked":"Gensokyo:RainbowDanmaku+1","floor":45.0},{"not_picked":["MokouMod:TemporalFireSeal+1","MokouMod:Refresh","MokouMod:SearingShot+1","MokouMod:HeatCyclone"],"picked":"SKIP","floor":54}],"player_experience":148365,"relics_obtained":[{"floor":8.0,"key":"Prayer Wheel"},{"floor":9.0,"key":"Kunai"},{"floor":14.0,"key":"HornCleat"},{"floor":21.0,"key":"Nilry\u0027s Codex"},{"floor":26.0,"key":"Incense Burner"},{"floor":31.0,"key":"Centennial Puzzle"},{"floor":31.0,"key":"Sundial"},{"floor":43.0,"key":"Question Card"},{"floor":54,"key":"Mercury Hourglass"},{"floor":54,"key":"Strawberry"}],"event_choices":[{"damage_healed":0.0,"max_hp_gain":0.0,"max_hp_loss":0.0,"gold_gain":0.0,"event_name":"Shining Light","player_choice":"Entered Light","floor":5.0,"gold_loss":0.0,"damage_taken":15.0,"cards_upgraded":["MokouMod:Strike","MokouMod:Defend"]},{"damage_healed":0.0,"max_hp_gain":0.0,"max_hp_loss":0.0,"gold_gain":0.0,"event_name":"Living Wall","player_choice":"Grow","floor":7.0,"gold_loss":0.0,"damage_taken":0.0,"cards_upgraded":["MokouMod:ResoluteFlare"]},{"damage_healed":0.0,"max_hp_gain":0.0,"max_hp_loss":0.0,"gold_gain":0.0,"event_name":"Designer","player_choice":"Upgrade","floor":19.0,"gold_loss":40.0,"damage_taken":0.0,"cards_upgraded":["MokouMod:BurningHiddenBullet"]},{"damage_healed":0.0,"max_hp_gain":0.0,"max_hp_loss":0.0,"gold_gain":0.0,"event_name":"Cursed Tome","player_choice":"Obtained Book","floor":21.0,"gold_loss":0.0,"damage_taken":16.0},{"damage_healed":0.0,"max_hp_gain":0.0,"max_hp_loss":0.0,"gold_gain":0.0,"event_name":"The Mausoleum","player_choice":"Opened","floor":30.0,"gold_loss":0.0,"damage_taken":0.0,"relics_obtained":["Anchor"]}],"is_beta":false,"boss_relics":[{"not_picked":["SacredBark","Sozu"],"picked":"Black Star"},{"not_picked":["Philosopher\u0027s Stone","Tiny House"],"picked":"Fusion Hammer"}],"items_purged_floors":[13],"is_endless":false,"potions_floor_spawned":[1,3,4,20,22,31,33,35,36,44],"killed_by":"The Heart","ascension_level":0}}