{"host":"ojewyrjrsle6lxg2","time":1609192918,"event":{"mods":["Act Like it!","BaseMod","Googly Eyes","Hallownest","Minty Spire (QoL Compilation)","StSLib","The Bug Knight","The IronCluck"],"gold_per_floor":[112,112,0,0,0,0,0,30,30,6,38,38,54,28,28,133,133,146,66,79,98,156,156,169,184,209,225,78,92,109,128,128,228,228,239,399,411,411,425,425,63,73,99,24,54,70,70,83,83,83],"floor_reached":51,"playtime":3661,"items_purged":["Writhe","HollowMod:CornifersMapStart+1"],"score":791,"play_id":"204be9d7-b21c-429e-bfd7-9fe7b731badd","local_time":"20201228230158","is_ascension_mode":false,"campfire_choices":[{"data":"HollowMod:CloakDash","floor":6,"key":"SMITH"},{"data":"HollowMod:BaldurShell","floor":15,"key":"SMITH"},{"floor":23,"key":"REST"},{"floor":32,"key":"REST"},{"floor":40,"key":"REST"},{"floor":47,"key":"REST"},{"floor":49,"key":"REST"}],"circlet_count":0,"master_deck":["HollowMod:NailStrikeStart","HollowMod:NailStrikeStart","HollowMod:NailStrikeStart","HollowMod:NailStrikeStart","HollowMod:FocusHealStart","HollowMod:PogoStrike","HollowMod:CloakDash+1","Hallownest:skillLeafShield","Hallownest:skillLeafShield","Hallownest:skillLeafShield+1","Hallownest:skillLeafShield","Hallownest:skillLeafShield+1","HollowMod:SharpenedNail","HollowMod:SoulStrike","HollowMod:BaldurShell+1","HollowMod:SoulSplash+1","HollowMod:SoulMaster","Hallownest:skillCityofTearsMap+1","HollowMod:PerfectDash+1","HollowMod:HowlingWraiths+1","HollowMod:CloakDash+1","HollowMod:DashSlash","HollowMod:SoulVessel","HollowMod:SoulEater","Hallownest:attackAdjustingAction","HollowMod:LifebloodCore+1","Impatience+1","HollowMod:SoulStrike+1","HollowMod:CloakDash+1"],"relics":["HollowMod:VesselMask","NeowsBlessing","Blood Vial","Toxic Egg 2","Turnip","Thread and Needle","Singing Bowl","Fusion Hammer","Bronze Scales","Philosopher\u0027s Stone","Hallownest:GodTamersBeastRelic","Membership Card","War Paint","PreservedInsect","Sundial"],"acts_visited":["Hallownest:Greenpath","Hallownest:CityofTears","Hallownest:KingdomsEdge"],"potions_floor_usage":[16,20,21,22,24,25,30,33,35,45,46,48,50,50],"damage_taken":[{"damage":0,"enemies":"Hallownest:2_Baldur","floor":1,"turns":1},{"damage":0,"enemies":"Hallownest:eliteMossKnight","floor":8,"turns":1},{"damage":0,"enemies":"Hallownest:eliteVengeflyKing","floor":11,"turns":1},{"damage":7,"enemies":"Hallownest:monsterHuskGuard","floor":13,"turns":4},{"damage":27,"enemies":"Hallownest:BossFalseKnight","floor":16,"turns":10},{"damage":0,"enemies":"Hallownest:3_Youths","floor":18,"turns":7},{"damage":0,"enemies":"Hallownest:Flukemon_and_Top","floor":20,"turns":5},{"damage":53,"enemies":"Hallownest:2_Flukemon","floor":21,"turns":8},{"damage":5,"enemies":"Hallownest:Glutton_and_Coward","floor":22,"turns":5},{"damage":0,"enemies":"Hallownest:2_Husk_Sentries","floor":24,"turns":5},{"damage":15,"enemies":"Hallownest:Master_and_Novice","floor":25,"turns":4},{"damage":0,"enemies":"Hallownest:2_Flukemon","floor":27,"turns":5},{"damage":15,"enemies":"Hallownest:3_Mistakes","floor":29,"turns":9},{"damage":11,"enemies":"Hallownest:Master_and_Novice","floor":30,"turns":4},{"damage":0,"enemies":"Hallownest:monsterMisterMushroom","floor":31,"turns":9},{"damage":29,"enemies":"Hallownest:BossGrimm","floor":33,"turns":11},{"damage":6,"enemies":"Hallownest:Shield_Heavy","floor":35,"turns":5},{"damage":0,"enemies":"Hallownest:Shield_Heavy","floor":36,"turns":5},{"damage":6,"enemies":"Hallownest:Shield_Heavy","floor":36,"turns":5},{"damage":88,"enemies":"Hallownest:Shield_Heavy","floor":36,"turns":8},{"damage":0,"enemies":"Hallownest:Shield_Heavy","floor":36,"turns":2},{"damage":11,"enemies":"Hallownest:3_Siblings","floor":37,"turns":7},{"damage":0,"enemies":"Hallownest:Shield_Sturdy","floor":39,"turns":5},{"damage":0,"enemies":"Hallownest:2_Soldiers_and_1_Guardian","floor":42,"turns":7},{"damage":6,"enemies":"Hallownest:eliteCollector","floor":45,"turns":6},{"damage":17,"enemies":"Hallownest:Xero_Hu_Marmu","floor":46,"turns":8},{"damage":12,"enemies":"Hallownest:Shield_Sturdy","floor":48,"turns":5},{"damage":41,"enemies":"Hallownest:Radiance","floor":50,"turns":12}],"seed_played":"1515630667096699446","potions_obtained":[{"floor":8,"key":"EssenceOfSteel"},{"floor":13,"key":"SpeedPotion"},{"floor":16,"key":"ColorlessPotion"},{"floor":20,"key":"Ancient Potion"},{"floor":21,"key":"Regen Potion"},{"floor":22,"key":"Block Potion"},{"floor":29,"key":"Fire Potion"},{"floor":30,"key":"Explosive Potion"},{"floor":31,"key":"Dexterity Potion"},{"floor":37,"key":"AttackPotion"},{"floor":39,"key":"FairyPotion"},{"floor":42,"key":"CultistPotion"},{"floor":45,"key":"EssenceOfSteel"},{"floor":46,"key":"Dexterity Potion"},{"floor":48,"key":"DistilledChaos"}],"is_trial":false,"path_per_floor":["M","?","?","$","?","R","T","E","T","$","E","?","M","$","R","B",null,"M","?","M","M","M","R","M","M","T","M","$","M","M","M","R","B",null,"M","?","M","?","M","R","$","M","T","?","E","M","R","M","R","B",null],"character_chosen":"THE_BUGKNIGHT","items_purchased":["HollowMod:SoulStrike","HollowMod:SoulSplash+1","HollowMod:SoulVessel","Membership Card","War Paint","Impatience+1"],"campfire_rested":5,"item_purchase_floors":[10,14,28,41,41,41],"current_hp_per_floor":[75,84,84,84,84,84,84,84,84,84,86,86,79,79,79,65,86,88,88,88,47,70,88,88,75,75,87,87,82,73,83,94,77,94,90,16,19,19,23,51,51,63,63,68,66,61,91,83,104,69],"gold":83,"neow_bonus":"THREE_ENEMY_KILL","is_daily":false,"chose_seed":false,"campfire_upgraded":2,"win_rate":0.0,"timestamp":1609192918,"path_taken":["M","?","?","$","?","R","?","E","T","$","E","?","?","?","R","BOSS","M","?","?","?","M","R","M","M","T","M","?","M","M","M","R","BOSS","M","?","M","?","?","R","$","M","T","?","E","M","R","M","R","BOSS"],"items_purchased_type":["Card","Card","Card","Relic","Relic","Card"],"build_version":"2020-12-22","purchased_purges":2,"victory":true,"max_hp_per_floor":[75,84,84,84,84,84,84,84,84,84,86,86,86,86,86,86,86,88,88,88,88,88,88,88,90,90,90,90,92,92,94,94,94,94,96,96,98,93,95,95,95,95,95,100,102,102,102,104,104,104],"card_choices":[{"not_picked":["HollowMod:DashSlash","HollowMod:SiblingsSouls"],"picked":"HollowMod:CloakDash","floor":1},{"not_picked":["HollowMod:MawleksShell+1","HollowMod:SiblingsShadow+1"],"picked":"HollowMod:SharpenedNail","floor":8},{"not_picked":["HollowMod:NewJinnsSoul+1","HollowMod:NewLittleFool","HollowMod:MawleksShell+1"],"picked":"Singing Bowl","floor":11},{"not_picked":["HollowMod:CoiledNail","HollowMod:SoulShaman+1"],"picked":"HollowMod:BaldurShell","floor":13},{"not_picked":["HollowMod:Hiveblood+1","HollowMod:LifebloodCore+1"],"picked":"HollowMod:SoulMaster","floor":16},{"not_picked":["HollowMod:TaintedHusks+1","HollowMod:FallenFury","HollowMod:SiblingsShadow+1"],"picked":"Singing Bowl","floor":18},{"not_picked":["HollowMod:NewJinnsSoul+1","HollowMod:VengefulVoid"],"picked":"HollowMod:PerfectDash+1","floor":20},{"not_picked":["HollowMod:DungDefenderAura+1","HollowMod:HuntersJournal+1"],"picked":"HollowMod:CornifersMapStart+1","floor":21},{"not_picked":["HollowMod:ChannelNail+1","HollowMod:CrystalDash+1"],"picked":"HollowMod:HowlingWraiths+1","floor":22},{"not_picked":["HollowMod:SoulSplash+1","HollowMod:CoiledNail"],"picked":"HollowMod:CloakDash+1","floor":24},{"not_picked":["HollowMod:InfectedCysts+1","HollowMod:ElderbugsWisdom","HollowMod:SharpenedShadows+1"],"picked":"Singing Bowl","floor":25},{"not_picked":["HollowMod:HuntersJournal+1","HollowMod:GreatSlash"],"picked":"HollowMod:DashSlash","floor":27},{"not_picked":["HollowMod:PureNailStrike","HollowMod:DescendingDark","HollowMod:SiblingsSouls+1"],"picked":"Singing Bowl","floor":29},{"not_picked":["HollowMod:SoulShaman+1","HollowMod:BaldurShell"],"picked":"HollowMod:SoulEater","floor":30},{"not_picked":["HollowMod:SoulShaman+1","HollowMod:MothsMistake","HollowMod:CoiledNail+1"],"picked":"Singing Bowl","floor":31},{"not_picked":["HollowMod:ZotesMagnificence","HollowMod:SoulMaster"],"picked":"HollowMod:LifebloodCore+1","floor":33},{"not_picked":["HollowMod:SiblingsShadow+1","HollowMod:MothsMistake+1","HollowMod:InfectionAssault+1"],"picked":"Singing Bowl","floor":35},{"not_picked":["HollowMod:SoulSplash+1","HollowMod:WraithStrike","HollowMod:NewGlowingWomb+1"],"picked":"Singing Bowl","floor":37},{"not_picked":["HollowMod:CornifersMapStart+1","HollowMod:GrimmsGift+1","HollowMod:ChannelNail+1"],"picked":"Singing Bowl","floor":39},{"not_picked":["HollowMod:InfectionAssault","HollowMod:NewGlowingWomb"],"picked":"HollowMod:SoulStrike+1","floor":42},{"not_picked":["HollowMod:TaintedHusks+1","HollowMod:MidwifesHunger","HollowMod:CycloneSlash+1"],"picked":"Singing Bowl","floor":45},{"not_picked":["HollowMod:SharpenedNail+1","HollowMod:CornifersMapStart+1"],"picked":"HollowMod:CloakDash+1","floor":46},{"not_picked":["HollowMod:DreamGate+1","HollowMod:ShadowDash+1","HollowMod:WraithStrike"],"picked":"Singing Bowl","floor":48}],"player_experience":139703,"relics_obtained":[{"floor":7,"key":"Toxic Egg 2"},{"floor":8,"key":"Turnip"},{"floor":9,"key":"Thread and Needle"},{"floor":11,"key":"Singing Bowl"},{"floor":26,"key":"Bronze Scales"},{"floor":43,"key":"PreservedInsect"},{"floor":45,"key":"Sundial"}],"event_choices":[],"is_beta":false,"boss_relics":[{"not_picked":["SacredBark","Sozu"],"picked":"Fusion Hammer"},{"not_picked":["Coffee Dripper","Runic Dome"],"picked":"Philosopher\u0027s Stone"}],"items_purged_floors":[28,41],"is_endless":false,"potions_floor_spawned":[8,13,16,20,21,22,29,30,31,37,39,42,45,46,48],"ascension_level":0}}