{"host":"2nhpogk5xa0u9xre","time":1609119417,"event":{"mods":["Aspiration","BaseMod","Colored Powertips","Googly Eyes","Hubris","Infinite Spire","Minty Spire (QoL Compilation)","Rare Cards Sparkle","Replay The Spire","StSLib","The Construct","The Hayseed","The Hierophant","The Runesmith","everything is the same but u backflip on backflip"],"gold_per_floor":[112,122,122,122,122,155,155,169,169,188,199,199,199,199,199,303,303,314,274,289,289],"floor_reached":20,"playtime":603,"items_purged":[],"score":247,"play_id":"52dda66e-8029-4227-8666-c3e733ccdf05","local_time":"20201227203657","is_ascension_mode":false,"campfire_choices":[{"data":"infinitespire:Collect","floor":7,"key":"SMITH"},{"floor":13,"key":"REST"},{"data":"Runesmith:Fortify","floor":15,"key":"SMITH"}],"circlet_count":0,"master_deck":["Runesmith:Strike_RS","Runesmith:Strike_RS","Runesmith:Strike_RS","Runesmith:Strike_RS","Runesmith:Defend_RS+1","Runesmith:Defend_RS","Runesmith:Defend_RS+1","Runesmith:Defend_RS","Runesmith:CraftFirestone+1","Runesmith:Fortify+1","Runesmith:LithiumIon+1","Runesmith:CraftProtectio","infinitespire:Collect+1","Runesmith:PerfectChisel","Runesmith:RuneHurl","Runesmith:CraftProtectio+1","Runesmith:UnstableHammer","ReplayTheSpireMod:Doomed","Runesmith:CraftPrismatica","Runesmith:PoweredAnvil"],"relics":["Runesmith:BrokenRuby","NeowsBlessing","Replay:Towering Pillar of Hats","Pear","ReplayTheSpireMod:Ring of Collecting","ReplayTheSpireMod:Ring of Challenge","Black Star"],"acts_visited":["Exordium","TheCity"],"potions_floor_usage":[16,16],"damage_taken":[{"damage":0,"enemies":"Jaw Worm","floor":1,"turns":1},{"damage":0,"enemies":"2 Louse","floor":2,"turns":1},{"damage":0,"enemies":"Gremlin Nob","floor":6,"turns":1},{"damage":0,"enemies":"Small Slimes","floor":8,"turns":4},{"damage":0,"enemies":"3 Louse","floor":10,"turns":3},{"damage":0,"enemies":"2 Fungi Beasts","floor":11,"turns":3},{"damage":0,"enemies":"Slime Boss","floor":16,"turns":9},{"damage":34,"enemies":"2 Thieves","floor":18,"turns":5},{"damage":47,"enemies":"3 Byrds","floor":20,"turns":2}],"seed_played":"1386150455524923139","potions_obtained":[{"floor":2,"key":"BlessingOfTheForge"},{"floor":6,"key":"Milkshake"}],"is_trial":false,"path_per_floor":["M","M","?","?","?","E","R","M","T","M","M","?","R","?","R","B",null,"M","?","M"],"character_chosen":"RUNESMITH_CLASS","items_purchased":[],"campfire_rested":1,"item_purchase_floors":[],"current_hp_per_floor":[70,70,56,56,39,39,39,39,49,49,49,49,73,73,73,73,80,46,46,0,0],"gold":289,"neow_bonus":"THREE_ENEMY_KILL","is_daily":false,"chose_seed":false,"campfire_upgraded":2,"win_rate":0.0,"timestamp":1609119417,"path_taken":["M","M","?","?","?","E","R","M","T","M","M","?","R","?","R","BOSS","M","?","M"],"items_purchased_type":[],"build_version":"2020-12-22","purchased_purges":0,"victory":false,"max_hp_per_floor":[70,70,70,70,70,70,70,70,80,80,80,80,80,80,80,80,80,80,80,80,80],"card_choices":[{"not_picked":["Runesmith:HeatedChisel","Runesmith:BackupBattery"],"picked":"Runesmith:LithiumIon","floor":1},{"not_picked":["Runesmith:OneForEveryone","Runesmith:StaticCage"],"picked":"Runesmith:CraftProtectio","floor":2},{"not_picked":["infinitespire:SevenWalls","infinitespire:FutureSight"],"picked":"infinitespire:Collect","floor":5},{"not_picked":["Runesmith:Augment","Runesmith:HeatExchange"],"picked":"Runesmith:PerfectChisel","floor":6},{"not_picked":["Runesmith:Malloc","Runesmith:OneForEveryone"],"picked":"Runesmith:RuneHurl","floor":8},{"not_picked":["Runesmith:RuneHurl","Runesmith:Overpower"],"picked":"Runesmith:CraftProtectio","floor":10},{"not_picked":["Runesmith:Overpower","Runesmith:Refine"],"picked":"Runesmith:UnstableHammer","floor":11},{"not_picked":["Runesmith:DuctTape","Runesmith:CraftIndustria"],"picked":"Runesmith:CraftPrismatica","floor":16},{"not_picked":["Runesmith:RuneHurl","Runesmith:StaticCage"],"picked":"Runesmith:PoweredAnvil","floor":18}],"player_experience":194257,"relics_obtained":[{"floor":6,"key":"Replay:Towering Pillar of Hats"},{"floor":9,"key":"Pear"},{"floor":12,"key":"ReplayTheSpireMod:Ring of Collecting"},{"floor":12,"key":"ReplayTheSpireMod:Ring of Challenge"}],"event_choices":[{"damage_healed":0,"gold_gain":0,"player_choice":"Entered Light","damage_taken":14,"max_hp_gain":0,"max_hp_loss":0,"event_name":"Shining Light","floor":3,"gold_loss":0,"cards_upgraded":["Runesmith:Defend_RS","Runesmith:CraftFirestone"]},{"damage_healed":0,"gold_gain":0,"cards_transformed":["Pain"],"player_choice":"Change","damage_taken":0,"max_hp_gain":0,"max_hp_loss":0,"event_name":"Living Wall","floor":14,"gold_loss":0,"cards_obtained":["ReplayTheSpireMod:Doomed"]},{"damage_healed":0,"gold_gain":0,"player_choice":"Upgraded Two","damage_taken":0,"max_hp_gain":0,"max_hp_loss":0,"event_name":"Designer","floor":19,"gold_loss":40,"cards_upgraded":["Runesmith:Defend_RS","Runesmith:CraftProtectio"]}],"is_beta":false,"boss_relics":[{"not_picked":["Philosopher\u0027s Stone","Runic Pyramid"],"picked":"Black Star"}],"items_purged_floors":[],"is_endless":false,"potions_floor_spawned":[2,6],"killed_by":"3 Byrds","ascension_level":0}}