{"host":"wshh0nphwn6jv7vj","time":1609181198,"event":{"mods":["BaseMod","Bestiary","Minty Spire (QoL Compilation)"],"gold_per_floor":[111,111,125,125,146,180,180,19,19,55,55,88,88,107,107,200,200,224,224,243,263,16,16,16,16,95,112,124,156,171,181,181,181,181],"floor_reached":33,"playtime":2404,"items_purged":["Bash"],"score":531,"play_id":"85f298b7-03b4-4fc7-9e89-b603dfcedf01","local_time":"20201228134638","is_ascension_mode":true,"campfire_choices":[{"floor":7,"key":"REST"},{"data":"Carnage","floor":13,"key":"SMITH"},{"floor":15,"key":"REST"},{"data":"Feed","floor":23,"key":"SMITH"},{"data":"Disarm","floor":25,"key":"SMITH"},{"data":"Uppercut","floor":32,"key":"SMITH"}],"circlet_count":0,"master_deck":["AscendersBane","Carnage+1","Anger","Disarm+1","Intimidate+1","Flame Barrier+1","Twin Strike","Juggernaut","Feed+1","Cleave","Feel No Pain","Pommel Strike","Double Tap+1","Heavy Blade","Entrench+1","Heavy Blade","Fire Breathing","Sentinel+1","Necronomicurse","Ghostly Armor+1","Battle Trance+1","Uppercut+1"],"relics":["Burning Blood","NeowsBlessing","Bloody Idol","Pen Nib","Bronze Scales","Toxic Egg 2","Regal Pillow","Orichalcum","Pandora\u0027s Box","Necronomicon","OrangePellets","Letter Opener","Bottled Lightning"],"acts_visited":["Exordium","TheCity"],"potions_floor_usage":[6,16,33],"damage_taken":[{"damage":0,"enemies":"Jaw Worm","floor":1,"turns":1},{"damage":0,"enemies":"Small Slimes","floor":3,"turns":1},{"damage":0,"enemies":"2 Louse","floor":5,"turns":1},{"damage":34,"enemies":"Gremlin Nob","floor":6,"turns":5},{"damage":21,"enemies":"Lagavulin","floor":10,"turns":6},{"damage":20,"enemies":"Gremlin Nob","floor":12,"turns":4},{"damage":8,"enemies":"2 Fungi Beasts","floor":14,"turns":3},{"damage":23,"enemies":"Slime Boss","floor":16,"turns":9},{"damage":0,"enemies":"2 Thieves","floor":18,"turns":3},{"damage":6,"enemies":"3 Byrds","floor":20,"turns":3},{"damage":18,"enemies":"Shelled Parasite and Fungi","floor":21,"turns":3},{"damage":7,"enemies":"Snecko","floor":27,"turns":4},{"damage":18,"enemies":"Cultist and Chosen","floor":28,"turns":4},{"damage":8,"enemies":"Book of Stabbing","floor":29,"turns":5},{"damage":6,"enemies":"Centurion and Healer","floor":30,"turns":5},{"damage":12,"enemies":"Shelled Parasite and Fungi","floor":31,"turns":3},{"damage":55,"enemies":"Automaton","floor":33,"turns":8}],"seed_played":"5514468923590693071","potions_obtained":[{"floor":1,"key":"Ancient Potion"},{"floor":5,"key":"Fire Potion"},{"floor":10,"key":"Energy Potion"},{"floor":20,"key":"Dexterity Potion"},{"floor":29,"key":"BlessingOfTheForge"}],"is_trial":false,"path_per_floor":["M","?","M","?","M","E","R","$","T","E","$","E","R","M","R","B",null,"M","?","M","M","$","R","?","R","T","M","M","E","M","M","R","B"],"character_chosen":"IRONCLAD","items_purchased":["Bronze Scales","OrangePellets"],"campfire_rested":2,"item_purchase_floors":[8,22],"current_hp_per_floor":[74,74,75,49,55,27,49,49,49,34,34,20,20,18,55,38,66,72,51,51,42,42,42,42,42,47,51,44,47,52,55,55,0,0],"gold":181,"neow_bonus":"THREE_ENEMY_KILL","is_daily":false,"chose_seed":false,"campfire_upgraded":4,"win_rate":0.0,"timestamp":1609181198,"path_taken":["M","?","M","?","M","E","R","$","T","E","?","E","R","M","R","BOSS","M","?","M","M","$","R","?","R","T","M","M","E","M","M","R","BOSS"],"items_purchased_type":["Relic","Relic"],"build_version":"2020-12-22","purchased_purges":1,"victory":false,"max_hp_per_floor":[75,75,75,75,75,75,75,75,75,75,75,75,75,75,75,75,75,75,75,75,78,78,78,78,78,78,78,78,78,78,82,82,82,82],"card_choices":[{"not_picked":["Warcry","Shrug It Off"],"picked":"Carnage","floor":1},{"not_picked":["Dual Wield","Clothesline","Warcry"],"picked":"SKIP","floor":3},{"not_picked":["Cleave","Perfected Strike"],"picked":"Anger","floor":5},{"not_picked":["Demon Form","Clash"],"picked":"Disarm","floor":6},{"not_picked":["Anger","Pummel"],"picked":"Intimidate+1","floor":10},{"not_picked":["Sever Soul","Iron Wave"],"picked":"Flame Barrier+1","floor":12},{"not_picked":["Body Slam","Clash"],"picked":"Twin Strike","floor":14},{"not_picked":["Exhume+1","Bludgeon"],"picked":"Juggernaut","floor":16},{"not_picked":["Twin Strike+1","Headbutt"],"picked":"Sentinel+1","floor":18},{"not_picked":["Wild Strike","Intimidate+1"],"picked":"Ghostly Armor+1","floor":20},{"not_picked":["Perfected Strike","Thunderclap","Body Slam"],"picked":"SKIP","floor":21},{"not_picked":["Demon Form","Clothesline","Body Slam"],"picked":"SKIP","floor":27},{"not_picked":["Ghostly Armor+1","Thunderclap"],"picked":"Battle Trance+1","floor":28},{"not_picked":["Cleave","Anger","Headbutt"],"picked":"SKIP","floor":29},{"not_picked":["Anger","Sword Boomerang"],"picked":"Uppercut","floor":30},{"not_picked":["Carnage","Blood for Blood+1","Body Slam"],"picked":"SKIP","floor":31}],"player_experience":1519923,"relics_obtained":[{"floor":6,"key":"Pen Nib"},{"floor":9,"key":"Toxic Egg 2"},{"floor":10,"key":"Regal Pillow"},{"floor":12,"key":"Orichalcum"},{"floor":19,"key":"Necronomicon"},{"floor":26,"key":"Letter Opener"},{"floor":29,"key":"Bottled Lightning"}],"event_choices":[{"damage_healed":0,"gold_gain":0,"player_choice":"Ignored","damage_taken":0,"max_hp_gain":0,"max_hp_loss":0,"event_name":"Liars Game","floor":2,"gold_loss":0},{"damage_healed":0,"gold_gain":0,"player_choice":"Take Damage","damage_taken":26,"relics_obtained":["Golden Idol"],"max_hp_gain":0,"max_hp_loss":0,"event_name":"Golden Idol","floor":4,"gold_loss":0},{"damage_healed":0,"gold_gain":0,"player_choice":"Obtained Book","damage_taken":21,"max_hp_gain":0,"max_hp_loss":0,"event_name":"Cursed Tome","floor":19,"gold_loss":0},{"damage_healed":0,"gold_gain":0,"player_choice":"Gave Idol","damage_taken":0,"relics_obtained":["Bloody Idol"],"max_hp_gain":0,"max_hp_loss":0,"event_name":"Forgotten Altar","floor":24,"relics_lost":["Golden Idol"],"gold_loss":0}],"is_beta":false,"boss_relics":[{"not_picked":["SlaversCollar","Coffee Dripper"],"picked":"Pandora\u0027s Box"}],"items_purged_floors":[22],"is_endless":false,"potions_floor_spawned":[1,5,10,12,14,20,29,30],"killed_by":"Automaton","ascension_level":17}}