{"host":"htqwg582tjjtn9p7","time":1609185445,"event":{"mods":["2.2 Compatiblity","AchievementEnabler","Act Like it!","Aspiration","BaseMod","Better Third Choice","Colored Map","Conspire","Curses Come First","Displayed Cursed Tome","Energized Spire","Force Act Four","GifTheSpireLib","Hermit","Highlight Path","JesterMod","Mad Scientist","Minty Spire (QoL Compilation)","Pale of the Ancients","Permanent Neow","Random Character Button","Relic Stats","Replay The Spire","Robot Space Explorer","Somnambulant","Spicy Shops","Spikes Relics","StSLib","Stuff the Spire","The Blue Laboratory","The Disciple","The Dragon Tamer","The Forsaken","The Gatherer","The Judge","The Jungle","The Marked","The Runesmith","The Servant 0.9.4"],"gold_per_floor":[111,123,123,143,5,5,40,58,58,58,58,72,89,102,102,206,206,219,219,219,238,82,82,110,110,110,10,10,10],"floor_reached":28,"playtime":898,"items_purged":["theMarked:Strike","theMarked:Strike","theMarked:Strike"],"score":274,"play_id":"8189800b-be60-4449-ae96-ff7177aef8c6","local_time":"20201228205725","is_ascension_mode":true,"campfire_choices":[{"data":"theMarked:RogueSparks","floor":6,"key":"SMITH"},{"floor":11,"key":"REST"},{"floor":15,"key":"REST"},{"data":"theMarked:EternalStudent","floor":23,"key":"SMITH"},{"floor":25,"key":"REST"}],"circlet_count":0,"master_deck":["theMarked:Strike","theMarked:Defend","theMarked:Defend","theMarked:Defend","theMarked:Defend+1","theMarked:SoldierOfQuellstein+1","theMarked:BanishingStrike","theMarked:RogueSparks+1","theMarked:Seal","theMarked:HeightenedSenses","theMarked:EternalStudent+1","theMarked:HeightenedSenses","theMarked:BindingBlade","theMarked:Indomitable"],"relics":["theMarked:ArtifactOfAir","Runesmith:Locket","ReplayTheSpireMod:Ninjato","Sozu","Oddly Smooth Stone","StuffTheSpire:Barrel","Smiling Mask"],"acts_visited":["Exordium","TheCity"],"potions_floor_usage":[13],"damage_taken":[{"damage":0,"enemies":"Small Slimes","floor":1,"turns":3},{"damage":6,"enemies":"Jaw Worm","floor":2,"turns":4},{"damage":0,"enemies":"Cultist","floor":4,"turns":3},{"damage":30,"enemies":"3 Sentries","floor":7,"turns":7},{"damage":17,"enemies":"Exordium Thugs","floor":8,"turns":4},{"damage":0,"enemies":"conspire:2 RoseBushes","floor":12,"turns":5},{"damage":7,"enemies":"Gremlin Gang","floor":13,"turns":5},{"damage":6,"enemies":"Blue Slaver","floor":14,"turns":3},{"damage":30,"enemies":"The Guardian","floor":16,"turns":11},{"damage":7,"enemies":"Chosen","floor":18,"turns":3},{"damage":13,"enemies":"Spheric Guardian","floor":21,"turns":4},{"damage":38,"enemies":"Gremlin Leader","floor":24,"turns":6},{"damage":35,"enemies":"conspire:SneckoGhost","floor":28,"turns":5}],"seed_played":"6044194277922422916","potions_obtained":[{"floor":8,"key":"Venom Potion"},{"floor":12,"key":"blueLaboratory:LouseDecoction"},{"floor":14,"key":"blueLaboratory:PhilterOfMotion"}],"is_trial":false,"path_per_floor":["M","M","?","M","$","R","E","M","T","?","R","M","M","M","R","B",null,"M","?","?","M","$","R","E","R","T","$","E"],"character_chosen":"THE_DEFAULT","items_purchased":["theMarked:HeightenedSenses","Oddly Smooth Stone"],"campfire_rested":3,"item_purchase_floors":[5,22],"current_hp_per_floor":[70,64,64,64,64,64,34,17,17,17,38,38,31,25,46,16,70,63,63,63,50,50,50,12,33,33,33,0,0],"gold":10,"neow_bonus":"UPGRADE_CARD","is_daily":false,"chose_seed":false,"campfire_upgraded":2,"win_rate":0.0,"timestamp":1609185445,"path_taken":["M","M","?","M","$","R","E","M","T","?","R","M","?","?","R","BOSS","M","?","?","?","$","R","E","R","T","$","E"],"items_purchased_type":["Card","Relic"],"build_version":"2020-12-22","purchased_purges":3,"victory":false,"max_hp_per_floor":[70,70,70,70,70,70,70,70,70,70,70,70,70,70,70,70,70,70,70,70,70,70,70,70,70,70,70,70,70],"relic_stats":{"Sozu":1,"counters":[13,61],"Smiling Mask":125,"obtain_stats":[{"Sozu":17,"theMarked:ArtifactOfAir":0,"StuffTheSpire:Barrel":24,"ReplayTheSpireMod:Ninjato":9,"Runesmith:Locket":7,"Oddly Smooth Stone":22,"Smiling Mask":26},{"Sozu":9,"theMarked:ArtifactOfAir":0,"StuffTheSpire:Barrel":12,"ReplayTheSpireMod:Ninjato":5,"Runesmith:Locket":4,"Oddly Smooth Stone":11,"Smiling Mask":12},{"Sozu":43,"theMarked:ArtifactOfAir":0,"StuffTheSpire:Barrel":56,"ReplayTheSpireMod:Ninjato":20,"Runesmith:Locket":16,"Oddly Smooth Stone":50,"Smiling Mask":56}]},"card_choices":[{"not_picked":["theMarked:RepellingDischarge","theMarked:WastefulDefense"],"picked":"theMarked:BanishingStrike","floor":1},{"not_picked":["theMarked:Frustration","theMarked:TunnelVision"],"picked":"theMarked:RogueSparks","floor":2},{"not_picked":["theMarked:KeepCalmAndFightOn","theMarked:ReduceFriction"],"picked":"theMarked:Seal","floor":4},{"not_picked":["theMarked:RogueSparks","theMarked:Aftermath"],"picked":"theMarked:EternalStudent","floor":7},{"not_picked":["theMarked:ReduceFriction","theMarked:Parkour","theMarked:RepellingDischarge"],"picked":"SKIP","floor":8},{"not_picked":["theMarked:SwordAndMagic","theMarked:Electrocute","theMarked:KeepCalmAndFightOn"],"picked":"SKIP","floor":12},{"not_picked":["theMarked:WastefulAttack","theMarked:ElectricStrings"],"picked":"theMarked:HeightenedSenses","floor":13},{"not_picked":["theMarked:RepellingDischarge","theMarked:ChainLightning","theMarked:Aftermath"],"picked":"SKIP","floor":14},{"not_picked":["theMarked:UnarmedFury","theMarked:Defy"],"picked":"theMarked:BindingBlade","floor":16},{"not_picked":["theMarked:WastefulDefense","theMarked:Frustration","theMarked:ElectricStrings"],"picked":"SKIP","floor":18},{"not_picked":["theMarked:ElectricStrings","theMarked:ResourceFulStrike"],"picked":"theMarked:Indomitable","floor":21},{"not_picked":["theMarked:GodGivenPower","theMarked:ComboAttacks","theMarked:Convert"],"picked":"SKIP","floor":24}],"player_experience":1816293,"relics_obtained":[{"floor":7,"key":"Runesmith:Locket"},{"floor":9,"key":"ReplayTheSpireMod:Ninjato"},{"floor":24,"key":"StuffTheSpire:Barrel"},{"floor":26,"key":"Smiling Mask"}],"event_choices":[{"cards_removed":["theMarked:Strike"],"damage_healed":0,"gold_gain":0,"player_choice":"Offered Basic","damage_taken":0,"max_hp_gain":0,"max_hp_loss":0,"event_name":"Bonfire Elementals","floor":10,"gold_loss":0},{"damage_healed":0,"gold_gain":0,"player_choice":"0 cards matched","damage_taken":0,"max_hp_gain":0,"max_hp_loss":0,"event_name":"Match and Keep!","floor":20,"gold_loss":0,"cards_obtained":[]}],"is_beta":false,"boss_relics":[{"not_picked":["Runesmith:UraniumAnvil","aspiration:RunicSpoon"],"picked":"Sozu"}],"items_purged_floors":[5,27,27],"is_endless":false,"potions_floor_spawned":[4,8,12,14,18],"killed_by":"conspire:SneckoGhost","ascension_level":3}}