{"host":"avjwtc49fhlk6kym","time":1609179516,"event":{"mods":["AchievementEnabler","BaseMod","Better Match","Better Note","Better Third Choice","Colored Map","Colored Powertips","Displayed Cursed Tome","Highlight Path","Minty Spire (QoL Compilation)","Permanent Neow","Quick Restart","StSLib"],"gold_per_floor":[110,185,185,48,69,110,138,138,165,205,205,225,9,50,50,161,161,189,207,230,230,253,253,277,277,277,298,298,325,325,349,349,349,349],"floor_reached":33,"playtime":1221,"items_purged":[],"score":374,"play_id":"52ad49ab-a569-4711-977d-7de8bffe5d85","local_time":"20201228131836","is_ascension_mode":true,"campfire_choices":[{"data":"BattleHymn","floor":8,"key":"SMITH"},{"floor":11,"key":"REST"},{"data":"Eruption","floor":15,"key":"SMITH"},{"floor":23,"key":"REST"},{"floor":28,"key":"REST"},{"floor":30,"key":"REST"},{"floor":32,"key":"REST"}],"circlet_count":0,"master_deck":["Strike_P","Strike_P+1","Strike_P","Defend_P","Defend_P","Defend_P","Defend_P","Eruption+1","Vigilance","BattleHymn+1","Devotion+1","Consecrate","PathToVictory","Protect","BowlingBash","CrushJoints","Enlightenment","PathToVictory","LessonLearned","PathToVictory","Establishment+1","Madness+1","PathToVictory+1","Wallop","ThirdEye","LikeWater","Protect","SandsOfTime"],"relics":["PureWater","Orichalcum","CeramicFish","Torii","Strawberry","PreservedInsect","Gremlin Horn","SlaversCollar"],"acts_visited":["Exordium","TheCity"],"potions_floor_usage":[7,10,14,14,16,18,20,22,31],"damage_taken":[{"damage":2,"enemies":"2 Louse","floor":1,"turns":2},{"damage":0,"enemies":"Cultist","floor":5,"turns":2},{"damage":14,"enemies":"3 Sentries","floor":6,"turns":6},{"damage":7,"enemies":"Jaw Worm","floor":7,"turns":3},{"damage":11,"enemies":"Lagavulin","floor":10,"turns":7},{"damage":2,"enemies":"Gremlin Gang","floor":12,"turns":3},{"damage":2,"enemies":"3 Sentries","floor":14,"turns":3},{"damage":0,"enemies":"Slime Boss","floor":16,"turns":4},{"damage":11,"enemies":"Shell Parasite","floor":18,"turns":5},{"damage":24,"enemies":"Spheric Guardian","floor":20,"turns":6},{"damage":32,"enemies":"Snake Plant","floor":22,"turns":4},{"damage":18,"enemies":"Cultist and Chosen","floor":24,"turns":5},{"damage":13,"enemies":"Snecko","floor":27,"turns":5},{"damage":34,"enemies":"Snake Plant","floor":29,"turns":3},{"damage":28,"enemies":"Shelled Parasite and Fungi","floor":31,"turns":4},{"damage":68,"enemies":"Automaton","floor":33,"turns":6}],"seed_played":"193934205008022354","potions_obtained":[{"floor":6,"key":"DuplicationPotion"},{"floor":7,"key":"BlessingOfTheForge"},{"floor":12,"key":"EntropicBrew"},{"floor":18,"key":"Swift Potion"},{"floor":20,"key":"BottledMiracle"},{"floor":29,"key":"Regen Potion"}],"is_trial":false,"path_per_floor":["M","?","?","$","M","E","M","R","T","E","R","M","?","E","R","B",null,"M","?","M","?","M","R","M","?","T","M","R","M","R","M","R","B"],"character_chosen":"WATCHER","items_purchased":["Devotion"],"campfire_rested":5,"item_purchase_floors":[4],"current_hp_per_floor":[70,59,59,59,59,45,38,38,45,34,57,55,61,59,59,59,85,74,74,50,50,18,43,25,25,25,12,37,3,28,12,37,0,0],"gold":349,"neow_bonus":"RANDOM_COMMON_RELIC","is_daily":false,"chose_seed":false,"campfire_upgraded":2,"win_rate":0.0,"timestamp":1609179516,"path_taken":["M","?","?","$","?","E","M","R","T","E","R","M","?","E","R","BOSS","M","?","M","?","?","R","M","?","T","M","R","M","R","M","R","BOSS"],"items_purchased_type":["Card"],"build_version":"2020-12-22","purchased_purges":0,"victory":false,"max_hp_per_floor":[72,72,72,72,72,72,72,72,79,79,79,79,85,85,85,85,85,85,85,85,85,85,85,85,85,85,85,85,85,85,85,85,85,85],"card_choices":[{"not_picked":["CrushJoints","SashWhip"],"picked":"BattleHymn","floor":1},{"not_picked":["Crescendo","PathToVictory"],"picked":"Consecrate","floor":5},{"not_picked":["FollowUp","Fasting2"],"picked":"PathToVictory","floor":6},{"not_picked":["Wish","Crescendo"],"picked":"Protect","floor":7},{"not_picked":["CutThroughFate","EmptyFist"],"picked":"BowlingBash","floor":10},{"not_picked":["Prostrate","JustLucky"],"picked":"CrushJoints","floor":12},{"not_picked":["FlurryOfBlows","Evaluate"],"picked":"PathToVictory","floor":14},{"not_picked":["Judgement","Omniscience"],"picked":"LessonLearned","floor":16},{"not_picked":["Prostrate","Crescendo"],"picked":"PathToVictory","floor":18},{"not_picked":["DeusExMachina+1","Omniscience+1"],"picked":"Establishment+1","floor":19},{"not_picked":["Deep Breath+1","Finesse+1"],"picked":"Madness+1","floor":19},{"not_picked":["SignatureMove","FlurryOfBlows"],"picked":"PathToVictory+1","floor":20},{"not_picked":["FlurryOfBlows+1","SignatureMove"],"picked":"Wallop","floor":22},{"not_picked":["Fasting2","Swivel+1"],"picked":"ThirdEye","floor":24},{"not_picked":["Halt","Consecrate"],"picked":"LikeWater","floor":27},{"not_picked":["WindmillStrike","Evaluate"],"picked":"Protect","floor":29},{"not_picked":["Evaluate","LessonLearned"],"picked":"SandsOfTime","floor":31}],"player_experience":374843,"relics_obtained":[{"floor":3,"key":"CeramicFish"},{"floor":6,"key":"Torii"},{"floor":9,"key":"Strawberry"},{"floor":10,"key":"PreservedInsect"},{"floor":14,"key":"Gremlin Horn"}],"event_choices":[{"damage_healed":0,"gold_gain":75,"player_choice":"Gold","damage_taken":11,"max_hp_gain":0,"max_hp_loss":0,"event_name":"betterThird:BetterGoop","floor":2,"gold_loss":0},{"damage_healed":0,"gold_gain":0,"player_choice":"Relic","damage_taken":0,"max_hp_gain":0,"max_hp_loss":0,"event_name":"Wheel of Change","floor":3,"gold_loss":0},{"damage_healed":0,"gold_gain":0,"player_choice":"RENOUNCE","damage_taken":225,"max_hp_gain":0,"max_hp_loss":0,"event_name":"betterThird:BetterSerpent","floor":13,"gold_loss":225,"cards_obtained":["Enlightenment"]},{"damage_healed":0,"gold_gain":0,"player_choice":"2","damage_taken":0,"max_hp_gain":0,"max_hp_loss":0,"event_name":"betterMatch:BetterMatch","floor":19,"gold_loss":0,"cards_obtained":["betterMatch:RareCard","betterMatch:ColorlessUncommonCard"]},{"cards_removed":["Strike_P"],"damage_healed":0,"gold_gain":0,"player_choice":"Purged","damage_taken":0,"max_hp_gain":0,"max_hp_loss":0,"event_name":"Purifier","floor":21,"gold_loss":0},{"damage_healed":0,"gold_gain":0,"player_choice":"Upgraded","damage_taken":0,"max_hp_gain":0,"max_hp_loss":0,"event_name":"Upgrade Shrine","floor":25,"gold_loss":0,"cards_upgraded":["Devotion"]}],"is_beta":false,"boss_relics":[{"not_picked":["Runic Dome","Coffee Dripper"],"picked":"SlaversCollar"}],"items_purged_floors":[],"is_endless":false,"potions_floor_spawned":[6,7,12,18,20,29],"killed_by":"Automaton","ascension_level":2}}