{"host":"r7lw16gtaifltel5","time":1609132106,"event":{"mods":["BaseMod","Hermit","Lobotomy","Minty Spire (QoL Compilation)","Shade Mod","StSLib","The Bug Knight","The Cursed","The Gatherer","The Hierophant","The Jungle","The Runesmith","WarShipGirlsR/??á´Ò³R mod"],"gold_per_floor":[115,115,130,17,29,54,66,76,125,150,100,134,146,246,246,345,345,360,26,41,61,80,113,139,151,163,175,197,239,269,300,312,324,324],"floor_reached":33,"playtime":3609,"items_purged":["rmod:fletcherpendant"],"score":363,"play_id":"6bdd5756-98f9-4e79-b175-7c6c47b91c73","local_time":"20201228140826","is_ascension_mode":false,"campfire_choices":[{"data":"rmod:chargemoney","floor":15.0,"key":"SMITH"},{"floor":25.0,"key":"REST"},{"data":"rmod:circuitoustactics","floor":27,"key":"SMITH"},{"floor":32,"key":"REST"}],"circlet_count":0,"master_deck":["rmod:strick","rmod:strick","rmod:strick","rmod:strick","rmod:defend","rmod:defend","rmod:defend","rmod:defend","rmod:basicallowance+1","rmod:maingunfire","rmod:diamondstrike","rmod:ammunitionsupply","rmod:chargemoney+1","rmod:aviationdawn","rmod:unsinkable","rmod:diamondstrike","rmod:firesupport","rmod:fletcherpendant+1","rmod:diamondstrike+1","rmod:tearstotiara+1","rmod:robin","rmod:seals","rmod:aluminumsupply","rmod:circuitoustactics+1","rmod:robin","rmod:aviationdawn+1","rmod:highspeedmaneuver","rmod:ammunitionsupply+1","rmod:steelsupply","rmod:sl+1"],"relics":["rmod:firstchargereward","Anchor","PreservedInsect","rmod:extraamm","Molten Egg 2","Happy Flower","Sozu","Bottled Lightning","MawBank","Lizard Tail","Peace Pipe"],"acts_visited":["Exordium","Exordium"],"potions_floor_usage":[],"damage_taken":[{"damage":0.0,"enemies":"Small Slimes","floor":1.0,"turns":3.0},{"damage":0.0,"enemies":"Cultist","floor":3.0,"turns":3.0},{"damage":3.0,"enemies":"2 Louse","floor":5.0,"turns":2.0},{"damage":18.0,"enemies":"Lagavulin","floor":6.0,"turns":5.0},{"damage":5.0,"enemies":"Large Slime","floor":7.0,"turns":5.0},{"damage":0.0,"enemies":"Looter","floor":8.0,"turns":3.0},{"damage":0.0,"enemies":"HollowMod:MossKnight","floor":10.0,"turns":3.0},{"damage":4.0,"enemies":"3 Sentries","floor":12.0,"turns":4.0},{"damage":6.0,"enemies":"Blue Slaver","floor":13.0,"turns":3.0},{"damage":31.0,"enemies":"The Guardian","floor":16.0,"turns":6.0},{"damage":9.0,"enemies":"theJungle:5_Spyders","floor":18.0,"turns":4.0},{"damage":0.0,"enemies":"theJungle:GiantWrat","floor":20.0,"turns":3.0},{"damage":14.0,"enemies":"theJungle:JungleHuntersEncounter","floor":21.0,"turns":6.0},{"damage":24.0,"enemies":"theJungle:Lyon","floor":22.0,"turns":5.0},{"damage":0.0,"enemies":"theJungle:2_Phrogs","floor":23.0,"turns":5.0},{"damage":0.0,"enemies":"theJungle:2_Snecko_Cultists","floor":24.0,"turns":2.0},{"damage":15,"enemies":"theJungle:JungleHuntersEncounter","floor":28,"turns":6},{"damage":20,"enemies":"theJungle:Cassacara","floor":29,"turns":5},{"damage":16,"enemies":"theJungle:Snecko_Cultist_And_Trap","floor":30,"turns":6},{"damage":27,"enemies":"theJungle:2_Flameangoes","floor":31,"turns":6},{"damage":32,"enemies":"theJungle:TotemBoss","floor":33,"turns":4}],"seed_played":"-5823502398149979530","potions_obtained":[{"floor":5.0,"key":"Regen Potion"},{"floor":6.0,"key":"Fire Potion"},{"floor":10.0,"key":"Swift Potion"},{"floor":12.0,"key":"FearPotion"},{"floor":13.0,"key":"Swift Potion"}],"is_trial":false,"path_per_floor":["M","?","M","$","M","E","M","M","T","E","$","E","M","?","R","B",null,"M","$","M","M","M","E","M","R","T","R","M","E","M","M","R","B"],"character_chosen":"PRAEFECT","items_purchased":["rmod:ammunitionsupply","rmod:chargemoney","rmod:diamondstrike+1","Bottled Lightning"],"campfire_rested":2,"item_purchase_floors":[4,4,11,19],"current_hp_per_floor":[75,75,75,75,72,59,54,54,54,54,54,50,44,44,44,13,75,66,66,66,52,28,28,28,50,50,50,35,15,37,10,32,0,0],"gold":324,"neow_bonus":"RANDOM_COMMON_RELIC","is_daily":false,"chose_seed":false,"campfire_upgraded":2,"win_rate":0.0,"timestamp":1609132106,"path_taken":["M","?","M","$","M","E","?","M","T","E","?","E","M","?","R","BOSS","M","$","M","M","M","E","?","R","T","R","M","E","M","M","R","BOSS"],"items_purchased_type":["Card","Card","Card","Relic"],"build_version":"2020-12-22","purchased_purges":1,"victory":false,"max_hp_per_floor":[75,75,75,75,75,75,75,75,75,75,75,75,75,75,75,75,75,75,75,75,75,75,75,75,75,75,75,75,75,75,75,75,75,75],"card_choices":[{"not_picked":["rmod:tearstotiara","rmod:unsinkable"],"picked":"rmod:fletcherpendant","floor":1.0},{"not_picked":["rmod:steelsupply","rmod:supportescort"],"picked":"rmod:diamondstrike","floor":3.0},{"not_picked":["rmod:circuitoustactics","rmod:tearstotiara"],"picked":"rmod:aviationdawn","floor":5.0},{"not_picked":["rmod:circuitoustactics","rmod:chargemoney"],"picked":"rmod:unsinkable","floor":6.0},{"not_picked":["rmod:u235","rmod:luckystar"],"picked":"rmod:diamondstrike","floor":7.0},{"not_picked":["rmod:spoils","rmod:unsinkable"],"picked":"rmod:firesupport","floor":8.0},{"not_picked":["rmod:supriseattacks","rmod:bulid"],"picked":"rmod:fletcherpendant+1","floor":10.0},{"not_picked":["rmod:slowdown","rmod:heivgo"],"picked":"rmod:tearstotiara+1","floor":12.0},{"not_picked":["rmod:maintain","rmod:aviationdawn"],"picked":"rmod:robin","floor":13.0},{"not_picked":["rmod:timeschanged+1","rmod:ridicule"],"picked":"rmod:seals","floor":16.0},{"not_picked":["rmod:fuelsupply","rmod:unsinkable"],"picked":"rmod:aluminumsupply","floor":18.0},{"not_picked":["rmod:mineteam+1","rmod:bulid+1"],"picked":"rmod:circuitoustactics","floor":20.0},{"not_picked":["rmod:goodsister+1","rmod:unsinkable"],"picked":"rmod:robin","floor":21.0},{"not_picked":["rmod:slowdown","rmod:steelsupply","rmod:punchline"],"picked":"SKIP","floor":22.0},{"not_picked":["rmod:ridicule","rmod:luckystar+1","rmod:victimresponsibility"],"picked":"SKIP","floor":23.0},{"not_picked":["rmod:capitalist","rmod:punchline"],"picked":"rmod:aviationdawn+1","floor":24.0},{"not_picked":["rmod:circuitoustactics","rmod:luckystar+1"],"picked":"rmod:highspeedmaneuver","floor":28},{"not_picked":["rmod:luckystar+1","rmod:tearstotiara+1"],"picked":"rmod:ammunitionsupply+1","floor":29},{"not_picked":["rmod:goodfighter+1","rmod:fletcherpendant+1"],"picked":"rmod:steelsupply","floor":30},{"not_picked":["rmod:aviationdawn","rmod:ammunitionsupply"],"picked":"rmod:sl+1","floor":31}],"player_experience":15770,"relics_obtained":[{"floor":6.0,"key":"PreservedInsect"},{"floor":9.0,"key":"rmod:extraamm"},{"floor":10.0,"key":"Molten Egg 2"},{"floor":12.0,"key":"Happy Flower"},{"floor":23.0,"key":"MawBank"},{"floor":26,"key":"Lizard Tail"},{"floor":29,"key":"Peace Pipe"}],"event_choices":[{"damage_healed":0.0,"max_hp_gain":0.0,"max_hp_loss":0.0,"gold_gain":0.0,"event_name":"Upgrade Shrine","player_choice":"Upgraded","floor":2.0,"gold_loss":0.0,"damage_taken":0.0,"cards_upgraded":["rmod:basicallowance"]},{"damage_healed":0.0,"max_hp_gain":0.0,"max_hp_loss":0.0,"gold_gain":100.0,"event_name":"Golden Shrine","player_choice":"Pray","floor":14.0,"gold_loss":0.0,"damage_taken":0.0}],"is_beta":false,"boss_relics":[{"not_picked":["Black Star","SacredBark"],"picked":"Sozu"}],"items_purged_floors":[19],"is_endless":false,"potions_floor_spawned":[5,6,10,12,13,16,20,21,23,30,31],"killed_by":"theJungle:TotemBoss","ascension_level":0}}