{"host":"x6tlfgqpy55vgxdn","time":1609128825,"event":{"mods":["AchievementEnabler","BaseMod","DeckTracker","Minty Spire (QoL Compilation)","Permanent Neow","StSLib","SuperFastMode"],"gold_per_floor":[119,119,135,148,162,162,196,24,51,81,100,126,143,143,143,242,242,256,256,256,181,81,81,94,94,94,127,2,2,29,43,43,141,141,159,159,171,221,221,221,235,266,339,45,65,95,95,109,109,109,109,109,31,68,68],"floor_reached":56,"playtime":3172,"items_purged":["Doom and Gloom","Turbo","Ball Lightning","Barrage"],"score":2025,"play_id":"d5b7d8f0-fcc8-4a77-a25e-f5fcc1fbe901","local_time":"20201228131345","is_ascension_mode":true,"campfire_choices":[{"data":"Dualcast","floor":6.0,"key":"SMITH"},{"data":"Apotheosis","floor":15.0,"key":"SMITH"},{"data":"Buffer","floor":23.0,"key":"SMITH"},{"data":"Coolheaded","floor":25.0,"key":"SMITH"},{"data":"Skim","floor":29.0,"key":"SMITH"},{"data":"Echo Form","floor":32.0,"key":"SMITH"},{"floor":40.0,"key":"RECALL"},{"floor":47.0,"key":"REST"},{"floor":49.0,"key":"REST"},{"floor":52.0,"key":"REST"}],"circlet_count":0,"master_deck":["Dualcast+1","Lockon+1","Glacier+1","Cold Snap","Apotheosis+1","Double Energy","Echo Form+1","Genetic Algorithm","Conserve Battery","Buffer+1","Coolheaded+1","Skim+1","Undo","Undo","Recycle+1","Darkness","Multi-Cast","Capacitor+1","Consume+1","Loop+1","Blizzard","Creative AI"],"relics":["Black Star","Bag of Preparation","Ancient Tea Set","War Paint","Prayer Wheel","Matryoshka","Whetstone","TungstenRod","Pandora\u0027s Box","Anchor","Singing Bowl","Ornamental Fan","Cables","Sundial","Meat on the Bone","Fusion Hammer","Lizard Tail","Potion Belt","Ginger","Toy Ornithopter","Runic Capacitor","CeramicFish","Oddly Smooth Stone","StoneCalendar","Bottled Tornado"],"acts_visited":["Exordium","TheCity","TheBeyond","TheEnding"],"potions_floor_usage":[55,55,55],"damage_taken":[{"damage":0.0,"enemies":"Small Slimes","floor":1.0,"turns":3.0},{"damage":0.0,"enemies":"Cultist","floor":3.0,"turns":2.0},{"damage":2.0,"enemies":"Jaw Worm","floor":4.0,"turns":5.0},{"damage":2.0,"enemies":"Looter","floor":5.0,"turns":5.0},{"damage":12.0,"enemies":"3 Sentries","floor":7.0,"turns":7.0},{"damage":21.0,"enemies":"Gremlin Nob","floor":10.0,"turns":3.0},{"damage":5.0,"enemies":"2 Fungi Beasts","floor":11.0,"turns":3.0},{"damage":8.0,"enemies":"Lagavulin","floor":12.0,"turns":6.0},{"damage":0.0,"enemies":"Exordium Wildlife","floor":13.0,"turns":4.0},{"damage":4.0,"enemies":"Hexaghost","floor":16.0,"turns":7.0},{"damage":7.0,"enemies":"2 Thieves","floor":18.0,"turns":5.0},{"damage":0.0,"enemies":"Shell Parasite","floor":24.0,"turns":6.0},{"damage":14.0,"enemies":"Book of Stabbing","floor":27.0,"turns":5.0},{"damage":0.0,"enemies":"Gremlin Leader","floor":30.0,"turns":7.0},{"damage":0.0,"enemies":"Chosen and Byrds","floor":31.0,"turns":8.0},{"damage":0.0,"enemies":"Automaton","floor":33.0,"turns":9.0},{"damage":0.0,"enemies":"3 Shapes","floor":35.0,"turns":3.0},{"damage":0.0,"enemies":"3 Darklings","floor":37.0,"turns":6.0},{"damage":0.0,"enemies":"Mind Bloom Boss Battle","floor":38.0,"turns":5.0},{"damage":0.0,"enemies":"Writhing Mass","floor":41.0,"turns":7.0},{"damage":0.0,"enemies":"Giant Head","floor":42.0,"turns":7.0},{"damage":0.0,"enemies":"Spire Growth","floor":45.0,"turns":7.0},{"damage":0.0,"enemies":"Nemesis","floor":46.0,"turns":9.0},{"damage":0.0,"enemies":"Jaw Worm Horde","floor":48.0,"turns":3.0},{"damage":0.0,"enemies":"Donu and Deca","floor":50.0,"turns":8.0},{"damage":16.0,"enemies":"Shield and Spear","floor":54.0,"turns":11.0},{"damage":18,"enemies":"The Heart","floor":55,"turns":10}],"seed_played":"424086836939339748","potions_obtained":[{"floor":1.0,"key":"PowerPotion"},{"floor":5.0,"key":"Strength Potion"},{"floor":10.0,"key":"Block Potion"},{"floor":12.0,"key":"FearPotion"},{"floor":13.0,"key":"ColorlessPotion"},{"floor":18.0,"key":"Block Potion"},{"floor":33.0,"key":"Fire Potion"},{"floor":35.0,"key":"SteroidPotion"},{"floor":38.0,"key":"Swift Potion"},{"floor":46.0,"key":"LiquidMemories"}],"is_trial":false,"path_per_floor":["M","?","M","M","M","R","E","$","T","E","M","E","M","?","R","B",null,"M","?","?","$","$","R","M","R","T","E","$","R","E","M","R","B",null,"M","?","M","?","?","R","M","E","T","$","M","E","R","M","R","B",null,"R","$","E","B",null],"character_chosen":"DEFECT","items_purchased":["Apotheosis","Runic Capacitor","DuplicationPotion"],"campfire_rested":3,"item_purchase_floors":[8,44,53],"current_hp_per_floor":[68,68,68,66,64,64,52,52,52,31,26,18,18,18,18,14,60,53,53,53,53,53,53,53,53,53,41,41,41,41,45,45,45,72,72,91,95,95,95,95,97,99,99,99,103,105,105,109,109,109,109,109,109,93,90],"gold":68,"neow_bonus":"BOSS_RELIC","is_daily":false,"chose_seed":false,"campfire_upgraded":6,"win_rate":0.0,"timestamp":1609128825,"path_taken":["M","?","M","M","M","R","E","?","T","E","M","E","?","?","R","BOSS","M","?","?","?","$","R","M","R","T","E","$","R","E","M","R","BOSS","M","?","?","?","?","R","?","E","T","?","M","E","R","M","R","BOSS","R","$","E","BOSS"],"items_purchased_type":["Card","Relic","Potion"],"build_version":"2020-12-22","purchased_purges":4,"victory":true,"max_hp_per_floor":[75,75,75,75,75,75,75,75,75,75,75,75,75,75,75,75,75,75,75,75,75,75,75,75,75,75,77,77,77,77,81,81,81,81,81,91,95,95,95,95,97,99,99,99,103,105,105,109,109,109,109,109,109,109,109],"card_choices":[{"not_picked":["Defragment","Hologram"],"picked":"Doom and Gloom","floor":1.0},{"not_picked":["Sweeping Beam","Redo"],"picked":"Glacier","floor":3.0},{"not_picked":["Rip and Tear","Leap"],"picked":"Barrage","floor":4.0},{"not_picked":["Doom and Gloom","Stack","Melter"],"picked":"SKIP","floor":5.0},{"not_picked":["Steam Power","Compile Driver"],"picked":"Cold Snap","floor":7.0},{"not_picked":["Hologram","Ball Lightning","White Noise"],"picked":"SKIP","floor":10.0},{"not_picked":["Heatsinks","Reinforced Body"],"picked":"Double Energy","floor":11.0},{"not_picked":["Heatsinks","Hello World","Barrage"],"picked":"SKIP","floor":11.0},{"not_picked":["Sunder","Beam Cell"],"picked":"Echo Form","floor":12.0},{"not_picked":["Redo","Hologram"],"picked":"Genetic Algorithm","floor":13.0},{"not_picked":["Turbo","Stack","Conserve Battery"],"picked":"SKIP","floor":13.0},{"not_picked":["Turbo","Stack"],"picked":"Conserve Battery","floor":13.0},{"not_picked":["Multi-Cast","Thunder Strike"],"picked":"Buffer","floor":16.0},{"not_picked":["Ball Lightning+1","Conserve Battery"],"picked":"Recycle+1","floor":18.0},{"not_picked":["Rebound","Compile Driver","Stack"],"picked":"SKIP","floor":18.0},{"not_picked":["Conserve Battery+1","Hologram","FTL"],"picked":"SKIP","floor":24.0},{"not_picked":["Compile Driver","Ball Lightning+1","FTL"],"picked":"SKIP","floor":24.0},{"not_picked":["Skim","Steam","Rebound"],"picked":"Singing Bowl","floor":27.0},{"not_picked":["Reinforced Body","Gash+1"],"picked":"Multi-Cast","floor":30.0},{"not_picked":["Streamline","Cold Snap","Turbo"],"picked":"Singing Bowl","floor":31.0},{"not_picked":["Cold Snap","Skim+1","Turbo"],"picked":"Singing Bowl","floor":31.0},{"not_picked":["Echo Form","Electrodynamics"],"picked":"Biased Cognition","floor":33.0},{"not_picked":["Gash+1","Compile Driver"],"picked":"Capacitor+1","floor":35.0},{"not_picked":["Rebound","Leap"],"picked":"Consume+1","floor":35.0},{"not_picked":["FTL","Go for the Eyes+1","Coolheaded+1"],"picked":"Singing Bowl","floor":37.0},{"not_picked":["Gash","White Noise","Conserve Battery"],"picked":"SKIP","floor":37.0},{"not_picked":["Gash","White Noise","Conserve Battery"],"picked":"Singing Bowl","floor":37.0},{"not_picked":["White Noise","Ball Lightning"],"picked":"Loop+1","floor":38.0},{"not_picked":["Gash+1","Consume"],"picked":"Blizzard","floor":41.0},{"not_picked":["Heatsinks","Barrage+1","Go for the Eyes+1"],"picked":"Singing Bowl","floor":41.0},{"not_picked":["Redo+1","All For One","Auto Shields"],"picked":"Singing Bowl","floor":42.0},{"not_picked":["Double Energy","Stack+1","Coolheaded+1"],"picked":"Singing Bowl","floor":45.0},{"not_picked":["Stack","Streamline","Conserve Battery"],"picked":"Singing Bowl","floor":45.0},{"not_picked":["Machine Learning","Sweeping Beam+1","Reinforced Body+1"],"picked":"Singing Bowl","floor":46.0},{"not_picked":["Barrage+1","White Noise","Rip and Tear+1"],"picked":"Singing Bowl","floor":48.0},{"not_picked":["Turbo+1","Tempest+1","Gash"],"picked":"Singing Bowl","floor":48.0},{"not_picked":["Static Discharge","Ball Lightning+1"],"picked":"Creative AI","floor":54.0}],"player_experience":209656,"relics_obtained":[{"floor":7.0,"key":"Bag of Preparation"},{"floor":7.0,"key":"Ancient Tea Set"},{"floor":9.0,"key":"War Paint"},{"floor":10.0,"key":"Prayer Wheel"},{"floor":10.0,"key":"Matryoshka"},{"floor":12.0,"key":"Whetstone"},{"floor":12.0,"key":"TungstenRod"},{"floor":26.0,"key":"Anchor"},{"floor":26.0,"key":"Singing Bowl"},{"floor":27.0,"key":"Ornamental Fan"},{"floor":27.0,"key":"Cables"},{"floor":30.0,"key":"Sundial"},{"floor":30.0,"key":"Meat on the Bone"},{"floor":38.0,"key":"Lizard Tail"},{"floor":42.0,"key":"Potion Belt"},{"floor":42.0,"key":"Ginger"},{"floor":43.0,"key":"Toy Ornithopter"},{"floor":46.0,"key":"CeramicFish"},{"floor":46.0,"key":"Oddly Smooth Stone"},{"floor":54.0,"key":"StoneCalendar"},{"floor":54.0,"key":"Bottled Tornado"}],"event_choices":[{"damage_healed":0.0,"max_hp_gain":0.0,"max_hp_loss":0.0,"gold_gain":0.0,"cards_transformed":["Strike_B"],"event_name":"Transmorgrifier","player_choice":"Transformed","floor":2.0,"gold_loss":0.0,"damage_taken":0.0,"cards_obtained":["Lockon"]},{"damage_healed":0.0,"max_hp_gain":0.0,"max_hp_loss":0.0,"gold_gain":0.0,"event_name":"Liars Game","player_choice":"Ignored","floor":14.0,"gold_loss":0.0,"damage_taken":0.0},{"cards_removed":["Zap"],"damage_healed":0.0,"max_hp_gain":0.0,"max_hp_loss":0.0,"gold_gain":0.0,"event_name":"Back to Basics","player_choice":"Elegance","floor":19.0,"gold_loss":0.0,"damage_taken":0.0},{"damage_healed":0.0,"max_hp_gain":0.0,"max_hp_loss":0.0,"gold_gain":0.0,"event_name":"The Library","player_choice":"Read","floor":20.0,"gold_loss":0.0,"damage_taken":0.0,"cards_obtained":["Darkness"]},{"cards_removed":["Biased Cognition"],"damage_healed":9.0,"max_hp_gain":10.0,"max_hp_loss":0.0,"gold_gain":0.0,"event_name":"Bonfire Elementals","player_choice":"Offered Rare","floor":36.0,"gold_loss":0.0,"damage_taken":0.0},{"damage_healed":0.0,"max_hp_gain":0.0,"max_hp_loss":0.0,"gold_gain":0.0,"event_name":"MindBloom","player_choice":"Fight","floor":38.0,"gold_loss":0.0,"damage_taken":0.0},{"cards_removed":["Go for the Eyes"],"damage_healed":0.0,"max_hp_gain":0.0,"max_hp_loss":0.0,"gold_gain":0.0,"event_name":"Purifier","player_choice":"Purged","floor":39.0,"gold_loss":0.0,"damage_taken":0.0}],"is_beta":false,"boss_relics":[{"not_picked":["Inserter","Calling Bell"],"picked":"Pandora\u0027s Box"},{"not_picked":["Busted Crown","Nuclear Battery"],"picked":"Fusion Hammer"}],"items_purged_floors":[21,22,28,44],"is_endless":false,"potions_floor_spawned":[1,5,10,12,13,16,18,24,33,35,38,46],"ascension_level":9}}