{"host":"k4et7hlhlqy8fuoz","time":1609161092,"event":{"mods":["2.2 Compatiblity","AchievementEnabler","BaseMod","Colored Map","DeckTracker","Highlight Path","Minty Spire (QoL Compilation)","Random Character Button","Rare Cards Sparkle"],"gold_per_floor":[114,36,136,10,25,25,57,67,67,87,102,114,132,44,44,44,44],"floor_reached":16,"playtime":1144,"items_purged":[],"score":104,"play_id":"3ae81b2d-1b49-4dce-8d95-4224f734ae62","local_time":"20201228141132","is_ascension_mode":false,"campfire_choices":[{"data":"Zap","floor":6,"key":"SMITH"},{"floor":15,"key":"REST"}],"circlet_count":0,"master_deck":["Strike_B","Strike_B+1","Strike_B+1","Strike_B","Defend_B","Defend_B","Defend_B","Defend_B","Zap+1","Dualcast","Streamline","Gash","Hologram","Barrage","Coolheaded","Cold Snap","Undo","Reboot","Beam Cell","BootSequence","Redo","Glacier","Sweeping Beam","Storm","Cold Snap"],"relics":["Cracked Core","Question Card","Whetstone"],"acts_visited":["Exordium"],"potions_floor_usage":[],"damage_taken":[{"damage":0,"enemies":"Small Slimes","floor":1,"turns":4},{"damage":4,"enemies":"Cultist","floor":5,"turns":3},{"damage":21,"enemies":"3 Sentries","floor":7,"turns":8},{"damage":1,"enemies":"Jaw Worm","floor":8,"turns":2},{"damage":1,"enemies":"Red Slaver","floor":10,"turns":2},{"damage":7,"enemies":"2 Fungi Beasts","floor":11,"turns":3},{"damage":6,"enemies":"Large Slime","floor":12,"turns":4},{"damage":14,"enemies":"Exordium Thugs","floor":13,"turns":6},{"damage":53,"enemies":"Hexaghost","floor":16,"turns":9}],"seed_played":"3412281896062008467","potions_obtained":[{"floor":8,"key":"DistilledChaos"},{"floor":10,"key":"FocusPotion"},{"floor":12,"key":"FocusPotion"},{"floor":13,"key":"Strength Potion"}],"is_trial":false,"path_per_floor":["M","$","?","$","M","R","E","M","T","M","M","M","M","$","R","B"],"character_chosen":"DEFECT","items_purchased":["Gash","Hologram","Barrage","Coolheaded","Cold Snap","Storm","Cold Snap"],"campfire_rested":1,"item_purchase_floors":[2,2,4,4,4,14,14],"current_hp_per_floor":[82,82,82,82,78,78,57,56,56,55,48,42,28,28,52,0,0],"gold":44,"neow_bonus":"TEN_PERCENT_HP_BONUS","is_daily":false,"chose_seed":false,"campfire_upgraded":1,"win_rate":0.0,"timestamp":1609161092,"path_taken":["M","$","?","$","?","R","E","M","T","M","M","M","M","$","R","BOSS"],"items_purchased_type":["Card","Card","Card","Card","Card","Card","Card"],"build_version":"2020-12-22","purchased_purges":0,"victory":false,"max_hp_per_floor":[82,82,82,82,82,82,82,82,82,82,82,82,82,82,82,82,82],"card_choices":[{"not_picked":["Steam","Steam Power"],"picked":"Streamline","floor":1},{"not_picked":["Gash","Genetic Algorithm"],"picked":"Undo","floor":5},{"not_picked":["Cold Snap","Lockon"],"picked":"Reboot","floor":7},{"not_picked":["Leap","Hologram","Double Energy"],"picked":"Beam Cell","floor":8},{"not_picked":["Ball Lightning","Genetic Algorithm","Steam"],"picked":"BootSequence","floor":10},{"not_picked":["Barrage","Reinforced Body","Beam Cell"],"picked":"Redo","floor":11},{"not_picked":["Blizzard","Stack","Loop"],"picked":"Glacier","floor":12},{"not_picked":["Streamline","Conserve Battery","Aggregate"],"picked":"Sweeping Beam","floor":13}],"player_experience":21283,"relics_obtained":[{"floor":7,"key":"Question Card"},{"floor":9,"key":"Whetstone"}],"event_choices":[{"damage_healed":0,"gold_gain":100,"player_choice":"Pray","damage_taken":0,"max_hp_gain":0,"max_hp_loss":0,"event_name":"Golden Shrine","floor":3,"gold_loss":0}],"is_beta":false,"boss_relics":[],"items_purged_floors":[],"is_endless":false,"potions_floor_spawned":[8,10,12,13],"killed_by":"Hexaghost","ascension_level":0}}