{"host":"84djn3gpchegxmg2","time":1609184653,"event":{"mods":["AchievementEnabler","BaseMod","Block Reminder","CapriCore","GifTheSpireLib","Minty Spire (QoL Compilation)","Rare Cards Sparkle","Relic Stats","Slay-I","StSLib","Waifu the Spire","everything is the same but u backflip on backflip"],"gold_per_floor":[111,58,73,73,86,86,86],"floor_reached":6,"playtime":341,"items_purged":[],"score":38,"play_id":"5baa638a-299f-4abf-a9c9-5cfed66ff835","local_time":"20201228204413","is_ascension_mode":true,"campfire_choices":[],"circlet_count":0,"master_deck":["Strike_P","Strike_P","Strike_P","Strike_P","Defend_P","Defend_P","Defend_P","Defend_P","Eruption","Vigilance","LessonLearned","MentalFortress","EmptyFist","CutThroughFate","Injury","BowlingBash"],"relics":["PureWater","Golden Idol"],"acts_visited":["Exordium"],"potions_floor_usage":[6,6],"damage_taken":[{"damage":0,"enemies":"Small Slimes","floor":1,"turns":5},{"damage":0,"enemies":"Jaw Worm","floor":3,"turns":3},{"damage":0,"enemies":"2 Louse","floor":5,"turns":4},{"damage":43,"enemies":"Gremlin Nob","floor":6,"turns":6}],"seed_played":"3314388162604217225","potions_obtained":[{"floor":1,"key":"FearPotion"},{"floor":5,"key":"Weak Potion"}],"is_trial":false,"path_per_floor":["M","$","M","?","M","E"],"character_chosen":"WATCHER","items_purchased":["EmptyFist"],"campfire_rested":0,"item_purchase_floors":[2],"current_hp_per_floor":[51,51,51,51,51,8,8],"gold":86,"neow_bonus":"THREE_RARE_CARDS","is_daily":false,"chose_seed":false,"campfire_upgraded":0,"win_rate":0.0,"timestamp":1609184653,"path_taken":["M","$","M","?","M","E"],"items_purchased_type":["Card"],"build_version":"2020-12-22","purchased_purges":0,"victory":false,"max_hp_per_floor":[72,72,72,72,72,72,72],"relic_stats":{"counters":[4,18],"Golden Idol":3,"obtain_stats":[{"Golden Idol":4,"PureWater":0},{"Golden Idol":2,"PureWater":0},{"Golden Idol":8,"PureWater":0}]},"card_choices":[{"not_picked":["ConjureBlade","Alpha"],"picked":"LessonLearned","floor":0},{"not_picked":["SashWhip","Evaluate"],"picked":"MentalFortress","floor":1},{"not_picked":["LikeWater","JustLucky"],"picked":"CutThroughFate","floor":3},{"not_picked":["Prostrate","FlyingSleeves"],"picked":"BowlingBash","floor":5}],"player_experience":214446,"relics_obtained":[],"event_choices":[{"damage_healed":0,"gold_gain":0,"player_choice":"Take Wound","damage_taken":0,"relics_obtained":["Golden Idol"],"max_hp_gain":0,"max_hp_loss":0,"event_name":"Golden Idol","floor":4,"gold_loss":0,"cards_obtained":["Injury"]}],"is_beta":false,"boss_relics":[],"items_purged_floors":[],"is_endless":false,"potions_floor_spawned":[1,5],"killed_by":"Gremlin Nob","ascension_level":1}}