{"host":"bc298c4gavna5tx2","time":1609170933,"event":{"mods":["ATMod(°¢èªMod)","Act Like it!","BaseMod","Challenge The Spire","Minty Spire (QoL Compilation)","MostiFishMod","Quick Restart","Spicy Shops","StSLib","¡¾¹¦ÄÜMod¡¿»ìãçÖ®»·ÐÞ¸´²¹¶¡","¡¾ÒÅÎï¿¨ÅÆ¡¿REMEMod"],"gold_per_floor":[111,126,51,51,64,93,93,122,149,149,99,113,113,146,146,345,345,360,375,388,40,58,111,186,186,233,339,339,400,412,384,396,603,615,673,773,355,355,503,503,562,562,562,562,680,774,874,934,934,959,959,959,803,894,919],"floor_reached":56,"playtime":1790,"items_purged":["Defend_B","Defend_B"],"score":2135,"play_id":"fbd27fe6-e526-42f6-aead-6a8547a2f675","local_time":"20201228235533","is_ascension_mode":true,"campfire_choices":[{"data":"AT_FamilyPortrait","floor":7,"key":"SMITH"},{"data":"Gash","floor":15,"key":"SMITH"},{"data":"Rainbow","floor":25,"key":"SMITH"},{"floor":30,"key":"RECALL"},{"data":"Zap","floor":32,"key":"SMITH"},{"data":"REME_FirmDetermination","floor":40,"key":"SMITH"},{"data":"MostiFishMod:ATRI","floor":42,"key":"SMITH"},{"data":"MostiFishMod:Mottled","floor":44,"key":"SMITH"},{"data":"DevaForm","floor":49,"key":"SMITH"},{"data":"Dualcast","floor":52,"key":"SMITH"}],"circlet_count":0,"master_deck":["Strike_B+1","Strike_B+1","Strike_B+1","Defend_B+1","Defend_B+1","Zap+1","Dualcast+1","AT_FamilyPortrait+1","DevaForm+1","Gash+1","Rainbow+1","Thunder Strike+1","MostiFishMod:Mottled+1","Chaos+1","MostiFishMod:ATRI+1","REME_FirmDetermination+1","MostiFishMod:DawningShadow"],"relics":["Cracked Core","REME_ComplimentaryCards","AT_ATBox","DaveBox","FeatherPendant","NeowsBlessing","SynthV:TestCard","Matryoshka","AT_RedNoBalance","Vajra","Symbiotic Virus","MealTicket","Golden Idol","NlothsMask","PreservedInsect","Philosopher\u0027s Stone","AT_MibuBalloonWealth","REME_PuzzleBoxRelic","Red Mask","MawBank","GuanYuAspect","Gambling Chip","CombinedTypeHook","Toolbox","InkBottle","Dream Catcher","SynthV:C4","Calipers"],"acts_visited":["Exordium","TheCity","TheBeyond","TheEnding"],"potions_floor_usage":[6,8,16,22,41,48,50,50],"damage_taken":[{"damage":0.0,"enemies":"Cultist","floor":1.0,"turns":1.0},{"damage":0.0,"enemies":"Jaw Worm","floor":2.0,"turns":1.0},{"damage":0,"enemies":"2 Louse","floor":5,"turns":1},{"damage":10,"enemies":"Lagavulin","floor":6,"turns":3},{"damage":0,"enemies":"Gremlin Nob","floor":8,"turns":2},{"damage":4,"enemies":"Exordium Thugs","floor":12,"turns":2},{"damage":0,"enemies":"Lagavulin","floor":14,"turns":4},{"damage":0,"enemies":"Slime Boss","floor":16,"turns":5},{"damage":0,"enemies":"Spheric Guardian","floor":18,"turns":1},{"damage":0,"enemies":"Shell Parasite","floor":19,"turns":2},{"damage":5,"enemies":"Centurion and Healer","floor":20,"turns":4},{"damage":0,"enemies":"Snecko","floor":22,"turns":2},{"damage":0,"enemies":"REME_1_Revenger","floor":23,"turns":2},{"damage":0,"enemies":"Cultist and Chosen","floor":24,"turns":2},{"damage":0,"enemies":"Masked Bandits","floor":27,"turns":1},{"damage":0,"enemies":"Book of Stabbing","floor":29,"turns":2},{"damage":17,"enemies":"Collector","floor":33,"turns":5},{"damage":0,"enemies":"Orb Walker","floor":35,"turns":1},{"damage":0,"enemies":"Mind Bloom Boss Battle","floor":36,"turns":3},{"damage":0,"enemies":"3 Darklings","floor":39,"turns":2},{"damage":0,"enemies":"Giant Head","floor":41,"turns":1},{"damage":0,"enemies":"4 Shapes","floor":45,"turns":2},{"damage":0,"enemies":"Sphere and 2 Shapes","floor":46,"turns":1},{"damage":0,"enemies":"Nemesis","floor":48,"turns":3},{"damage":22,"enemies":"Time Eater","floor":50,"turns":3},{"damage":0,"enemies":"Shield and Spear","floor":54,"turns":2},{"damage":12,"enemies":"The Heart","floor":55,"turns":4}],"seed_played":"-1776262687135067493","potions_obtained":[{"floor":2.0,"key":"ColorlessPotion"},{"floor":5,"key":"Fire Potion"},{"floor":14,"key":"ColorlessPotion"},{"floor":19,"key":"GamblersBrew"},{"floor":24,"key":"Fire Potion"},{"floor":27,"key":"Dexterity Potion"},{"floor":35,"key":"DuplicationPotion"},{"floor":36,"key":"PowerPotion"},{"floor":41,"key":"EssenceOfSteel"}],"is_trial":false,"path_per_floor":["M","M","$","T","M","E","R","E","T","?","?","M","?","E","R","B",null,"M","M","M","$","M","E","M","R","T","?","?","E","R","?","R","B",null,"M","?","$","?","M","R","E","R","T","R","M","M","?","E","R","B",null,"R","$","E","B",null],"character_chosen":"DEFECT","items_purchased":["MostiFishMod:Mottled","Chaos","CombinedTypeHook","Toolbox","SynthV:C4"],"campfire_rested":0,"item_purchase_floors":[21,21,37,37,53],"current_hp_per_floor":[68,68,68,68,68,58,58,37,37,37,37,30,30,64,64,69,69,69,69,64,69,69,69,69,69,69,69,69,69,69,69,69,64,35,35,35,35,35,35,35,35,35,35,35,35,35,35,35,35,28,31,31,35,35,35],"gold":919,"neow_bonus":"THREE_ENEMY_KILL","is_daily":false,"chose_seed":false,"campfire_upgraded":9,"win_rate":0.0,"timestamp":1609170933,"path_taken":["M","M","$","?","?","E","R","E","T","?","?","M","?","E","R","BOSS","M","M","M","$","M","E","M","R","T","?","?","E","R","?","R","BOSS","M","?","$","?","M","R","E","R","T","R","M","M","?","E","R","BOSS","R","$","E","BOSS"],"items_purchased_type":["Card","Card","Relic","Relic","Relic"],"build_version":"2020-12-22","purchased_purges":2,"victory":true,"max_hp_per_floor":[75,75,75,75,75,75,75,75,75,69,69,69,69,69,69,69,69,69,69,69,69,69,69,69,69,69,69,69,69,69,69,69,69,35,35,35,35,35,35,35,35,35,35,35,35,35,35,35,35,35,35,35,35,35,35],"card_choices":[{"not_picked":["Go for the Eyes","Streamline","Ball Lightning"],"picked":"SKIP","floor":1.0},{"not_picked":["Skim","Ball Lightning","Sunder","Undo","Go for the Eyes"],"picked":"SKIP","floor":2.0},{"not_picked":["Redo","AT_HeatAcrobatics","Stack","MostiFishMod:PushDownKick","Cold Snap"],"picked":"SKIP","floor":5},{"not_picked":["Sunder","Turbo","Redo","Recycle","MostiFishMod:PushDownKick"],"picked":"SKIP","floor":6},{"not_picked":["Blizzard","Stack","Hyperbeam","Hologram","Cold Snap"],"picked":"SKIP","floor":8},{"not_picked":["Conserve Battery","Streamline","Turbo","Go for the Eyes","Steam"],"picked":"SKIP","floor":12},{"not_picked":["Beam Cell","Go for the Eyes","Double Energy","Cold Snap"],"picked":"Gash","floor":14},{"not_picked":["Meteor Strike","Machine Learning","MostiFishMod:SeaWaves","MostiFishMod:Prepare"],"picked":"Rainbow","floor":16},{"not_picked":["Double Energy","Cold Snap","Turbo+1","MostiFishMod:PushDownKick+1","Aggregate"],"picked":"SKIP","floor":18},{"not_picked":["Redo","Sweeping Beam","Turbo","Force Field+1","Compile Driver"],"picked":"SKIP","floor":19},{"not_picked":["Hologram","Chaos","Redo","AT_EMC2"],"picked":"Thunder Strike","floor":20},{"not_picked":["Force Field","Conserve Battery","Cold Snap+1","MostiFishMod:PushDownKick+1","MostiFishMod:Impulse+1"],"picked":"SKIP","floor":22},{"not_picked":["AT_HeatAcrobatics","Storm","Turbo","Reprogram","Coolheaded"],"picked":"SKIP","floor":23},{"not_picked":["Compile Driver","Redo","AT_EMC2","Sweeping Beam+1","AT_HeatAcrobatics"],"picked":"SKIP","floor":24},{"not_picked":["Hologram","REME_Compress","Sweeping Beam+1","Coolheaded","Force Field+1"],"picked":"SKIP","floor":29},{"not_picked":["Amplify","Seek","MostiFishMod:Distribution","MostiFishMod:StarOceanB"],"picked":"MostiFishMod:ATRI","floor":33},{"not_picked":["MostiFishMod:PushDownKick","Conserve Battery+1","Stack","Leap","Gash"],"picked":"SKIP","floor":35},{"not_picked":["REME_ShortnessOfBreath","AT_LightSaberMaster","The Bomb","Dark Shackles"],"picked":"REME_FirmDetermination","floor":38},{"not_picked":["Streamline+1","Go for the Eyes+1","Sweeping Beam+1","Reinforced Body","MostiFishMod:PushDownKick+1"],"picked":"SKIP","floor":39},{"not_picked":["Consume+1","Compile Driver","Reinforced Body","Scrape+1","Self Repair+1"],"picked":"SKIP","floor":41},{"not_picked":["AT_EMC2","Barrage+1","Go for the Eyes+1","MostiFishMod:ReprogramOld","AT_HeatAcrobatics"],"picked":"SKIP","floor":45},{"not_picked":["Go for the Eyes+1","Compile Driver+1","Steam+1","Reprogram+1","Sweeping Beam"],"picked":"SKIP","floor":46},{"not_picked":["MostiFishMod:ATRI","Storm","White Noise","Cold Snap+1","Force Field+1"],"picked":"SKIP","floor":48},{"not_picked":["Redo+1","White Noise+1","AT_HeatAcrobatics","MostiFishMod:PushDownKick+1"],"picked":"MostiFishMod:DawningShadow","floor":54}],"player_experience":73000,"relics_obtained":[{"floor":1.0,"key":"SynthV:TestCard"},{"floor":4.0,"key":"Matryoshka"},{"floor":6,"key":"AT_SilverBalance"},{"floor":8,"key":"Vajra"},{"floor":9,"key":"Symbiotic Virus"},{"floor":9,"key":"MealTicket"},{"floor":14,"key":"PreservedInsect"},{"floor":23,"key":"AT_MibuBalloonWealth"},{"floor":26,"key":"REME_PuzzleBoxRelic"},{"floor":27,"key":"Red Mask"},{"floor":29,"key":"MawBank"},{"floor":36,"key":"Gambling Chip"},{"floor":41,"key":"InkBottle"},{"floor":48,"key":"Dream Catcher"},{"floor":54,"key":"Calipers"}],"event_choices":[{"damage_healed":0,"gold_gain":0,"player_choice":"Lose Max HP","damage_taken":0,"relics_obtained":["Golden Idol"],"max_hp_gain":0,"max_hp_loss":6,"event_name":"Golden Idol","floor":10,"gold_loss":0},{"cards_removed":["Strike_B"],"damage_healed":0,"gold_gain":0,"player_choice":"Card Removal","damage_taken":0,"max_hp_gain":0,"max_hp_loss":0,"event_name":"The Cleric","floor":11,"gold_loss":50},{"damage_healed":0,"gold_gain":0,"player_choice":"Trade","damage_taken":0,"relics_obtained":["NlothsMask"],"max_hp_gain":0,"max_hp_loss":0,"event_name":"FaceTrader","floor":13,"gold_loss":0},{"damage_healed":0,"gold_gain":0,"player_choice":"Fought Bandits","damage_taken":0,"max_hp_gain":0,"max_hp_loss":0,"event_name":"Masked Bandits","floor":27,"gold_loss":0},{"damage_healed":0,"gold_gain":0,"player_choice":"Simplicity","damage_taken":0,"max_hp_gain":0,"max_hp_loss":0,"event_name":"Back to Basics","floor":28,"gold_loss":0,"cards_upgraded":["Strike_B","Strike_B","Strike_B","Defend_B","Defend_B"]},{"damage_healed":0,"gold_gain":0,"player_choice":"Upgraded Two","damage_taken":0,"max_hp_gain":0,"max_hp_loss":0,"event_name":"Designer","floor":31,"gold_loss":40,"cards_upgraded":["Thunder Strike","Chaos"]},{"damage_healed":0,"gold_gain":0,"player_choice":"Fight","damage_taken":0,"max_hp_gain":0,"max_hp_loss":0,"event_name":"MindBloom","floor":36,"gold_loss":0},{"damage_healed":0,"gold_gain":0,"player_choice":"Memory 1","damage_taken":0,"max_hp_gain":0,"max_hp_loss":0,"event_name":"SensoryStone","floor":38,"gold_loss":0},{"damage_healed":0,"gold_gain":100,"player_choice":"Pray","damage_taken":0,"max_hp_gain":0,"max_hp_loss":0,"event_name":"Golden Shrine","floor":47,"gold_loss":0}],"is_beta":false,"boss_relics":[{"not_picked":["Busted Crown","HereWithMe"],"picked":"Philosopher\u0027s Stone"},{"not_picked":["PatriotShield","Runic Pyramid"],"picked":"GuanYuAspect"}],"items_purged_floors":[3,21],"is_endless":false,"potions_floor_spawned":[2,5,14,19,24,27,35,36,41,46],"ascension_level":8}}