{"host":"2se5dq1do2gp0x9k","time":1609195082,"event":{"mods":["BaseMod","Block Reminder","Colored Map","Colored Powertips","Minty Spire (QoL Compilation)","Relic Stats","StSLib","SuperFastMode","Synergy Search"],"gold_per_floor":[119,119,119,133,153,153,189,189,242,258,358,381,404,69,69,162,225,244,268,31,51,51,51],"floor_reached":22,"playtime":722,"items_purged":["Strike_B"],"score":376,"play_id":"4f14c263-24c0-4def-81b8-42ac7a9ac395","local_time":"20201228143802","is_ascension_mode":true,"campfire_choices":[{"data":"Melter","floor":6.0,"key":"SMITH"},{"data":"Chaos","floor":8,"key":"SMITH"},{"data":"Reinforced Body","floor":15,"key":"SMITH"}],"circlet_count":0,"master_deck":["AscendersBane","Strike_B+1","Strike_B","Defend_B","Defend_B","Defend_B","Defend_B","Zap","Dualcast","Reinforced Body+1","Go for the Eyes","Melter+1","Chaos+1","Gash","Defragment","Gash","Leap","Electrodynamics","Cold Snap","Glacier","Compile Driver","Apotheosis"],"relics":["Cracked Core","NeowsBlessing","Golden Idol","Bronze Scales","Oddly Smooth Stone","Tiny House"],"acts_visited":["Exordium","TheCity"],"potions_floor_usage":[13,16,18],"damage_taken":[{"damage":0.0,"enemies":"Small Slimes","floor":1.0,"turns":1.0},{"damage":0.0,"enemies":"Jaw Worm","floor":4.0,"turns":1.0},{"damage":0.0,"enemies":"Cultist","floor":5.0,"turns":1.0},{"damage":21.0,"enemies":"Gremlin Nob","floor":7.0,"turns":4.0},{"damage":11,"enemies":"Large Slime","floor":10,"turns":5},{"damage":2,"enemies":"3 Louse","floor":12,"turns":3},{"damage":10,"enemies":"Red Slaver","floor":13,"turns":4},{"damage":6,"enemies":"Hexaghost","floor":16,"turns":10},{"damage":27,"enemies":"Chosen","floor":18,"turns":6},{"damage":0,"enemies":"Spheric Guardian","floor":19,"turns":2},{"damage":18,"enemies":"3 Cultists","floor":21,"turns":4},{"damage":16,"enemies":"Snake Plant","floor":22,"turns":2}],"seed_played":"-1457512247640673930","potions_obtained":[{"floor":1.0,"key":"LiquidMemories"},{"floor":5.0,"key":"Ancient Potion"},{"floor":10,"key":"Fruit Juice"},{"floor":13,"key":"PotionOfCapacity"},{"floor":17,"key":"Weak Potion"}],"is_trial":false,"path_per_floor":["M","?","?","M","M","R","E","R","T","M","?","M","M","$","R","B",null,"M","M","$","M","M"],"character_chosen":"DEFECT","items_purchased":["Gash","Oddly Smooth Stone","Leap","Apotheosis","FearPotion"],"campfire_rested":0,"item_purchase_floors":[14,14,14,20,20],"current_hp_per_floor":[64,64,57,57,57,57,36,36,36,25,25,23,18,18,18,12,60,33,33,33,15,0,0],"gold":51,"neow_bonus":"THREE_ENEMY_KILL","is_daily":false,"chose_seed":false,"campfire_upgraded":3,"win_rate":0.0,"timestamp":1609195082,"path_taken":["M","?","?","M","M","R","E","R","T","M","?","?","M","$","R","BOSS","M","M","$","M","M"],"items_purchased_type":["Card","Relic","Card","Card","Potion"],"build_version":"2020-12-22","purchased_purges":1,"victory":false,"max_hp_per_floor":[71,64,64,64,64,64,64,64,64,64,64,64,69,69,69,69,74,74,74,74,74,74,74],"relic_stats":{"counters":[12,43],"Golden Idol":72,"Bronze Scales":[120],"obtain_stats":[{"Tiny House":17,"NeowsBlessing":0,"Golden Idol":2,"Bronze Scales":7,"Oddly Smooth Stone":14,"Cracked Core":0},{"Tiny House":8,"NeowsBlessing":0,"Golden Idol":1,"Bronze Scales":4,"Oddly Smooth Stone":7,"Cracked Core":0},{"Tiny House":29,"NeowsBlessing":0,"Golden Idol":1,"Bronze Scales":7,"Oddly Smooth Stone":19,"Cracked Core":0}]},"card_choices":[{"not_picked":["Auto Shields","Steam"],"picked":"Reinforced Body","floor":1.0},{"not_picked":["Barrage","Capacitor"],"picked":"Go for the Eyes","floor":4.0},{"not_picked":["Beam Cell","Fusion"],"picked":"Melter","floor":5.0},{"not_picked":["White Noise","Hologram"],"picked":"Chaos","floor":7.0},{"not_picked":["Go for the Eyes","Conserve Battery"],"picked":"Gash","floor":10},{"not_picked":["Auto Shields","Stack","Static Discharge"],"picked":"SKIP","floor":12},{"not_picked":["Chaos","Barrage"],"picked":"Defragment","floor":13},{"not_picked":["Buffer","Meteor Strike"],"picked":"Electrodynamics","floor":16},{"not_picked":["Gash","Steam"],"picked":"Cold Snap","floor":17},{"not_picked":["Stack","Streamline+1"],"picked":"Glacier","floor":18},{"not_picked":["White Noise","Chaos"],"picked":"Compile Driver","floor":19},{"not_picked":["Heatsinks+1","White Noise","Blizzard"],"picked":"SKIP","floor":21}],"player_experience":3636702,"relics_obtained":[{"floor":7.0,"key":"Bronze Scales"}],"event_choices":[{"damage_healed":0.0,"max_hp_gain":0.0,"max_hp_loss":7.0,"gold_gain":0.0,"event_name":"Golden Idol","player_choice":"Lose Max HP","floor":2.0,"gold_loss":0.0,"damage_taken":0.0,"relics_obtained":["Golden Idol"]},{"cards_removed":["Strike_B"],"damage_healed":0.0,"max_hp_gain":0.0,"max_hp_loss":0.0,"gold_gain":0.0,"event_name":"Golden Wing","player_choice":"Card Removal","floor":3.0,"gold_loss":0.0,"damage_taken":7.0},{"damage_healed":0,"gold_gain":100,"player_choice":"Gold","damage_taken":0,"max_hp_gain":0,"max_hp_loss":0,"event_name":"Wheel of Change","floor":11,"gold_loss":0}],"is_beta":false,"boss_relics":[{"not_picked":["Fusion Hammer","Ectoplasm"],"picked":"Tiny House"}],"items_purged_floors":[14],"is_endless":false,"potions_floor_spawned":[1,5,10,13],"killed_by":"Snake Plant","ascension_level":20}}