{"host":"l84l8xigz5v5foa2","time":1609179982,"event":{"mods":["2.2 Compatiblity","AchievementEnabler","BaseMod","Better Note","Better Vampires","Card Filter","Colored Map","DeckTracker","Downfall","Gremlin Skip","Highlight Path","Keyboard Shortcuts","Minty Spire (QoL Compilation)","Permanent Neow","Quick Restart","Relic Filter","Relic Stats","StSLib","SuperFastMode","Transform Curses","Unknown Chances"],"gold_per_floor":[99,112,132,282,282,282,282,192,192,217,102,112,112,123,134,231,231,231,249,249,249,268,298,375,375,395,407,407,507,518,21,41,140,140,440,457,557,198,248,248,294,219,250,265,293,293,143,153,167,167,167,196,21,21,21],"floor_reached":56,"playtime":4915,"items_purged":["Slimebound:Icky","champ:Strike","champ:Strike","champ:Defend","champ:Strike"],"score":2500,"play_id":"bdd1f142-2fc5-4117-8bcf-b0db343c3bf7","local_time":"20201229032622","is_ascension_mode":true,"campfire_choices":[{"data":"champ:Taunt","floor":1.0,"key":"SMITH"},{"data":"champ:GutPunch","floor":9.0,"key":"SMITH"},{"data":"champ:Improvising","floor":13.0,"key":"SMITH"},{"data":"champ:Control","floor":18,"key":"SMITH"},{"data":"expansioncontent:Corrupt","floor":25,"key":"SMITH"},{"data":"champ:AdrenalArmor","floor":28,"key":"SMITH"},{"data":"champ:VampiricStrike","floor":35,"key":"SMITH"},{"floor":42,"key":"RECALL"},{"data":"champ:Execute","floor":47,"key":"PURGE"},{"data":"champ:Strike","floor":54,"key":"PURGE"}],"circlet_count":0,"master_deck":["AscendersBane","champ:Defend+1","champ:Defend+1","champ:Defend","champ:Taunt+1","expansioncontent:Corrupt+1","champ:Lariat+1","champ:GutPunch+1","champ:AdrenalArmor+1","champ:BerserkerStyle","champ:Improvising+1","champ:Shatter+1","champ:Control+1","champ:GladiatorsShout+1","champ:VampiricStrike+1","champ:BringItOn+1","champ:EnchantCrown","expansioncontent:CaCaw"],"relics":["champ:ChampionCrown","downfall:ShatteredFragment","War Paint","Akabeko","Coffee Dripper","CaptainsWheel","Mummified Hand","downfall:GremlinWheel","Toy Ornithopter","Happy Flower","Runic Pyramid","downfall:GremlinWheel","Kunai","Bag of Preparation","Peace Pipe","downfall:HeartBlessingBlue","Blood Vial","hexamod:BolsterEngine","downfall:HeartBlessingRed","downfall:HeartBlessingGreen","Anchor"],"acts_visited":["Exordium","TheCity","TheBeyond","TheEnding"],"potions_floor_usage":[16,16,31,32,33,43,55,55],"damage_taken":[{"damage":10.0,"enemies":"Small Slimes","floor":2.0,"turns":4.0},{"damage":10.0,"enemies":"2 Louse","floor":3.0,"turns":4.0},{"damage":10.0,"enemies":"downfall:FleeingMerchant","floor":8.0,"turns":4.0},{"damage":27.0,"enemies":"Gremlin Nob","floor":10.0,"turns":4.0},{"damage":31.0,"enemies":"downfall:FleeingMerchant","floor":11.0,"turns":4.0},{"damage":9.0,"enemies":"Cultist","floor":12.0,"turns":2.0},{"damage":24.0,"enemies":"Large Slime","floor":14.0,"turns":5.0},{"damage":4.0,"enemies":"Lots of Slimes","floor":15.0,"turns":3.0},{"damage":54,"enemies":"downfall:Silent","floor":16,"turns":6},{"damage":37,"enemies":"Shell Parasite","floor":19,"turns":4},{"damage":62,"enemies":"Shelled Parasite and Fungi","floor":22,"turns":5},{"damage":53,"enemies":"Gremlin Leader","floor":23,"turns":5},{"damage":8,"enemies":"Snake Plant","floor":26,"turns":3},{"damage":38,"enemies":"Centurion and Healer","floor":27,"turns":4},{"damage":29,"enemies":"Centurion and Healer","floor":29,"turns":3},{"damage":9,"enemies":"Sentry and Sphere","floor":30,"turns":3},{"damage":24,"enemies":"downfall:FleeingMerchant","floor":31,"turns":4},{"damage":14,"enemies":"Shelled Parasite and Fungi","floor":32,"turns":3},{"damage":50,"enemies":"downfall:Watcher","floor":33,"turns":8},{"damage":27,"enemies":"3 Shapes","floor":36,"turns":6},{"damage":33,"enemies":"3 Shapes","floor":37,"turns":3},{"damage":5,"enemies":"downfall:FleeingMerchant","floor":38,"turns":3},{"damage":55,"enemies":"Mind Bloom Boss Battle","floor":39,"turns":6},{"damage":48,"enemies":"Reptomancer","floor":43,"turns":5},{"damage":5,"enemies":"Orb Walker","floor":44,"turns":2},{"damage":40,"enemies":"Nemesis","floor":45,"turns":7},{"damage":42,"enemies":"Spire Growth","floor":48,"turns":4},{"damage":40,"enemies":"4 Shapes","floor":49,"turns":5},{"damage":52,"enemies":"downfall:Ironclad","floor":50,"turns":9},{"damage":59,"enemies":"downfall:CharBossMerchant","floor":52,"turns":7},{"damage":203,"enemies":"downfall:NeowBoss","floor":55,"turns":12}],"seed_played":"7368272794706570410","potions_obtained":[{"floor":2.0,"key":"DuplicationPotion"},{"floor":15.0,"key":"PowerPotion"},{"floor":16,"key":"SmokeBomb"},{"floor":23,"key":"Weak Potion"},{"floor":29,"key":"Swift Potion"},{"floor":33,"key":"SmokeBomb"},{"floor":36,"key":"champ:CounterPotion"},{"floor":37,"key":"GamblersBrew"},{"floor":39,"key":"PowerPotion"},{"floor":43,"key":"Dexterity Potion"},{"floor":48,"key":"SpeedPotion"}],"is_trial":false,"path_per_floor":["R","M","M","?","?","?","T","$","R","E","$","M","R","M","M","B",null,"R","M","?","?","M","E","T","R","M","M","R","?","M","$","M","B",null,"R","M","?","$","?","?","T","R","E","M","E","?","R","M","M","B",null,"E","$","R","B",null],"character_chosen":"THE_CHAMP","items_purchased":["Toy Ornithopter","Happy Flower","Energy Potion","Kunai","Bag of Preparation","champ:EnchantCrown"],"campfire_rested":0,"item_purchase_floors":[31,31,31,38,38,38],"current_hp_per_floor":[81,81,81,81,54,54,54,54,54,46,44,44,44,44,40,40,71,71,65,65,65,38,35,35,35,35,35,35,25,25,25,21,26,67,67,81,65,77,81,81,81,91,91,91,91,91,91,91,91,91,91,91,91,91,91],"gold":21,"neow_bonus":"RANDOM_COLORLESS_2","is_daily":false,"chose_seed":false,"campfire_upgraded":7,"win_rate":0.0,"timestamp":1609179982,"path_taken":["R","M","M","?","?","?","T","$","R","E","$","M","R","?","M","BOSS","R","M","?","?","?","E","T","R","M","M","R","?","?","?","M","BOSS","R","M","?","?","?","?","T","R","E","M","E","?","R","M","M","BOSS","E","$","R","BOSS"],"items_purchased_type":["Relic","Relic","Potion","Relic","Relic","Card"],"build_version":"2020-12-22","purchased_purges":5,"victory":true,"max_hp_per_floor":[81,81,81,81,81,81,81,81,81,81,81,81,81,81,81,81,81,81,81,81,81,81,81,81,81,81,81,81,81,81,81,81,81,81,81,81,81,81,81,81,81,91,91,91,91,91,91,91,91,91,91,91,91,91,91],"relic_stats":{"Peace Pipe":3,"Blood Vial":0,"Happy Flower":[27],"counters":[31,147],"Mummified Hand":[68],"Bag of Preparation":[18],"Kunai":[46],"War Paint":["champ:Defend","champ:Defend"],"obtain_stats":[{"downfall:ShatteredFragment":5,"Happy Flower":31,"downfall:HeartBlessingRed":47,"champ:ChampionCrown":0,"downfall:HeartBlessingGreen":47,"Bag of Preparation":38,"War Paint":7,"Akabeko":10,"Peace Pipe":39,"Blood Vial":43,"CaptainsWheel":23,"Anchor":52,"downfall:GremlinWheel":29,"Mummified Hand":24,"downfall:HeartBlessingBlue":42,"Coffee Dripper":17,"Kunai":38,"hexamod:BolsterEngine":45,"Toy Ornithopter":31,"Runic Pyramid":34},{"downfall:ShatteredFragment":2,"Happy Flower":17,"downfall:HeartBlessingRed":26,"champ:ChampionCrown":0,"downfall:HeartBlessingGreen":26,"Bag of Preparation":22,"War Paint":2,"Akabeko":4,"Peace Pipe":23,"Blood Vial":24,"CaptainsWheel":12,"Anchor":30,"downfall:GremlinWheel":15,"Mummified Hand":12,"downfall:HeartBlessingBlue":23,"Coffee Dripper":9,"Kunai":22,"hexamod:BolsterEngine":26,"Toy Ornithopter":17,"Runic Pyramid":19},{"downfall:ShatteredFragment":8,"Happy Flower":67,"downfall:HeartBlessingRed":110,"champ:ChampionCrown":0,"downfall:HeartBlessingGreen":110,"Bag of Preparation":90,"War Paint":8,"Akabeko":16,"Peace Pipe":96,"Blood Vial":101,"CaptainsWheel":50,"Anchor":135,"downfall:GremlinWheel":60,"Mummified Hand":50,"downfall:HeartBlessingBlue":96,"Coffee Dripper":36,"Kunai":90,"hexamod:BolsterEngine":110,"Toy Ornithopter":67,"Runic Pyramid":78}],"Toy Ornithopter":20},"card_choices":[{"not_picked":["Transmutation","Panache"],"picked":"expansioncontent:Corrupt","floor":0.0},{"not_picked":["champ:Backstep","champ:HeartStrike"],"picked":"champ:Lariat","floor":2.0},{"not_picked":["champ:RecklessLeap","champ:FanOfKnives","champ:RageSigil"],"picked":"SKIP","floor":3.0},{"not_picked":["champ:TornadoPunch","champ:Encircle"],"picked":"champ:GutPunch","floor":8.0},{"not_picked":["champ:Lariat","champ:TornadoPunch"],"picked":"champ:AdrenalArmor","floor":10.0},{"not_picked":["champ:FanOfKnives","champ:Duel"],"picked":"champ:BerserkerStyle","floor":11.0},{"not_picked":["champ:RageSigil","champ:StanceDance"],"picked":"champ:Improvising","floor":12.0},{"not_picked":["champ:DeathBlow","champ:ShieldSigil"],"picked":"champ:Shatter","floor":14.0},{"not_picked":["champ:SkillfulDodge","champ:CrookedStrike"],"picked":"champ:Control","floor":15.0},{"not_picked":["champ:CrookedStrike","champ:RisingSlash"],"picked":"champ:GladiatorsShout+1","floor":19},{"not_picked":["champ:AdrenalArmor","champ:RecklessLeap","champ:RageSigil"],"picked":"SKIP","floor":22},{"not_picked":["champ:SkillfulDodge","champ:DefensiveShout","champ:ShieldThrow"],"picked":"SKIP","floor":23},{"not_picked":["champ:TornadoPunch","champ:FanOfKnives+1","champ:Shatter"],"picked":"SKIP","floor":26},{"not_picked":["champ:Aggression","champ:BerserkersShout","champ:IronFortress+1"],"picked":"SKIP","floor":27},{"not_picked":["champ:Aggression","champ:BerserkersShout"],"picked":"champ:IronFortress+1","floor":27},{"not_picked":["champ:CrookedStrike+1","champ:Circumvent","champ:EnGarde"],"picked":"SKIP","floor":30},{"not_picked":["champ:CrookedStrike+1","champ:Circumvent","champ:EnGarde"],"picked":"SKIP","floor":30},{"not_picked":["champ:CalledShot+1","champ:Circumvent","champ:AdrenalArmor"],"picked":"SKIP","floor":31},{"not_picked":["champ:TornadoPunch","champ:BladeFlurry","champ:CrownThrow"],"picked":"SKIP","floor":32},{"not_picked":["champ:HeavySlash","champ:HoldFirm"],"picked":"champ:VampiricStrike","floor":33},{"not_picked":["champ:Haymaker+1","champ:Backstep","champ:RageSigil+1"],"picked":"SKIP","floor":36},{"not_picked":["champ:SwordSigil","champ:BerserkersShout+1"],"picked":"champ:BringItOn+1","floor":38},{"not_picked":["expansioncontent:AwakenDeath","expansioncontent:DefensiveMode"],"picked":"expansioncontent:CaCaw","floor":40},{"not_picked":["champ:Control","champ:RisingSlash","champ:BerserkersShout"],"picked":"SKIP","floor":43},{"not_picked":["champ:Control","champ:RisingSlash","champ:BerserkersShout"],"picked":"SKIP","floor":43},{"not_picked":["champ:AdrenalArmor","champ:Haymaker","champ:Devastate"],"picked":"SKIP","floor":44},{"not_picked":["champ:ArenaPreparation","champ:BladeFlurry","champ:FocusedDefense"],"picked":"SKIP","floor":45},{"not_picked":["champ:StanceDance","champ:FanOfKnives","champ:DefensiveShout+1"],"picked":"SKIP","floor":48},{"not_picked":["champ:PerfectedStrike+1","champ:SkillfulDodge","champ:DefensiveShout+1"],"picked":"SKIP","floor":49},{"not_picked":["champ:FightOn","champ:FaceSlap","champ:Circumvent+1"],"picked":"SKIP","floor":52}],"player_experience":2761211,"relics_obtained":[{"floor":7.0,"key":"War Paint"},{"floor":10.0,"key":"Akabeko"},{"floor":23,"key":"CaptainsWheel"},{"floor":24,"key":"Mummified Hand"},{"floor":29,"key":"downfall:GremlinWheel"},{"floor":37,"key":"downfall:GremlinWheel"},{"floor":39,"key":"Peace Pipe"},{"floor":43,"key":"Blood Vial"},{"floor":45,"key":"hexamod:BolsterEngine"},{"floor":52,"key":"Anchor"}],"event_choices":[{"damage_healed":0.0,"max_hp_gain":0.0,"max_hp_loss":0.0,"gold_gain":0.0,"event_name":"Upgrade Shrine","player_choice":"Upgraded","floor":6.0,"gold_loss":0.0,"damage_taken":0.0,"cards_upgraded":["champ:Lariat"]},{"damage_healed":0,"gold_gain":0,"player_choice":"Ignored","damage_taken":0,"max_hp_gain":0,"max_hp_loss":0,"event_name":"Vampires","floor":20,"gold_loss":0},{"damage_healed":0,"gold_gain":0,"player_choice":"Upgraded","damage_taken":0,"max_hp_gain":0,"max_hp_loss":0,"event_name":"Upgrade Shrine","floor":21,"gold_loss":0,"cards_upgraded":["champ:Shatter"]},{"damage_healed":0,"gold_gain":300,"player_choice":"Gold","damage_taken":0,"max_hp_gain":0,"max_hp_loss":0,"event_name":"Wheel of Change","floor":35,"gold_loss":0},{"cards_removed":["champ:IronFortress"],"damage_healed":0,"gold_gain":0,"player_choice":"Removed Power","damage_taken":0,"max_hp_gain":0,"max_hp_loss":0,"event_name":"Falling","floor":46,"gold_loss":0}],"is_beta":false,"boss_relics":[{"not_picked":["champ:ChampionCrownUpgraded","Calling Bell"],"picked":"Coffee Dripper"},{"not_picked":["sneckomod:SneckoTalon","Busted Crown"],"picked":"Runic Pyramid"}],"items_purged_floors":[8,11,31,38,53],"is_endless":false,"potions_floor_spawned":[2,15,16,23,29,33,36,37,39,43,48],"ascension_level":10}}