{"host":"6za4ayowsop7ft3x","time":1609172085,"event":{"mods":["AchievementEnabler","BaseMod","Bestiary","Colored Map","Colored Powertips","Curses Come First","Downfall","Highlight Path","Minty Spire (QoL Compilation)","Quick Restart","StSLib"],"gold_per_floor":[113,65,82,94,94,94,109,140,140,140,11,45,45,56,56,156,156,170,170,187,19,19,19,54,71,121,133,158,170,196,224,236,248,248],"floor_reached":33,"playtime":2331,"items_purged":[],"score":277,"play_id":"a50ccbab-2146-44c4-b750-42e1af88a406","local_time":"20201229001445","is_ascension_mode":false,"campfire_choices":[{"data":"A Thousand Cuts","floor":6,"key":"SMITH"},{"floor":10,"key":"REST"},{"floor":13,"key":"REST"},{"floor":15,"key":"REST"},{"floor":23,"key":"REST"},{"floor":29,"key":"REST"},{"floor":32,"key":"REST"}],"circlet_count":0,"master_deck":["Strike_G","Strike_G","Strike_G","Strike_G","Strike_G","Defend_G","Defend_G","Defend_G","Defend_G","Defend_G","Survivor","Neutralize","Dagger Throw","A Thousand Cuts+1","Flying Knee","Footwork","Crippling Poison","Noxious Fumes+1","Footwork+1","Dagger Spray","After Image+1","Dagger Spray+1","Masterful Stab+1","Magnetism+1","Quick Slash+1","PiercingWail","Crippling Poison","Leg Sweep","Dodge and Roll"],"relics":["Ring of the Snake","NeowsBlessing","Letter Opener","Frozen Egg 2","Mummified Hand","Philosopher\u0027s Stone","Darkstone Periapt","MawBank","Eternal Feather"],"acts_visited":["Exordium","TheCity"],"potions_floor_usage":[24,24,28,33],"damage_taken":[{"damage":0,"enemies":"Jaw Worm","floor":1,"turns":1},{"damage":0,"enemies":"2 Louse","floor":3,"turns":1},{"damage":0,"enemies":"Small Slimes","floor":4,"turns":1},{"damage":26,"enemies":"Gremlin Gang","floor":7,"turns":5},{"damage":30,"enemies":"Lagavulin","floor":8,"turns":8},{"damage":21,"enemies":"3 Sentries","floor":12,"turns":6},{"damage":9,"enemies":"Large Slime","floor":14,"turns":6},{"damage":33,"enemies":"The Guardian","floor":16,"turns":9},{"damage":9,"enemies":"3 Byrds","floor":18,"turns":4},{"damage":22,"enemies":"2 Thieves","floor":20,"turns":4},{"damage":43,"enemies":"Gremlin Leader","floor":24,"turns":6},{"damage":3,"enemies":"Cultist and Chosen","floor":25,"turns":5},{"damage":10,"enemies":"Shelled Parasite and Fungi","floor":28,"turns":5},{"damage":18,"enemies":"Snecko","floor":30,"turns":5},{"damage":9,"enemies":"Cultist and Chosen","floor":31,"turns":6},{"damage":50,"enemies":"Collector","floor":33,"turns":7}],"seed_played":"8402976052591436180","potions_obtained":[{"floor":3,"key":"SkillPotion"},{"floor":12,"key":"AttackPotion"},{"floor":14,"key":"GhostInAJar"},{"floor":16,"key":"PowerPotion"},{"floor":24,"key":"GamblersBrew"}],"is_trial":false,"path_per_floor":["M","?","M","M","?","R","M","E","T","R","$","E","R","M","R","B",null,"M","?","M","$","?","R","E","M","T","?","M","R","M","M","R","B"],"character_chosen":"THE_SILENT","items_purchased":["Noxious Fumes+1","SteroidPotion","Magnetism+1"],"campfire_rested":6,"item_purchase_floors":[11,11,21],"current_hp_per_floor":[70,70,70,70,70,70,44,14,14,35,35,14,35,26,47,14,70,61,61,39,39,39,60,17,14,14,14,4,40,22,13,49,0,0],"gold":248,"neow_bonus":"THREE_ENEMY_KILL","is_daily":false,"chose_seed":false,"campfire_upgraded":1,"win_rate":0.0,"timestamp":1609172085,"path_taken":["M","?","M","M","?","R","M","E","T","R","$","E","R","M","R","BOSS","M","?","M","$","?","R","E","M","T","?","M","R","M","M","R","BOSS"],"items_purchased_type":["Card","Potion","Card"],"build_version":"2020-12-22","purchased_purges":0,"victory":false,"max_hp_per_floor":[70,70,70,70,70,70,70,70,70,70,70,70,70,70,70,70,70,70,70,70,70,70,70,70,70,70,70,70,70,70,70,70,70,70],"card_choices":[{"not_picked":["Sucker Punch","Slice"],"picked":"Dagger Throw","floor":1},{"not_picked":["Backstab","Bane"],"picked":"A Thousand Cuts","floor":3},{"not_picked":["Backflip","Bane"],"picked":"Flying Knee","floor":4},{"not_picked":["Sucker Punch","Slice"],"picked":"Footwork","floor":7},{"not_picked":["Underhanded Strike","Deflect"],"picked":"Crippling Poison","floor":8},{"not_picked":["Bane","Underhanded Strike"],"picked":"Footwork+1","floor":12},{"not_picked":["Dodge and Roll","Poisoned Stab"],"picked":"Dagger Spray","floor":14},{"not_picked":["Doppelganger","Bullet Time"],"picked":"After Image+1","floor":16},{"not_picked":["Acrobatics","Slice"],"picked":"Dagger Spray+1","floor":18},{"not_picked":["Blur","Dash"],"picked":"Masterful Stab+1","floor":20},{"not_picked":["Blade Dance","Dagger Throw+1"],"picked":"Quick Slash+1","floor":24},{"not_picked":["Blade Dance","Prepared"],"picked":"PiercingWail","floor":25},{"not_picked":["Predator","Poisoned Stab"],"picked":"Crippling Poison","floor":28},{"not_picked":["All Out Attack","Escape Plan"],"picked":"Leg Sweep","floor":30},{"not_picked":["Predator","Flechettes"],"picked":"Dodge and Roll","floor":31}],"player_experience":11348,"relics_obtained":[{"floor":8,"key":"Letter Opener"},{"floor":9,"key":"Frozen Egg 2"},{"floor":12,"key":"Mummified Hand"},{"floor":24,"key":"Darkstone Periapt"},{"floor":26,"key":"MawBank"},{"floor":27,"key":"Eternal Feather"}],"event_choices":[{"damage_healed":0,"gold_gain":0,"player_choice":"Left Gold","damage_taken":0,"max_hp_gain":0,"max_hp_loss":0,"event_name":"World of Goop","floor":2,"gold_loss":48},{"damage_healed":0,"gold_gain":0,"player_choice":"Ignored","damage_taken":0,"max_hp_gain":0,"max_hp_loss":0,"event_name":"Golden Wing","floor":5,"gold_loss":0},{"damage_healed":0,"gold_gain":0,"player_choice":"Ignored","damage_taken":0,"max_hp_gain":0,"max_hp_loss":0,"event_name":"Ghosts","floor":19,"gold_loss":0},{"damage_healed":0,"gold_gain":0,"player_choice":"Relic","damage_taken":0,"max_hp_gain":0,"max_hp_loss":0,"event_name":"Wheel of Change","floor":27,"gold_loss":0}],"is_beta":false,"boss_relics":[{"not_picked":["Ectoplasm","Coffee Dripper"],"picked":"Philosopher\u0027s Stone"}],"items_purged_floors":[],"is_endless":false,"potions_floor_spawned":[3,12,14,16,18,24],"killed_by":"Collector","ascension_level":0}}