{"host":"szp1d6dso4pv7ddl","time":1609126698,"event":{"mods":["AchievementEnabler","Alarm Clock","BaseMod","Bestiary","Block Reminder","Colored Map","Colored Powertips","Curses Come First","Displayed Cursed Tome","Highlight Path","Minty Spire (QoL Compilation)","Permanent Neow","Quick Restart","Relic Sorter","Relic Stats","StSLib","Synergy Search"],"gold_per_floor":[110,110,124,136,136,162,162,195,244,272,272,291,466,488,488,565,565,576,576,576,235,247,247,278,289,289,289,289,309,110,110,110,187,187,204,215,226,9,54,54,54,54,130,130,158,158,190,65,65,65],"floor_reached":51,"playtime":3107,"items_purged":["Bane","Dagger Spray","Poisoned Stab"],"score":1332,"play_id":"becbcd75-31b5-4f56-bbb3-38ec30fed733","local_time":"20201227193818","is_ascension_mode":true,"campfire_choices":[{"data":"Neutralize","floor":7.0,"key":"SMITH"},{"data":"Burst","floor":11.0,"key":"SMITH"},{"data":"Venomology","floor":15.0,"key":"SMITH"},{"data":"Acrobatics","floor":23.0,"key":"SMITH"},{"floor":27.0,"key":"REST"},{"data":"Bullet Time","floor":32.0,"key":"SMITH"},{"data":"Catalyst","floor":40,"key":"SMITH"},{"data":"Catalyst","floor":44,"key":"SMITH"},{"data":"Bullet Time","floor":46,"key":"SMITH"},{"data":"Corpse Explosion","floor":49,"key":"SMITH"}],"circlet_count":0,"master_deck":["AscendersBane","Survivor","Neutralize+1","Venomology+1","Storm of Steel+1","Catalyst+1","Cloak And Dagger","Underhanded Strike","Backstab","Predator","Acrobatics+1","Catalyst+1","Dagger Throw","Underhanded Strike","Underhanded Strike","Burst+1","Prepared","Corpse Explosion+1","Deadly Poison","Necronomicurse","Deadly Poison","Leg Sweep","Bullet Time+1","Dodge and Roll","Deadly Poison","Bullet Time+1","Crippling Poison","Underhanded Strike+1","Underhanded Strike","Poisoned Stab"],"relics":["Pandora\u0027s Box","Letter Opener","Ornamental Fan","Eternal Feather","Bag of Marbles","Lantern","HornCleat","Odd Mushroom","Empty Cage","Necronomicon","Bottled Lightning","TungstenRod","GremlinMask","Busted Crown","Strange Spoon","Calipers","Pantograph","Ninja Scroll","Bottled Flame"],"acts_visited":["Exordium","TheCity","TheBeyond"],"potions_floor_usage":[33,35,37,39,39,47,50,50],"damage_taken":[{"damage":6.0,"enemies":"2 Louse","floor":1.0,"turns":2.0},{"damage":0.0,"enemies":"Cultist","floor":3.0,"turns":3.0},{"damage":0.0,"enemies":"Small Slimes","floor":4.0,"turns":2.0},{"damage":21.0,"enemies":"Lagavulin","floor":6.0,"turns":5.0},{"damage":5.0,"enemies":"Gremlin Nob","floor":8.0,"turns":3.0},{"damage":0.0,"enemies":"Lagavulin","floor":10.0,"turns":2.0},{"damage":0.0,"enemies":"Exordium Wildlife","floor":12.0,"turns":2.0},{"damage":0.0,"enemies":"The Mushroom Lair","floor":14.0,"turns":2.0},{"damage":18.0,"enemies":"Hexaghost","floor":16.0,"turns":7.0},{"damage":8.0,"enemies":"Chosen","floor":18.0,"turns":4.0},{"damage":0.0,"enemies":"Spheric Guardian","floor":22.0,"turns":2.0},{"damage":42.0,"enemies":"Gremlin Leader","floor":24.0,"turns":6.0},{"damage":18.0,"enemies":"Snake Plant","floor":25.0,"turns":2.0},{"damage":0.0,"enemies":"Centurion and Healer","floor":29.0,"turns":3.0},{"damage":23,"enemies":"Automaton","floor":33,"turns":5},{"damage":0,"enemies":"3 Darklings","floor":35,"turns":1},{"damage":0,"enemies":"Orb Walker","floor":36,"turns":3},{"damage":3,"enemies":"Spire Growth","floor":37,"turns":3},{"damage":8,"enemies":"2 Orb Walkers","floor":39,"turns":2},{"damage":11,"enemies":"Reptomancer","floor":45,"turns":4},{"damage":0,"enemies":"Giant Head","floor":47,"turns":2},{"damage":51,"enemies":"Time Eater","floor":50,"turns":5}],"seed_played":"6724611447870034363","potions_obtained":[{"floor":3.0,"key":"DistilledChaos"},{"floor":4.0,"key":"CunningPotion"},{"floor":10.0,"key":"DistilledChaos"},{"floor":12.0,"key":"Explosive Potion"},{"floor":33,"key":"DistilledChaos"},{"floor":37,"key":"Strength Potion"},{"floor":39,"key":"Regen Potion"}],"is_trial":false,"path_per_floor":["M","?","M","M","?","E","R","E","T","E","R","M","?","?","R","B",null,"M","?","?","$","M","R","E","M","T","R","?","M","$","?","R","B",null,"M","M","M","$","?","R","?","T","T","R","E","R","E","$","R","B",null],"character_chosen":"THE_SILENT","items_purchased":["Letter Opener","Deadly Poison","Poisoned Stab","Deadly Poison","Crippling Poison","Strange Spoon"],"campfire_rested":1,"item_purchase_floors":[21,21,30,30,38,38],"current_hp_per_floor":[57,57,57,57,62,41,50,45,45,45,54,54,54,54,66,48,68,60,75,59,59,59,71,29,11,11,48,48,48,48,48,63,40,66,66,66,63,63,55,70,70,70,70,75,64,75,75,75,75,36],"gold":65,"neow_bonus":"BOSS_RELIC","is_daily":false,"chose_seed":false,"campfire_upgraded":9,"win_rate":0.0,"timestamp":1609126698,"path_taken":["M","?","?","M","?","E","R","E","T","E","R","M","?","?","R","BOSS","M","?","?","?","M","R","E","M","T","R","?","?","$","?","R","BOSS","M","?","M","$","?","R","?","?","T","R","E","R","E","$","R","BOSS"],"items_purchased_type":["Relic","Card","Card","Card","Card","Relic"],"build_version":"2020-12-22","purchased_purges":3,"victory":true,"max_hp_per_floor":[70,70,70,70,75,75,75,75,75,75,75,75,75,75,75,75,75,75,75,75,75,75,75,75,75,75,75,75,75,75,75,75,75,75,75,75,75,75,75,75,75,75,75,75,75,75,75,75,75,75],"relic_stats":{"Strange Spoon":[18],"Busted Crown":14,"counters":[22,70],"Ornamental Fan":[12],"Pantograph":0,"Pandora\u0027s Box":["Riddle With Holes","Venomology","Storm of Steel","Catalyst","Cloak And Dagger","Underhanded Strike","Backstab","Predator","Acrobatics","Catalyst"],"Eternal Feather":103,"Necronomicon":[19],"Letter Opener":[195],"obtain_stats":[{"Lantern":9,"Calipers":39,"Eternal Feather":6,"GremlinMask":31,"Letter Opener":21,"Odd Mushroom":14,"Empty Cage":17,"Strange Spoon":38,"Bottled Flame":45,"HornCleat":10,"Busted Crown":34,"Ninja Scroll":43,"Ornamental Fan":47,"Pantograph":42,"Pandora\u0027s Box":0,"Bag of Marbles":8,"Necronomicon":20,"Bottled Lightning":24,"TungstenRod":26,"Ring of the Snake":0},{"Lantern":5,"Calipers":19,"Eternal Feather":4,"GremlinMask":14,"Letter Opener":10,"Odd Mushroom":8,"Empty Cage":9,"Strange Spoon":18,"Bottled Flame":20,"HornCleat":6,"Busted Crown":15,"Ninja Scroll":19,"Ornamental Fan":21,"Pantograph":19,"Pandora\u0027s Box":0,"Bag of Marbles":5,"Necronomicon":10,"Bottled Lightning":12,"TungstenRod":13,"Ring of the Snake":0},{"Lantern":15,"Calipers":59,"Eternal Feather":12,"GremlinMask":45,"Letter Opener":32,"Odd Mushroom":21,"Empty Cage":28,"Strange Spoon":57,"Bottled Flame":63,"HornCleat":17,"Busted Crown":50,"Ninja Scroll":59,"Ornamental Fan":65,"Pantograph":59,"Pandora\u0027s Box":0,"Bag of Marbles":15,"Necronomicon":32,"Bottled Lightning":40,"TungstenRod":42,"Ring of the Snake":0}],"TungstenRod":14},"card_choices":[{"not_picked":["Slice","Well Laid Plans"],"picked":"Dagger Throw","floor":1.0},{"not_picked":["Caltrops","Catalyst"],"picked":"Underhanded Strike","floor":3.0},{"not_picked":["Dodge and Roll","Calculated Gamble"],"picked":"Underhanded Strike","floor":4.0},{"not_picked":["Deflect","Leg Sweep"],"picked":"Dagger Spray","floor":6.0},{"not_picked":["Finisher","Caltrops"],"picked":"Bane","floor":8.0},{"not_picked":["Blur","Dagger Spray"],"picked":"Burst","floor":10.0},{"not_picked":["Underhanded Strike","Accuracy"],"picked":"Prepared","floor":12.0},{"not_picked":["Tools of the Trade","A Thousand Cuts"],"picked":"Corpse Explosion","floor":16.0},{"not_picked":["Slice+1","Accuracy"],"picked":"Deadly Poison","floor":18.0},{"not_picked":["Eviscerate+1","Acrobatics"],"picked":"Leg Sweep","floor":22.0},{"not_picked":["Poisoned Stab","Dash"],"picked":"Bullet Time","floor":24.0},{"not_picked":["PiercingWail","Accuracy"],"picked":"Dodge and Roll","floor":25.0},{"not_picked":["Outmaneuver","Flechettes","Dodge and Roll"],"picked":"SKIP","floor":29.0},{"not_picked":["Doppelganger","Malaise"],"picked":"Bullet Time","floor":33},{"not_picked":["Blade Dance"],"picked":"SKIP","floor":35},{"not_picked":["Flechettes"],"picked":"SKIP","floor":36},{"not_picked":["Sucker Punch+1"],"picked":"SKIP","floor":37},{"not_picked":[],"picked":"Underhanded Strike+1","floor":39},{"not_picked":[],"picked":"Underhanded Strike","floor":45},{"not_picked":[],"picked":"Poisoned Stab","floor":47}],"player_experience":1041244,"relics_obtained":[{"floor":6.0,"key":"Eternal Feather"},{"floor":8.0,"key":"Bag of Marbles"},{"floor":9.0,"key":"Lantern"},{"floor":10.0,"key":"HornCleat"},{"floor":14.0,"key":"Odd Mushroom"},{"floor":24.0,"key":"Bottled Lightning"},{"floor":26.0,"key":"TungstenRod"},{"floor":39,"key":"Calipers"},{"floor":42,"key":"Pantograph"},{"floor":43,"key":"Ninja Scroll"},{"floor":45,"key":"Bottled Flame"},{"floor":47,"key":"Ornamental Fan"}],"event_choices":[{"damage_healed":0.0,"max_hp_gain":0.0,"max_hp_loss":0.0,"gold_gain":0.0,"event_name":"Accursed Blacksmith","player_choice":"Forge","floor":2.0,"gold_loss":0.0,"damage_taken":0.0,"cards_upgraded":["Storm of Steel"]},{"damage_healed":0.0,"max_hp_gain":5.0,"max_hp_loss":0.0,"gold_gain":0.0,"event_name":"Big Fish","player_choice":"Donut","floor":5.0,"gold_loss":0.0,"damage_taken":0.0},{"damage_healed":0.0,"max_hp_gain":0.0,"max_hp_loss":0.0,"gold_gain":175.0,"event_name":"Liars Game","player_choice":"AGREE","floor":13.0,"gold_loss":0.0,"damage_taken":0.0,"cards_obtained":["Doubt"]},{"damage_healed":0.0,"max_hp_gain":0.0,"max_hp_loss":0.0,"gold_gain":0.0,"event_name":"Mushrooms","player_choice":"Fought Mushrooms","floor":14.0,"gold_loss":0.0,"damage_taken":0.0},{"damage_healed":25.0,"max_hp_gain":0.0,"max_hp_loss":0.0,"gold_gain":0.0,"event_name":"The Library","player_choice":"Heal","floor":19.0,"gold_loss":0.0,"damage_taken":0.0},{"damage_healed":0.0,"max_hp_gain":0.0,"max_hp_loss":0.0,"gold_gain":0.0,"event_name":"Cursed Tome","player_choice":"Obtained Book","floor":20.0,"gold_loss":0.0,"damage_taken":16.0},{"damage_healed":0.0,"max_hp_gain":0.0,"max_hp_loss":0.0,"gold_gain":0.0,"event_name":"N\u0027loth","player_choice":"Ignored","floor":28.0,"gold_loss":0.0,"damage_taken":0.0},{"damage_healed":0.0,"max_hp_gain":0.0,"max_hp_loss":0.0,"gold_gain":0.0,"event_name":"FaceTrader","player_choice":"Trade","floor":31.0,"gold_loss":0.0,"damage_taken":0.0,"relics_obtained":["GremlinMask"]},{"damage_healed":0,"gold_gain":0,"player_choice":"Fight","damage_taken":0,"max_hp_gain":0,"max_hp_loss":0,"event_name":"Mysterious Sphere","floor":39,"gold_loss":0},{"damage_healed":0,"gold_gain":0,"player_choice":"Memory 1","damage_taken":0,"max_hp_gain":0,"max_hp_loss":0,"event_name":"SensoryStone","floor":41,"gold_loss":0}],"is_beta":false,"boss_relics":[{"not_picked":["Calling Bell","Runic Pyramid"],"picked":"Empty Cage"},{"not_picked":["Runic Dome","Velvet Choker"],"picked":"Busted Crown"}],"items_purged_floors":[21,30,48],"is_endless":false,"potions_floor_spawned":[3,4,10,12,18,24,29,33,37,39,45],"ascension_level":13}}