{"host":"7nu0fnckee4tlfez","time":1609186382,"event":{"mods":["2.2 Compatiblity","AchievementEnabler","Astrologer","BaseMod","CapriCore","Colored Map","Downfall","Hermit","Lobotomy","Marisa£¨Ùöéë¡¡Øª×âÞÞ£©","Minty Spire (QoL Compilation)","Quick Restart","StSLib","SuperFastMode","The Cursed","The Hierophant","The Immortal"],"gold_per_floor":[99,129,129,189,189,189,189,139,172,122,138,148,58,68,81,177,177,127,152,170,120,134,134,134,146,96,131,131,131],"floor_reached":28,"playtime":790,"items_purged":["Slimebound:Strike_Slimebound"],"score":289,"play_id":"1dedbd8b-0977-4888-8405-8043e2989da8","local_time":"20201229051302","is_ascension_mode":false,"campfire_choices":[{"data":"Slimebound:Split","floor":1.0,"key":"SMITH"},{"data":"Slimebound:CorrosiveSpit","floor":8,"key":"SMITH"},{"floor":10,"key":"RECALL"},{"data":"Slimebound:SelfFormingGoo","floor":18,"key":"SMITH"},{"data":"Slimebound:ComboTackle","floor":21,"key":"SMITH"},{"data":"Slimebound:LeechEnergy","floor":26,"key":"SMITH"}],"circlet_count":0,"master_deck":["Slimebound:Strike_Slimebound","Slimebound:Tackle","Slimebound:Defend_Slimebound","Slimebound:Defend_Slimebound","Slimebound:Defend_Slimebound","Slimebound:Defend_Slimebound","Slimebound:Split+1","Slimebound:CorrosiveSpit+1","Slimebound:LeechEnergy+1","Slimebound:SplitAcid","Slimebound:ComboTackle+1","Slimebound:Schlurp","Slimebound:Schlurp","Slimebound:SlimeSpikes","Slimebound:SelfFormingGoo+1","Slimebound:ComboTackle+1","Slimebound:SplitBruiser+1","Slimebound:Repurpose","Shame","Slimebound:LevelUp+1","Slimebound:LeechingTouch"],"relics":["Slimebound:AbsorbEndCombat","downfall:HeartsMalice","Slimebound:GreedOozeRelic","White Beast Statue","Slimebound:ScrapOozeRelic","HornCleat","Pen Nib","Cursed Key","Dream Catcher","Shuriken"],"acts_visited":["Exordium","TheCity"],"potions_floor_usage":[],"damage_taken":[{"damage":0.0,"enemies":"Lagavulin","floor":2.0,"turns":1.0},{"damage":0.0,"enemies":"Gremlin Nob","floor":4.0,"turns":1.0},{"damage":16,"enemies":"Gremlin Nob","floor":9,"turns":3},{"damage":5,"enemies":"Jaw Worm","floor":11,"turns":2},{"damage":9,"enemies":"Small Slimes","floor":12,"turns":2},{"damage":0,"enemies":"downfall:FleeingMerchant","floor":13,"turns":4},{"damage":10,"enemies":"2 Louse","floor":14,"turns":2},{"damage":5,"enemies":"3 Louse","floor":15,"turns":2},{"damage":55,"enemies":"downfall:CharBossSilent","floor":16,"turns":6},{"damage":38,"enemies":"Gremlin Leader","floor":19,"turns":4},{"damage":13,"enemies":"Shell Parasite","floor":20,"turns":3},{"damage":15,"enemies":"Chosen","floor":22,"turns":3},{"damage":31,"enemies":"Centurion and Healer","floor":25,"turns":4},{"damage":41,"enemies":"Book of Stabbing","floor":27,"turns":4},{"damage":16,"enemies":"Chosen and Byrds","floor":28,"turns":2}],"seed_played":"-4442901553947582389","potions_obtained":[{"floor":2.0,"key":"FearPotion"},{"floor":9,"key":"FearPotion"},{"floor":11,"key":"Weak Potion"},{"floor":20,"key":"FairyPotion"},{"floor":25,"key":"Fire Potion"}],"is_trial":false,"path_per_floor":["R","E","?","?","?","?","T","R","E","R","M","M","$","M","M","B",null,"R","E","M","R","M","?","T","M","R","E","M"],"character_chosen":"SLIMEBOUND","items_purchased":[],"campfire_rested":0,"item_purchase_floors":[],"current_hp_per_floor":[60,60,60,60,60,60,60,60,54,54,55,52,54,48,47,14,60,60,42,45,45,48,48,48,41,41,22,6,6],"gold":131,"neow_bonus":"THREE_ENEMY_KILL","is_daily":false,"chose_seed":false,"campfire_upgraded":5,"win_rate":0.0,"timestamp":1609186382,"path_taken":["R","E","?","?","?","?","T","R","E","R","M","M","$","M","M","BOSS","R","E","M","R","M","?","T","M","R","E","M"],"items_purchased_type":[],"build_version":"2020-12-22","purchased_purges":1,"victory":false,"max_hp_per_floor":[60,60,60,60,60,60,60,60,60,60,60,60,60,60,60,60,60,60,60,60,60,60,60,60,60,60,60,60,60],"card_choices":[{"not_picked":["Slimebound:WasteNot","Slimebound:PressTheAttack"],"picked":"Slimebound:LeechEnergy","floor":2.0},{"not_picked":["Slimebound:Replication","Slimebound:ServeAndProtect"],"picked":"Slimebound:SplitAcid","floor":4.0},{"not_picked":["Slimebound:TongueLash","Slimebound:DivideAndConquer"],"picked":"Slimebound:ComboTackle","floor":9},{"not_picked":["Slimebound:FinishingTackle","Slimebound:ViciousTackle"],"picked":"Slimebound:Schlurp","floor":11},{"not_picked":["Slimebound:LeechingTouch","Slimebound:ViciousTackle"],"picked":"Slimebound:Schlurp","floor":12},{"not_picked":["Slimebound:Nibble","Slimebound:SplitAcid"],"picked":"Slimebound:SlimeSpikes","floor":14},{"not_picked":["Slimebound:FormOfPuddle","Slimebound:LivingWall","Slimebound:AcidTongue"],"picked":"SKIP","floor":15},{"not_picked":["Slimebound:PrepareCrush","Slimebound:CheckThePlaybook"],"picked":"Slimebound:SelfFormingGoo","floor":16},{"not_picked":["Slimebound:GoopSpray+1","Slimebound:PressTheAttack"],"picked":"Slimebound:ComboTackle+1","floor":19},{"not_picked":["Slimebound:SplitLeeching","Slimebound:FinishingTackle+1"],"picked":"Slimebound:SplitBruiser+1","floor":20},{"not_picked":["Slimebound:SlimeSpikes+1","Slimebound:Teamwork"],"picked":"Slimebound:Repurpose","floor":22},{"not_picked":["Slimebound:ComboTackle","Slimebound:ViciousTackle"],"picked":"Slimebound:LevelUp+1","floor":25},{"not_picked":["Slimebound:FirmFortitude","Slimebound:FlameTackle"],"picked":"Slimebound:LeechingTouch","floor":27}],"player_experience":88210,"relics_obtained":[{"floor":2.0,"key":"Bag of Marbles"},{"floor":4.0,"key":"White Beast Statue"},{"floor":7.0,"key":"HornCleat"},{"floor":9,"key":"Pen Nib"},{"floor":19,"key":"Dream Catcher"},{"floor":27,"key":"Shuriken"}],"event_choices":[{"cards_removed":["Slimebound:Strike_Slimebound"],"damage_healed":0.0,"max_hp_gain":0.0,"max_hp_loss":0.0,"gold_gain":0.0,"event_name":"Living Wall","player_choice":"Forget","floor":6.0,"gold_loss":0.0,"damage_taken":0.0},{"damage_healed":0,"gold_gain":0,"player_choice":"Ignored","damage_taken":0,"max_hp_gain":0,"max_hp_loss":0,"event_name":"Vampires","floor":23,"gold_loss":0}],"is_beta":false,"boss_relics":[{"not_picked":["Snecko Eye","Runic Pyramid"],"picked":"Cursed Key"}],"items_purged_floors":[13],"is_endless":false,"potions_floor_spawned":[2,9,11,12,14,15,16,19,20,22,25,27],"killed_by":"Chosen and Byrds","ascension_level":0}}