{"host":"KYO","time":1609199138,"event":{"mods":["BaseMod","BetterRewards","Minty Spire (QoL Compilation)","Remove Card Discount Mod","Shop Mod","StSLib","SuperFastMode","[IsaacMod]ÒÔÈö¼âËþ","noobMod"],"gold_per_floor":[114,114,124,136,147,178,190,190,214,226,226,256,274,303,303,377,377,390,390,390,352,372,401,414,428,428,453,64,74,74,92,92,171,171,190,205,436,456,223,258,277,288,314,343,362,362,374,403,415,427,439,451,393,422,422],"floor_reached":56,"playtime":2207,"items_purged":["Strike_P","Defend_P","Strike_P","Defend_P","Defend_P","Strike_P","Defend_P","Strike_P+1","Eruption+1","Bandage Up+1","Vigilance+1","EpicFetus+1"],"score":3239,"play_id":"dcb54fc4-9b43-4966-8c44-ce71f5743a07","local_time":"20201229074538","is_ascension_mode":true,"campfire_choices":[{"data":"EpicFetus","floor":8,"key":"SMITH"},{"data":"Vigilance","floor":11,"key":"SMITH"},{"floor":15,"key":"RECALL"},{"data":"Flash of Steel","floor":30,"key":"SMITH"},{"data":"Flash of Steel","floor":32,"key":"SMITH"},{"floor":46,"key":"REST"},{"floor":49,"key":"REST"},{"floor":52,"key":"REST"}],"circlet_count":0,"master_deck":["AscendersBane","Disarm+1","Finesse+1","Flash of Steel+1","Flash of Steel+1"],"relics":["PureWater","HushsDoor","ice","PillsDrop","ClockworkSouvenir","Vajra","MerchantsRug","Medical Kit","BookOfRevelations","YumHeart","Anchor","Bag of Preparation","Gremlin Horn","GuppysCollar","EdensBlessing","Bronze Scales","Bag of Marbles","GuppysHead","Omamori","Pen Nib","Black Star","DeathBook","BelialBook","Membership Card","Calipers","Akabeko","Ornamental Fan","HowToJump","Toy Ornithopter","Boot","Damaru"],"acts_visited":["Exordium","TheCity","TheBeyond","TheEnding"],"potions_floor_usage":[53,55],"damage_taken":[{"damage":0,"enemies":"Small Slimes","floor":1,"turns":2},{"damage":0,"enemies":"2 Louse","floor":3,"turns":1},{"damage":0,"enemies":"Cultist","floor":4,"turns":2},{"damage":0,"enemies":"Lots of Slimes","floor":5,"turns":3},{"damage":6,"enemies":"3 Sentries","floor":6,"turns":3},{"damage":0,"enemies":"3 Louse","floor":7,"turns":2},{"damage":0,"enemies":"Blue Slaver","floor":10,"turns":2},{"damage":0,"enemies":"Lagavulin","floor":12,"turns":3},{"damage":0,"enemies":"Looter","floor":13,"turns":2},{"damage":0,"enemies":"Gremlin Nob","floor":14,"turns":3},{"damage":0,"enemies":"Hexaghost","floor":16,"turns":5},{"damage":0,"enemies":"Shell Parasite","floor":18,"turns":2},{"damage":0,"enemies":"3 Byrds","floor":22,"turns":3},{"damage":0,"enemies":"Slavers","floor":23,"turns":3},{"damage":0,"enemies":"Shelled Parasite and Fungi","floor":24,"turns":3},{"damage":0,"enemies":"Snecko","floor":25,"turns":3},{"damage":0,"enemies":"Gremlin Leader","floor":27,"turns":4},{"damage":0,"enemies":"3 Cultists","floor":29,"turns":1},{"damage":0,"enemies":"Centurion and Healer","floor":31,"turns":1},{"damage":0,"enemies":"Collector","floor":33,"turns":1},{"damage":0,"enemies":"3 Shapes","floor":35,"turns":1},{"damage":0,"enemies":"3 Darklings","floor":36,"turns":1},{"damage":0,"enemies":"Writhing Mass","floor":38,"turns":2},{"damage":0,"enemies":"Nemesis","floor":40,"turns":1},{"damage":0,"enemies":"Jaw Worm Horde","floor":41,"turns":1},{"damage":0,"enemies":"3 Darklings","floor":42,"turns":1},{"damage":0,"enemies":"Reptomancer","floor":44,"turns":1},{"damage":0,"enemies":"Sphere and 2 Shapes","floor":45,"turns":1},{"damage":0,"enemies":"Maw","floor":47,"turns":1},{"damage":0,"enemies":"Giant Head","floor":48,"turns":1},{"damage":28,"enemies":"Time Eater","floor":50,"turns":9},{"damage":0,"enemies":"Shield and Spear","floor":54,"turns":1},{"damage":0,"enemies":"The Heart","floor":55,"turns":4}],"seed_played":"-3440641091630597873","potions_obtained":[{"floor":3,"key":"Ancient Potion"},{"floor":4,"key":"DistilledChaos"},{"floor":7,"key":"FairyPotion"}],"is_trial":false,"path_per_floor":["M","?","M","M","M","E","M","R","T","M","R","E","M","E","R","B",null,"M","?","?","$","M","E","M","M","T","E","$","M","R","M","R","B",null,"M","M","$","M","$","E","M","M","T","E","M","R","M","E","R","B",null,"R","$","E","B",null],"character_chosen":"WATCHER","items_purchased":["ClockworkSouvenir","Vajra","MerchantsRug","Medical Kit","BookOfRevelations","Orichalcum","Centennial Puzzle","Toxic Egg 2","YumHeart","TheBean","Matryoshka","PrismaticShard","Whetstone","GuppysCollar","Finesse+1","Omamori","Pen Nib","Flash of Steel","Lee\u0027s Waffle","DeathBook","BelialBook","Membership Card","Calipers","Toy Ornithopter","Fruit Juice","ColorlessPotion","LiquidMemories"],"campfire_rested":3,"item_purchase_floors":[0,0,0,0,0,0,0,0,0,0,0,0,0,17,21,28,28,28,28,34,34,39,39,53,53,53,53],"current_hp_per_floor":[61,61,61,61,61,55,61,61,61,61,61,66,69,69,69,69,56,56,56,56,56,56,56,56,56,56,56,63,63,63,63,63,63,43,43,43,43,46,46,46,46,46,46,46,46,46,46,46,46,18,39,46,51,51,51],"gold":422,"neow_bonus":"","is_daily":false,"chose_seed":false,"campfire_upgraded":4,"win_rate":0.0,"timestamp":1609199138,"path_taken":["M","?","?","?","M","E","M","R","T","M","R","E","M","E","R","BOSS","M","?","?","?","M","E","M","M","T","E","$","M","R","?","R","BOSS","M","M","?","M","$","E","M","M","T","E","?","R","M","E","R","BOSS","R","$","E","BOSS"],"items_purchased_type":["Relic","Relic","Relic","Relic","Relic","Relic","Relic","Relic","Relic","Relic","Relic","Relic","Relic","Relic","Card","Relic","Relic","Card","Relic","Relic","Relic","Relic","Relic","Relic","Potion","Potion","Potion"],"build_version":"2020-12-18","purchased_purges":12,"victory":true,"max_hp_per_floor":[68,68,68,68,68,68,63,63,63,63,63,66,69,69,69,69,56,56,56,56,56,56,56,56,56,56,56,63,63,63,63,63,63,43,43,43,43,46,46,46,46,46,46,46,46,46,46,46,46,46,46,46,51,51,51],"card_choices":[{"not_picked":[],"picked":"EpicFetus","floor":0},{"not_picked":["Cloak And Dagger+1","Panache","Sentinel+1"],"picked":"SKIP","floor":1},{"not_picked":["Calculated Gamble+1","Pommel Strike","Headbutt"],"picked":"SKIP","floor":3},{"not_picked":["Calculated Gamble+1","Pommel Strike","Headbutt"],"picked":"SKIP","floor":3},{"not_picked":["Flex+1","Cloak And Dagger+1","SandsOfTime"],"picked":"SKIP","floor":4},{"not_picked":["Gash","EmptyBody+1","EpicFetus"],"picked":"SKIP","floor":5},{"not_picked":["Metallicize","Clash"],"picked":"Bandage Up+1","floor":6},{"not_picked":["Iron Wave","Dagger Throw","Sword Boomerang"],"picked":"SKIP","floor":7},{"not_picked":["FlyingSleeves","Perfected Strike","ReachHeaven"],"picked":"SKIP","floor":10},{"not_picked":["Bandage Up+1","Conserve Battery+1"],"picked":"Disarm+1","floor":12},{"not_picked":["Noxious Fumes","Wild Strike","Outmaneuver+1"],"picked":"SKIP","floor":13},{"not_picked":["Consecrate","A Thousand Cuts","Headbutt"],"picked":"SKIP","floor":14},{"not_picked":["Wild Strike","Compile Driver","Metallicize"],"picked":"SKIP","floor":18},{"not_picked":["EmptyBody+1","Sadistic Nature","Rebound"],"picked":"SKIP","floor":22},{"not_picked":["Reprogram+1","JustLucky","Havoc+1"],"picked":"SKIP","floor":23},{"not_picked":["Shockwave+1","Heavy Blade","Wireheading"],"picked":"SKIP","floor":24},{"not_picked":["Anger","Clothesline","Consume+1"],"picked":"SKIP","floor":25},{"not_picked":["Stack+1","Crippling Poison+1"],"picked":"Flash of Steel","floor":27},{"not_picked":["Vengeance+1","WheelKick","Crescendo"],"picked":"SKIP","floor":29},{"not_picked":["WreathOfFlame","CarveReality","ThirdEye"],"picked":"SKIP","floor":31},{"not_picked":["EmptyBody+1","ForeignInfluence","CutThroughFate"],"picked":"SKIP","floor":35},{"not_picked":["SashWhip+1","EmptyBody","BowlingBash"],"picked":"SKIP","floor":36},{"not_picked":["ClearTheMind","BowlingBash","PathToVictory"],"picked":"SKIP","floor":38},{"not_picked":["CutThroughFate+1","SashWhip","Evaluate+1"],"picked":"SKIP","floor":40},{"not_picked":["CutThroughFate+1","SashWhip","Evaluate+1"],"picked":"SKIP","floor":40},{"not_picked":["Halt","Crescendo","Consecrate+1"],"picked":"SKIP","floor":41},{"not_picked":["PathToVictory","JustLucky","CrushJoints"],"picked":"SKIP","floor":42},{"not_picked":["Protect","EmptyBody","Brilliance"],"picked":"SKIP","floor":44},{"not_picked":["BowlingBash","PathToVictory","FlyingSleeves"],"picked":"SKIP","floor":45},{"not_picked":["EmptyFist","FlurryOfBlows+1","ClearTheMind+1"],"picked":"SKIP","floor":47},{"not_picked":["Protect","Evaluate","BowlingBash+1"],"picked":"SKIP","floor":48},{"not_picked":["Consecrate","BowlingBash+1","Prostrate"],"picked":"SKIP","floor":54},{"not_picked":["Consecrate","BowlingBash+1","Prostrate"],"picked":"SKIP","floor":54}],"player_experience":565010,"relics_obtained":[{"floor":6,"key":"Anchor"},{"floor":9,"key":"Bag of Preparation"},{"floor":12,"key":"Ancient Tea Set"},{"floor":14,"key":"Gremlin Horn"},{"floor":23,"key":"EdensBlessing"},{"floor":26,"key":"Bronze Scales"},{"floor":26,"key":"Bag of Marbles"},{"floor":27,"key":"GuppysHead"},{"floor":40,"key":"Akabeko"},{"floor":40,"key":"Lantern"},{"floor":43,"key":"Happy Flower"},{"floor":44,"key":"Potion Belt"},{"floor":44,"key":"Ornamental Fan"},{"floor":48,"key":"HowToJump"},{"floor":48,"key":"MawBank"},{"floor":54,"key":"Boot"},{"floor":54,"key":"Damaru"}],"event_choices":[{"damage_healed":0,"gold_gain":0,"player_choice":"Ignored","damage_taken":0,"max_hp_gain":0,"max_hp_loss":0,"event_name":"Liars Game","floor":2,"gold_loss":0},{"damage_healed":0,"gold_gain":0,"player_choice":"Ignored","damage_taken":0,"max_hp_gain":0,"max_hp_loss":0,"event_name":"Vampires","floor":19,"gold_loss":0},{"damage_healed":0,"gold_gain":0,"player_choice":"Opened","damage_taken":0,"relics_obtained":["Pantograph"],"max_hp_gain":0,"max_hp_loss":0,"event_name":"The Mausoleum","floor":20,"gold_loss":0}],"is_beta":true,"boss_relics":[{"not_picked":["SacredBark","Cursed Key"],"picked":"Coffee Dripper"},{"not_picked":[]},{"not_picked":["SlaversCollar","Velvet Choker"],"picked":"Black Star"},{"not_picked":[]}],"items_purged_floors":[0,0,0,0,0,0,0,21,28,28,28,37],"is_endless":false,"potions_floor_spawned":[3,4,5,6,7,14,23,24,29,31,33,36,38,41,45],"ascension_level":14}}