{"host":"grli52lbdph2722t","time":1609180829,"event":{"mods":["AchievementEnabler","BaseMod","Downfall","Minty Spire (QoL Compilation)","Quick Restart","StSLib"],"gold_per_floor":[99,118,130,130,147,173,199,199,299,310,338,358,393,243,270,270,270,270],"floor_reached":16,"playtime":754,"items_purged":["champ:Strike"],"score":183,"play_id":"87e468a7-3fd1-447d-b2e6-fd2df6c74e30","local_time":"20201228194029","is_ascension_mode":true,"campfire_choices":[{"data":"champ:Execute","floor":1,"key":"SMITH"},{"data":"champ:GladiatorStyle","floor":8,"key":"SMITH"}],"circlet_count":0,"master_deck":["AscendersBane","champ:Strike","champ:Defend","champ:Defend","champ:Defend","champ:Defend","champ:Execute+1","champ:Taunt+1","champ:GladiatorStyle+1","champ:FightOn","champ:Duel","champ:DeathBlow","champ:BladeFlurry","champ:BladeFlurry","champ:IronFortress","champ:StanceDance","champ:ShieldSlam","champ:CalledShot","champ:Riposte","champ:FanOfKnives"],"relics":["champ:PowerArmor","Bag of Preparation","Pen Nib","Akabeko","Ornamental Fan","CeramicFish"],"acts_visited":["Exordium"],"potions_floor_usage":[9,16],"damage_taken":[{"damage":8,"enemies":"2 Louse","floor":2,"turns":4},{"damage":14,"enemies":"Jaw Worm","floor":3,"turns":4},{"damage":13,"enemies":"Small Slimes","floor":5,"turns":3},{"damage":25,"enemies":"Gremlin Nob","floor":6,"turns":4},{"damage":43,"enemies":"downfall:Heads","floor":9,"turns":4},{"damage":0,"enemies":"2 Fungi Beasts","floor":10,"turns":2},{"damage":30,"enemies":"Lagavulin","floor":11,"turns":5},{"damage":0,"enemies":"3 Louse","floor":12,"turns":1},{"damage":18,"enemies":"3 Sentries","floor":13,"turns":2},{"damage":14,"enemies":"downfall:FleeingMerchant","floor":14,"turns":4},{"damage":8,"enemies":"Large Slime","floor":15,"turns":4},{"damage":85,"enemies":"downfall:Ironclad","floor":16,"turns":9}],"seed_played":"-8031399025667818398","potions_obtained":[{"floor":6,"key":"Energy Potion"},{"floor":10,"key":"Swift Potion"},{"floor":11,"key":"Energy Potion"},{"floor":13,"key":"sneckomod:MuddlingPotion"},{"floor":15,"key":"FairyPotion"}],"is_trial":false,"path_per_floor":["R","M","M","?","M","E","T","R","?","M","E","M","E","$","M","B"],"character_chosen":"THE_CHAMP","items_purchased":["champ:Riposte"],"campfire_rested":0,"item_purchase_floors":[14],"current_hp_per_floor":[81,78,74,67,59,44,44,44,31,31,23,23,15,9,9,0,0,0],"gold":270,"neow_bonus":"BOSS_RELIC","is_daily":false,"chose_seed":false,"campfire_upgraded":2,"win_rate":0.0,"timestamp":1609180829,"path_taken":["R","M","M","?","M","E","T","R","?","M","E","M","E","?","M","BOSS"],"items_purchased_type":["Card"],"build_version":"2020-12-22","purchased_purges":1,"victory":false,"max_hp_per_floor":[90,90,90,90,90,90,90,90,90,90,90,90,90,90,90,90,90,90],"card_choices":[{"not_picked":["champ:FlashCut","champ:BerserkersShout"],"picked":"champ:GladiatorStyle","floor":2},{"not_picked":["champ:PerfectedStrike","champ:Shatter"],"picked":"champ:FightOn","floor":3},{"not_picked":["champ:DefensiveShout","champ:FlashCut"],"picked":"champ:Duel","floor":5},{"not_picked":["champ:EnGarde","champ:HeartStrike"],"picked":"champ:DeathBlow","floor":6},{"not_picked":["champ:FlashCut","champ:EnGarde"],"picked":"champ:BladeFlurry","floor":9},{"not_picked":["champ:ShieldThrow","champ:DeathBlow"],"picked":"champ:IronFortress","floor":10},{"not_picked":["champ:GutPunch","champ:FlashCut","champ:EnGarde"],"picked":"SKIP","floor":11},{"not_picked":["champ:BerserkersShout","champ:BerserkerStyle"],"picked":"champ:StanceDance","floor":12},{"not_picked":["champ:CrookedStrike","champ:Circumvent"],"picked":"champ:ShieldSlam","floor":13},{"not_picked":["champ:ShieldThrow","champ:EnragedBash"],"picked":"champ:CalledShot","floor":14},{"not_picked":["champ:PerfectedStrike","champ:GladiatorsShout"],"picked":"champ:FanOfKnives","floor":15}],"player_experience":4897303,"relics_obtained":[{"floor":6,"key":"Pen Nib"},{"floor":7,"key":"Akabeko"},{"floor":11,"key":"Ornamental Fan"},{"floor":13,"key":"CeramicFish"}],"event_choices":[{"damage_healed":0,"gold_gain":0,"player_choice":"Success","damage_taken":7,"relics_obtained":["Bag of Preparation"],"max_hp_gain":0,"max_hp_loss":0,"event_name":"Scrap Ooze","floor":4,"gold_loss":0}],"is_beta":false,"boss_relics":[],"items_purged_floors":[14],"is_endless":false,"potions_floor_spawned":[6,10,11,13,15],"killed_by":"downfall:Ironclad","ascension_level":10}}