{"host":"qy7jow5usmjkdnnq","time":1609117585,"event":{"mods":["BaseMod","Colored Map","Downfall","Minty Spire (QoL Compilation)","Permanent Neow","Relic Stats","StSLib"],"gold_per_floor":[99,113,127,139,15,41,41,70,70,95,111,123,123,212,223,403,403,403,543,728,958,1235,1247,1294,1971,1908,2186,2603,3447,3459,2848,3404,5411,5411,5336,5881,5895,8807,11860,16898,16898,27915,27840,38043,38043,49294,91579,91679,116444,173130,173130,226499,225442,225442,476248],"floor_reached":56,"playtime":6577,"items_purged":["sneckomod:Defend","sneckomod:Strike","sneckomod:Strike","sneckomod:Defend","sneckomod:Strike"],"score":1718,"play_id":"00d03b74-860a-46b7-a220-a9d41ae637bc","local_time":"20201228020625","is_ascension_mode":true,"campfire_choices":[{"data":"expansioncontent:QuickStudy","floor":1,"key":"SMITH"},{"data":"sneckomod:WideSting","floor":9,"key":"SMITH"},{"data":"sneckomod:GlitteringGambit","floor":13,"key":"SMITH"},{"data":"sneckomod:GlitteringGambit","floor":18,"key":"SMITH"},{"floor":26,"key":"RECALL"},{"data":"sneckomod:SerpentIdol","floor":35,"key":"SMITH"},{"data":"sneckomod:UnknownRareAttack","floor":43,"key":"SMITH"},{"data":"sneckomod:CheapStock","floor":54,"key":"SMITH"}],"circlet_count":0,"master_deck":["sneckomod:Defend","sneckomod:TailWhip","sneckomod:SnekBite","sneckomod:Unknown","sneckomod:Unknown","expansioncontent:QuickStudy+1","sneckomod:QuickBite+1","sneckomod:WideSting+1","sneckomod:QuickMove","sneckomod:CheapStock+1","sneckomod:SlitherStrike","sneckomod:Unknown2Cost","sneckomod:MixItUp","sneckomod:ImprovisedGuard","sneckomod:UnknownStrength+1","sneckomod:GlitteringGambit+1","sneckomod:UnknownWeak","sneckomod:ImprovisedAttack","sneckomod:GlitteringGambit+1","sneckomod:UnknownVulnerable","sneckomod:SerpentIdol+1","sneckomod:ImprovisedGuard","sneckomod:Rotation+1","sneckomod:Unknown0Cost","sneckomod:Unknown0Cost+1","sneckomod:Restock","sneckomod:UnknownBlock+1","sneckomod:QuickMove+1","sneckomod:QuickBite+1","sneckomod:UnknownRareAttack+1","sneckomod:UnknownRareSkill","sneckomod:UnknownRarePower+1","sneckomod:SnakeSap","Secret Weapon","Pain","sneckomod:UnknownX+1","sneckomod:Unknown1Cost+1","Magnetism+1","expansioncontent:BronzeBeam"],"relics":["sneckomod:SneckoSoul","TungstenRod","Calipers","Juzu Bracelet","Frozen Egg 2","Gremlin Horn","Runic Pyramid","MawBank","downfall:HeartBlessingGreen","War Paint","Ginger","Gambling Chip","ClockworkSouvenir","Busted Crown","downfall:HeartBlessingRed","Torii","Anchor","Happy Flower","sneckomod:RareBoosterPack","downfall:HeartBlessingBlue","TheAbacus","Strawberry","Bottled Lightning","WarpedTongs","Lantern","Bag of Preparation","Pen Nib","sneckomod:SleevedAce"],"acts_visited":["Exordium","TheCity","TheBeyond","TheEnding"],"potions_floor_usage":[6,11,16,20,25,32,39,52,55,55,55],"damage_taken":[{"damage":0,"enemies":"Cultist","floor":2,"turns":2},{"damage":0,"enemies":"2 Louse","floor":3,"turns":2},{"damage":0,"enemies":"Jaw Worm","floor":4,"turns":3},{"damage":0,"enemies":"downfall:FleeingMerchant","floor":5,"turns":4},{"damage":9,"enemies":"3 Sentries","floor":6,"turns":6},{"damage":18,"enemies":"Lagavulin","floor":8,"turns":6},{"damage":4,"enemies":"Gremlin Nob","floor":10,"turns":4},{"damage":16,"enemies":"Lots of Slimes","floor":11,"turns":4},{"damage":5,"enemies":"Blue Slaver","floor":12,"turns":3},{"damage":9,"enemies":"Gremlin Nob","floor":14,"turns":4},{"damage":0,"enemies":"2 Fungi Beasts","floor":15,"turns":1},{"damage":15,"enemies":"downfall:Silent","floor":16,"turns":9},{"damage":14,"enemies":"3 Byrds","floor":19,"turns":4},{"damage":18,"enemies":"Shell Parasite","floor":20,"turns":5},{"damage":8,"enemies":"Snake Plant","floor":21,"turns":4},{"damage":3,"enemies":"Cultist and Chosen","floor":22,"turns":4},{"damage":0,"enemies":"Snecko","floor":23,"turns":4},{"damage":0,"enemies":"Sentry and Sphere","floor":25,"turns":5},{"damage":44,"enemies":"Slavers","floor":27,"turns":4},{"damage":6,"enemies":"Cultist and Chosen","floor":28,"turns":5},{"damage":9,"enemies":"Snake Plant","floor":29,"turns":6},{"damage":0,"enemies":"downfall:FleeingMerchant","floor":31,"turns":4},{"damage":0,"enemies":"3 Cultists","floor":32,"turns":3},{"damage":0,"enemies":"downfall:Defect","floor":33,"turns":6},{"damage":0,"enemies":"3 Shapes","floor":36,"turns":2},{"damage":0,"enemies":"3 Darklings","floor":37,"turns":1},{"damage":33,"enemies":"2 Orb Walkers","floor":38,"turns":4},{"damage":7,"enemies":"4 Shapes","floor":39,"turns":4},{"damage":0,"enemies":"downfall:FleeingMerchant","floor":40,"turns":4},{"damage":0,"enemies":"Sphere and 2 Shapes","floor":42,"turns":6},{"damage":0,"enemies":"downfall:FleeingMerchant","floor":44,"turns":1},{"damage":0,"enemies":"Writhing Mass","floor":46,"turns":4},{"damage":0,"enemies":"Transient","floor":47,"turns":5},{"damage":9,"enemies":"4 Shapes","floor":49,"turns":2},{"damage":0,"enemies":"downfall:Ironclad","floor":50,"turns":9},{"damage":0,"enemies":"downfall:CharBossMerchant","floor":52,"turns":6},{"damage":1,"enemies":"downfall:NeowBoss","floor":55,"turns":14}],"seed_played":"-2102270504258062211","potions_obtained":[{"floor":2,"key":"ColorlessPotion"},{"floor":6,"key":"Weak Potion"},{"floor":15,"key":"sneckomod:MuddlingPotion"},{"floor":16,"key":"Swift Potion"},{"floor":19,"key":"champ:CounterPotion"},{"floor":25,"key":"Explosive Potion"},{"floor":28,"key":"Weak Potion"},{"floor":29,"key":"AttackPotion"},{"floor":33,"key":"DuplicationPotion"},{"floor":42,"key":"Dexterity Potion"},{"floor":46,"key":"Block Potion"},{"floor":47,"key":"Regen Potion"},{"floor":52,"key":"GamblersBrew"}],"is_trial":false,"path_per_floor":["R","M","M","M","$","E","T","E","R","E","M","M","R","?","M","B",null,"R","M","M","M","M","M","T","M","R","E","M","M","?","$","M","B",null,"R","M","M","?","M","$","T","M","R","$","?","M","M","?","M","B",null,"E","$","R","B",null],"character_chosen":"THE_SNECKO","items_purchased":["sneckomod:SlitherStrike","Ginger","Gambling Chip","ClockworkSouvenir","DuplicationPotion","Anchor","Happy Flower","sneckomod:RareBoosterPack","sneckomod:SnakeSap","Secret Weapon","TheAbacus","Strawberry","Bottled Lightning","Bag of Preparation","Pen Nib","sneckomod:SleevedAce","Magnetism+1","DistilledChaos","GamblersBrew","expansioncontent:BronzeBeam"],"campfire_rested":0,"item_purchase_floors":[5,31,31,31,31,40,40,40,40,40,44,44,44,53,53,53,53,53,53,53],"current_hp_per_floor":[81,81,81,81,81,73,73,63,63,59,44,39,39,31,31,16,84,84,75,57,49,46,46,46,46,46,3,11,2,2,2,8,8,92,92,93,93,60,53,56,56,62,72,79,79,80,80,80,79,79,114,115,115,115,115],"gold":476248,"neow_bonus":"RANDOM_COLORLESS_2","is_daily":false,"chose_seed":false,"campfire_upgraded":7,"win_rate":0.0,"timestamp":1609117585,"path_taken":["R","M","M","M","$","E","T","E","R","E","M","M","R","?","M","BOSS","R","M","M","M","M","M","T","M","R","E","M","M","?","$","M","BOSS","R","M","M","?","M","$","T","M","R","$","?","M","M","?","M","BOSS","E","$","R","BOSS"],"items_purchased_type":["Card","Relic","Relic","Relic","Potion","Relic","Relic","Relic","Card","Card","Relic","Relic","Relic","Relic","Relic","Relic","Card","Potion","Potion","Card"],"build_version":"2020-12-22","purchased_purges":5,"victory":true,"max_hp_per_floor":[81,81,81,81,81,82,82,82,82,82,83,83,83,84,84,84,84,84,85,85,85,85,85,85,85,85,86,87,87,87,87,92,92,92,92,93,93,93,93,96,96,96,106,113,113,114,114,114,114,114,114,115,115,115,115],"relic_stats":{"Gremlin Horn":[23,23],"Torii":3,"Happy Flower":[16],"counters":[37,164],"Pen Nib":[5],"Juzu Bracelet":1,"Bag of Preparation":[2],"Ginger":[9],"War Paint":["sneckomod:UnknownStrength","sneckomod:Rotation"],"MawBank":84,"WarpedTongs":[41],"Busted Crown":22,"TheAbacus":[54],"Gambling Chip":[44],"obtain_stats":[{"Lantern":52,"Calipers":7,"Gremlin Horn":14,"Torii":38,"downfall:HeartBlessingGreen":26,"Juzu Bracelet":8,"Bag of Preparation":53,"Ginger":31,"sneckomod:SneckoSoul":0,"ClockworkSouvenir":31,"TheAbacus":44,"downfall:HeartBlessingBlue":43,"Gambling Chip":31,"Strawberry":44,"sneckomod:RareBoosterPack":40,"Runic Pyramid":17,"downfall:HeartBlessingRed":35,"Happy Flower":40,"Pen Nib":53,"Frozen Egg 2":10,"War Paint":27,"MawBank":24,"WarpedTongs":45,"Anchor":40,"Busted Crown":34,"sneckomod:SleevedAce":53,"Bottled Lightning":44,"TungstenRod":6},{"Lantern":36,"Calipers":5,"Gremlin Horn":10,"Torii":27,"downfall:HeartBlessingGreen":18,"Juzu Bracelet":6,"Bag of Preparation":36,"Ginger":22,"sneckomod:SneckoSoul":0,"ClockworkSouvenir":22,"TheAbacus":31,"downfall:HeartBlessingBlue":30,"Gambling Chip":22,"Strawberry":31,"sneckomod:RareBoosterPack":29,"Runic Pyramid":12,"downfall:HeartBlessingRed":24,"Happy Flower":29,"Pen Nib":36,"Frozen Egg 2":7,"War Paint":19,"MawBank":17,"WarpedTongs":31,"Anchor":29,"Busted Crown":24,"sneckomod:SleevedAce":36,"Bottled Lightning":31,"TungstenRod":5},{"Lantern":150,"Calipers":17,"Gremlin Horn":38,"Torii":109,"downfall:HeartBlessingGreen":74,"Juzu Bracelet":23,"Bag of Preparation":150,"Ginger":93,"sneckomod:SneckoSoul":0,"ClockworkSouvenir":93,"TheAbacus":124,"downfall:HeartBlessingBlue":123,"Gambling Chip":93,"Strawberry":124,"sneckomod:RareBoosterPack":117,"Runic Pyramid":48,"downfall:HeartBlessingRed":102,"Happy Flower":117,"Pen Nib":150,"Frozen Egg 2":27,"War Paint":78,"MawBank":69,"WarpedTongs":124,"Anchor":117,"Busted Crown":102,"sneckomod:SleevedAce":150,"Bottled Lightning":124,"TungstenRod":17}],"TungstenRod":169},"card_choices":[{"not_picked":["Sadistic Nature","The Bomb"],"picked":"expansioncontent:QuickStudy","floor":0},{"not_picked":["sneckomod:RainOfDice","sneckomod:MasterEye"],"picked":"sneckomod:QuickBite","floor":2},{"not_picked":["sneckomod:DiceBlock","sneckomod:UnknownExhaust"],"picked":"sneckomod:WideSting","floor":3},{"not_picked":["sneckomod:UnknownEthereal","sneckomod:UnknownWeak"],"picked":"sneckomod:QuickMove","floor":4},{"not_picked":["sneckomod:DefensiveFlair","sneckomod:UnknownCommonAttack"],"picked":"sneckomod:CheapStock","floor":5},{"not_picked":["sneckomod:ImprovisedAttack","sneckomod:UnknownCommonSkill"],"picked":"sneckomod:Unknown2Cost","floor":6},{"not_picked":["sneckomod:UnknownClassPURPLE","sneckomod:SoulCleanse"],"picked":"sneckomod:MixItUp","floor":8},{"not_picked":["sneckomod:TrashToTreasure","sneckomod:UnknownCommonAttack"],"picked":"sneckomod:ImprovisedGuard","floor":10},{"not_picked":["sneckomod:DiceBoulder","sneckomod:Nope"],"picked":"sneckomod:UnknownStrength","floor":11},{"not_picked":["sneckomod:MixItUp","sneckomod:UnknownWeak"],"picked":"sneckomod:GlitteringGambit","floor":12},{"not_picked":["sneckomod:UnknownClassBLUE","sneckomod:IronFang"],"picked":"sneckomod:UnknownWeak","floor":14},{"not_picked":["sneckomod:TrashToTreasure","sneckomod:ImprovisedGuard"],"picked":"sneckomod:ImprovisedAttack","floor":15},{"not_picked":["sneckomod:UnknownRareAttack","sneckomod:Restock"],"picked":"sneckomod:GlitteringGambit","floor":16},{"not_picked":["sneckomod:UnknownCommonAttack","sneckomod:MixItUp"],"picked":"sneckomod:UnknownVulnerable","floor":19},{"not_picked":["sneckomod:UnknownCommonAttack+1","sneckomod:RainOfDice","sneckomod:UnknownStrike"],"picked":"SKIP","floor":20},{"not_picked":["sneckomod:UnknownClassBLUE+1","sneckomod:UnknownVulnerable"],"picked":"sneckomod:SerpentIdol","floor":21},{"not_picked":["sneckomod:UnknownClassGUARDIAN","sneckomod:ImprovisedGuard","sneckomod:UnknownWeak"],"picked":"SKIP","floor":22},{"not_picked":["sneckomod:UnknownClassGUARDIAN","sneckomod:UnknownWeak"],"picked":"sneckomod:ImprovisedGuard","floor":22},{"not_picked":["sneckomod:UnknownClassTHE_CHAMP_GRAY+1","sneckomod:DiceBlock+1","sneckomod:SlitherStrike"],"picked":"SKIP","floor":23},{"not_picked":["sneckomod:UnknownClassPURPLE","sneckomod:Unknown1Cost"],"picked":"sneckomod:Rotation","floor":25},{"not_picked":["sneckomod:UnknownWeak","sneckomod:SoulDraw+1"],"picked":"sneckomod:Unknown0Cost","floor":27},{"not_picked":["sneckomod:UnknownUncommonAttack","sneckomod:UnknownCommonAttack"],"picked":"sneckomod:Unknown0Cost+1","floor":28},{"not_picked":["sneckomod:IronFang","sneckomod:UnknownBlock"],"picked":"sneckomod:Restock","floor":29},{"not_picked":["sneckomod:UnknownCommonAttack","sneckomod:DiceBoulder","sneckomod:UnknownClassRED"],"picked":"SKIP","floor":31},{"not_picked":["sneckomod:UnknownWeak","sneckomod:IronFang+1","sneckomod:Unknown1Cost"],"picked":"SKIP","floor":32},{"not_picked":[],"picked":"sneckomod:UnknownBlock+1","floor":36},{"not_picked":[],"picked":"sneckomod:QuickMove+1","floor":37},{"not_picked":[],"picked":"sneckomod:QuickBite+1","floor":38},{"not_picked":["sneckomod:UnknownClassBLUE"],"picked":"SKIP","floor":39},{"not_picked":["sneckomod:SoulDraw+1"],"picked":"SKIP","floor":40},{"not_picked":["sneckomod:UnknownClassBLUE"],"picked":"SKIP","floor":42},{"not_picked":["sneckomod:PureSnecko"],"picked":"SKIP","floor":44},{"not_picked":[],"picked":"sneckomod:UnknownX+1","floor":46},{"not_picked":["sneckomod:DiceBlock"],"picked":"SKIP","floor":47},{"not_picked":["sneckomod:UnknownClassPURPLE+1"],"picked":"SKIP","floor":49},{"not_picked":[],"picked":"sneckomod:Unknown1Cost+1","floor":52}],"player_experience":540823,"relics_obtained":[{"floor":6,"key":"TungstenRod"},{"floor":7,"key":"Calipers"},{"floor":8,"key":"Juzu Bracelet"},{"floor":10,"key":"Frozen Egg 2"},{"floor":14,"key":"Gremlin Horn"},{"floor":24,"key":"MawBank"},{"floor":27,"key":"War Paint"},{"floor":38,"key":"Torii"},{"floor":52,"key":"Lantern"}],"event_choices":[{"damage_healed":0,"gold_gain":0,"player_choice":"Fight","damage_taken":0,"max_hp_gain":0,"max_hp_loss":0,"event_name":"Mysterious Sphere","floor":38,"gold_loss":0},{"damage_healed":0,"gold_gain":0,"player_choice":"Rummage","damage_taken":0,"relics_obtained":["WarpedTongs"],"max_hp_gain":0,"max_hp_loss":0,"event_name":"Accursed Blacksmith","floor":45,"gold_loss":0,"cards_obtained":["Pain"]}],"is_beta":false,"boss_relics":[{"not_picked":["Philosopher\u0027s Stone","SacredBark"],"picked":"Runic Pyramid"},{"not_picked":["Coffee Dripper","Runic Dome"],"picked":"Busted Crown"}],"items_purged_floors":[5,31,40,44,53],"is_endless":false,"potions_floor_spawned":[2,6,15,16,19,25,28,29,33,36,38,42,46,47,52],"ascension_level":3}}