{"host":"n7mxhpjy89lltbhc","time":1609151479,"event":{"mods":["2.2 Compatiblity","Act Like it!","Bard","BaseMod","Better Match","Better Sensory Stone","Better Synergies","Better Third Choice","Better Vampires","BetterRewards","Challenge The Spire","Colored Map","Colored Powertips","Downfall","Gensokyo","Hubris","Infinite Spire","Jedi Mod","Marisa????????","Marked Mod","Minty Spire (QoL Compilation)","Permanent Neow","Rare Cards Sparkle","Relic Sorter","Relic Stats","Replay The Spire","Shop Mod","Small Relic Pack","Spicy Shops","StSLib","Strawberry Spire","The Blue Laboratory","The Disciple","The Servant 0.9.4","Uncapped","Waifu the Spire","Wandering Minibosses","vexMod"],"gold_per_floor":[117,0,15,15,15,15,15,29,56,56,56,322,322,339,339,414,414,431,431,431,284,297,322,322,335,362,362,402,99,111,111],"floor_reached":30,"playtime":1140,"items_purged":[],"score":396,"play_id":"caa4c495-e9bd-4ca3-9c4a-73c7f7d7c44e","local_time":"25631228173119","is_ascension_mode":true,"campfire_choices":[{"data":"KidneyShot","floor":6,"key":"SMITH"},{"floor":15,"key":"REST"},{"floor":24,"key":"REST"},{"floor":27,"key":"REST"}],"circlet_count":0,"master_deck":["AscendersBane","Strike_S","Strike_S","Strike_S","Strike_S","Defend_S","Defend_S","Defend_S","Defend_S","KidneyShot+1","Exchange","Comet+1","MurderousAura","PendulumOfEternity","Potential+1","FastForward","Alleviate","Solidify","Replace+1","Potential","Pot Of Greed","Pot Of Greed","Luminosity","FloweringNight","Gensokyo:Taser","Gensokyo:BlemishedSteel","Pot Of Greed"],"relics":["Uniform","Simple Rune","Gensokyo:YoukaiFlower","Anchor","Kunai","Akabeko","MysterySword","Gensokyo:RedStar","Gensokyo:ChorusOfJoy","infinitespire:Satchel","Grinning Jar","Replay:Bandana","Replay:Mystery Machine","champ:Barbells"],"acts_visited":["Gensokyo:Gensokyo","Gensokyo:Gensokyoer"],"potions_floor_usage":[18,23,28,28],"damage_taken":[{"damage":2,"enemies":"Gensokyo:3_Fairies","floor":1,"turns":5},{"damage":12,"enemies":"Gensokyo:Gryphon","floor":3,"turns":5},{"damage":18,"enemies":"Gensokyo:2_Kodama","floor":8,"turns":8},{"damage":11,"enemies":"Gensokyo:Gryphon_and_Rabbit","floor":12,"turns":5},{"damage":5,"enemies":"Gensokyo:CorruptedTreant","floor":14,"turns":7},{"damage":5,"enemies":"Gensokyo:Kokoro","floor":16,"turns":10},{"damage":27,"enemies":"Gensokyo:CosmicMonolith","floor":18,"turns":6},{"damage":4,"enemies":"Gensokyo:Chomper","floor":22,"turns":3},{"damage":15,"enemies":"Gensokyo:Koishi","floor":23,"turns":5},{"damage":11,"enemies":"Gensokyo:Swordslinger","floor":25,"turns":5},{"damage":28,"enemies":"Gensokyo:Reisen","floor":28,"turns":6},{"damage":22,"enemies":"Gensokyo:Slime_Group","floor":30,"turns":2}],"seed_played":"268675488795531844","potions_obtained":[{"floor":3,"key":"blueLaboratory:NullPotion"},{"floor":12,"key":"AttackPotion"},{"floor":16,"key":"Adrenaline Potion"},{"floor":18,"key":"champ:CounterPotion"},{"floor":23,"key":"Weak Potion"},{"floor":25,"key":"Adrenaline Potion"}],"is_trial":false,"path_per_floor":["M","COS","M","?","?","R","$","M","T","?","$","M","T","M","R","B",null,"M","?","?","$","M","E","R","M","T","R","E","COS","M"],"character_chosen":"THE_SERVANT","items_purchased":["infinitespire:Satchel"],"campfire_rested":3,"item_purchase_floors":[21],"current_hp_per_floor":[57,57,45,45,45,45,45,27,27,27,27,16,16,11,30,25,55,28,28,28,28,24,9,28,17,17,36,8,8,0,0],"gold":111,"neow_bonus":"RANDOM_COMMON_RELIC","is_daily":false,"chose_seed":false,"campfire_upgraded":1,"win_rate":0.0,"timestamp":1609151479,"path_taken":["M","COS","M","?","?","R","?","?","T","?","$","M","?","M","R","BOSS","M","?","?","?","?","E","R","M","T","R","E","COS","M"],"items_purchased_type":["Relic"],"build_version":"2020-12-22","purchased_purges":0,"victory":false,"max_hp_per_floor":[65,65,65,65,65,65,65,65,65,65,65,65,65,65,65,65,65,65,65,65,65,65,65,65,65,65,65,65,65,65,65],"relic_stats":{"counters":[12,67],"Kunai":[16],"obtain_stats":[{"Gensokyo:ChorusOfJoy":20,"champ:Barbells":29,"Uniform":0,"Replay:Mystery Machine":28,"Gensokyo:RedStar":19,"Akabeko":13,"Frozen Eye":23,"Anchor":9,"Replay:Bandana":26,"MysterySword":17,"Gensokyo:YoukaiFlower":4,"infinitespire:Satchel":21,"Simple Rune":0,"Kunai":12,"Grinning Jar":23},{"Gensokyo:ChorusOfJoy":7,"champ:Barbells":11,"Uniform":0,"Replay:Mystery Machine":11,"Gensokyo:RedStar":7,"Akabeko":4,"Frozen Eye":8,"Anchor":3,"Replay:Bandana":10,"MysterySword":6,"Gensokyo:YoukaiFlower":2,"infinitespire:Satchel":7,"Simple Rune":0,"Kunai":4,"Grinning Jar":9},{"Gensokyo:ChorusOfJoy":46,"champ:Barbells":65,"Uniform":0,"Replay:Mystery Machine":65,"Gensokyo:RedStar":46,"Akabeko":23,"Frozen Eye":49,"Anchor":18,"Replay:Bandana":59,"MysterySword":40,"Gensokyo:YoukaiFlower":10,"infinitespire:Satchel":46,"Simple Rune":0,"Kunai":20,"Grinning Jar":54}]},"card_choices":[{"not_picked":["FastForward","Rearm"],"picked":"Snipe","floor":1},{"not_picked":["BottledTime","Initiator"],"picked":"Comet","floor":3},{"not_picked":["FlawlessForm","Initiator"],"picked":"MurderousAura","floor":8},{"not_picked":["Gouge","Foresight"],"picked":"PendulumOfEternity","floor":8},{"not_picked":["Unruled","SurpressingFire"],"picked":"FastForward","floor":12},{"not_picked":["Starlight","Rewind"],"picked":"Alleviate","floor":14},{"not_picked":["Deny","ForgedInTime"],"picked":"Solidify","floor":16},{"not_picked":["Ricochet","Read"],"picked":"Replace+1","floor":18},{"not_picked":["Shuttle","Revamp","Alleviate"],"picked":"SKIP","floor":22},{"not_picked":["Revamp","TimeWarp"],"picked":"Potential","floor":23},{"not_picked":["Starlight","Gouge"],"picked":"Luminosity","floor":25},{"not_picked":["Ricochet","Revamp"],"picked":"FloweringNight","floor":28}],"player_experience":1015102,"relics_obtained":[{"floor":9,"key":"Anchor"},{"floor":13,"key":"Akabeko"},{"floor":23,"key":"Grinning Jar"},{"floor":26,"key":"Replay:Bandana"},{"floor":28,"key":"Replay:Mystery Machine"}],"event_choices":[],"is_beta":false,"boss_relics":[{"not_picked":["jedi:hotpepper","Astrolabe"],"picked":"MysterySword"}],"items_purged_floors":[],"is_endless":false,"potions_floor_spawned":[3,12,16,18,23,25],"killed_by":"Gensokyo:Slime_Group","ascension_level":13}}