{"host":"3a1ypf1irl30q4k8","time":1609160064,"event":{"mods":["AchievementEnabler","BaseMod","Bestiary","Colored Map","Minty Spire (QoL Compilation)","Relic Stats"],"gold_per_floor":[113,127,127,147,163,163,179,197,265,287,0,28,28,46,46,46,46],"floor_reached":16,"playtime":608,"items_purged":["Strike_R"],"score":182,"play_id":"3116f0b9-5a5b-4188-98bf-892ba8c5baa1","local_time":"20201228125424","is_ascension_mode":true,"campfire_choices":[{"floor":6,"key":"DIG"},{"data":"Combust","floor":15,"key":"SMITH"}],"circlet_count":0,"master_deck":["AscendersBane","Strike_R","Strike_R","Strike_R","Strike_R","Defend_R","Defend_R","Defend_R","Defend_R","Bash","Anger","Clothesline","Sword Boomerang","Rampage","Offering","Power Through","Combust","Combust+1","Rage","Headbutt"],"relics":["Burning Blood","Shovel","HornCleat","Gremlin Horn","Odd Mushroom","Regal Pillow","Lizard Tail"],"acts_visited":["Exordium"],"potions_floor_usage":[10,12],"damage_taken":[{"damage":7,"enemies":"Jaw Worm","floor":1,"turns":3},{"damage":7,"enemies":"Small Slimes","floor":2,"turns":3},{"damage":0,"enemies":"Cultist","floor":4,"turns":3},{"damage":11,"enemies":"Blue Slaver","floor":5,"turns":3},{"damage":13,"enemies":"Large Slime","floor":7,"turns":4},{"damage":4,"enemies":"Red Slaver","floor":8,"turns":3},{"damage":13,"enemies":"The Mushroom Lair","floor":10,"turns":4},{"damage":41,"enemies":"Lagavulin","floor":12,"turns":6},{"damage":7,"enemies":"Gremlin Gang","floor":14,"turns":5},{"damage":46,"enemies":"Slime Boss","floor":16,"turns":6}],"seed_played":"-6684451216976399626","potions_obtained":[{"floor":2,"key":"SpeedPotion"},{"floor":8,"key":"DistilledChaos"},{"floor":12,"key":"ColorlessPotion"}],"is_trial":false,"path_per_floor":["M","M","?","M","M","R","M","M","T","?","$","E","$","M","R","B"],"character_chosen":"IRONCLAD","items_purchased":["Regal Pillow","Combust"],"campfire_rested":0,"item_purchase_floors":[11,11],"current_hp_per_floor":[49,48,53,59,54,54,47,49,49,42,42,7,7,46,46,0,0],"gold":46,"neow_bonus":"ONE_RARE_RELIC","is_daily":false,"chose_seed":false,"campfire_upgraded":1,"win_rate":0.0,"timestamp":1609160064,"path_taken":["M","M","?","M","M","R","M","M","T","?","$","E","$","M","R","BOSS"],"items_purchased_type":["Relic","Card"],"build_version":"2020-12-22","purchased_purges":1,"victory":false,"max_hp_per_floor":[75,75,80,80,80,80,80,80,80,80,80,80,80,80,80,80,80],"relic_stats":{"Regal Pillow":0,"Lizard Tail":40,"Shovel":1,"Gremlin Horn":[5,5],"counters":[10,40],"obtain_stats":[{"Regal Pillow":11,"Lizard Tail":12,"Shovel":0,"HornCleat":6,"Gremlin Horn":9,"Odd Mushroom":10,"Burning Blood":0},{"Regal Pillow":7,"Lizard Tail":8,"Shovel":0,"HornCleat":4,"Gremlin Horn":6,"Odd Mushroom":7,"Burning Blood":0},{"Regal Pillow":23,"Lizard Tail":29,"Shovel":0,"HornCleat":12,"Gremlin Horn":19,"Odd Mushroom":23,"Burning Blood":0}],"Burning Blood":54},"card_choices":[{"not_picked":["Bloodletting","Headbutt"],"picked":"Anger","floor":1},{"not_picked":["Anger","Twin Strike"],"picked":"Clothesline","floor":2},{"not_picked":["Clothesline","Clash"],"picked":"Sword Boomerang","floor":4},{"not_picked":["Sentinel","Flex"],"picked":"Rampage","floor":5},{"not_picked":["Fire Breathing","Sword Boomerang"],"picked":"Offering","floor":7},{"not_picked":["Body Slam","Sword Boomerang"],"picked":"Power Through","floor":8},{"not_picked":["Intimidate","Twin Strike"],"picked":"Combust","floor":10},{"not_picked":["Thunderclap","Cleave"],"picked":"Rage","floor":12},{"not_picked":["Twin Strike","Feel No Pain"],"picked":"Headbutt","floor":14}],"player_experience":899713,"relics_obtained":[{"floor":6,"key":"HornCleat"},{"floor":9,"key":"Gremlin Horn"},{"floor":10,"key":"Odd Mushroom"},{"floor":12,"key":"Lizard Tail"}],"event_choices":[{"damage_healed":0,"gold_gain":0,"player_choice":"Donut","damage_taken":0,"max_hp_gain":5,"max_hp_loss":0,"event_name":"Big Fish","floor":3,"gold_loss":0},{"damage_healed":0,"gold_gain":0,"player_choice":"Fought Mushrooms","damage_taken":0,"max_hp_gain":0,"max_hp_loss":0,"event_name":"Mushrooms","floor":10,"gold_loss":0}],"is_beta":false,"boss_relics":[],"items_purged_floors":[11],"is_endless":false,"potions_floor_spawned":[2,8,12],"killed_by":"Slime Boss","ascension_level":15}}