{"host":"6za4ayowsop7ft3x","time":1609173817,"event":{"mods":["AchievementEnabler","BaseMod","Bestiary","Colored Map","Colored Powertips","Curses Come First","Downfall","Highlight Path","Minty Spire (QoL Compilation)","Quick Restart","StSLib"],"gold_per_floor":[117,137,156,171,190,190,225,240,240,240,240,303,303,323,323,422,422,436,448,448,0,0,0],"floor_reached":22,"playtime":1017,"items_purged":[],"score":188,"play_id":"532c5af3-4418-4f77-b603-42645b54c198","local_time":"20201229004337","is_ascension_mode":false,"campfire_choices":[{"data":"Noxious Fumes","floor":6,"key":"SMITH"},{"floor":11,"key":"REST"},{"floor":13,"key":"REST"},{"floor":15,"key":"REST"}],"circlet_count":0,"master_deck":["Strike_G","Strike_G","Strike_G","Strike_G","Strike_G","Defend_G+1","Defend_G","Defend_G","Defend_G","Defend_G+1","Survivor","Neutralize","Dagger Spray","Predator","Poisoned Stab","Noxious Fumes+1","Escape Plan","Reflex","Distraction","Terror","Blur","Corpse Explosion","Acrobatics+1","Bouncing Flask","Noxious Fumes+1","Footwork","PiercingWail","Transmutation","Leg Sweep","Jack Of All Trades"],"relics":["Ring of the Snake","NeowsBlessing","Bottled Lightning","War Paint","Shuriken","Sozu"],"acts_visited":["Exordium","TheCity"],"potions_floor_usage":[8,12],"damage_taken":[{"damage":0,"enemies":"Jaw Worm","floor":1,"turns":1},{"damage":0,"enemies":"Small Slimes","floor":2,"turns":1},{"damage":0,"enemies":"Cultist","floor":3,"turns":1},{"damage":16,"enemies":"Red Slaver","floor":4,"turns":4},{"damage":5,"enemies":"2 Fungi Beasts","floor":5,"turns":3},{"damage":29,"enemies":"Gremlin Nob","floor":7,"turns":5},{"damage":10,"enemies":"Looter","floor":8,"turns":3},{"damage":18,"enemies":"Gremlin Nob","floor":12,"turns":5},{"damage":8,"enemies":"Large Slime","floor":14,"turns":4},{"damage":26,"enemies":"The Guardian","floor":16,"turns":11},{"damage":18,"enemies":"Spheric Guardian","floor":18,"turns":5},{"damage":5,"enemies":"Shell Parasite","floor":19,"turns":5},{"damage":50,"enemies":"Cultist and Chosen","floor":22,"turns":5}],"seed_played":"-4817378767377915544","potions_obtained":[{"floor":2,"key":"Dexterity Potion"},{"floor":7,"key":"LiquidBronze"},{"floor":12,"key":"Weak Potion"},{"floor":16,"key":"EntropicBrew"}],"is_trial":false,"path_per_floor":["M","M","M","M","M","R","E","M","T","?","R","?","R","M","R","B",null,"M","M","?","$","M"],"character_chosen":"THE_SILENT","items_purchased":["Footwork","PiercingWail","Transmutation","Leg Sweep","Jack Of All Trades"],"campfire_rested":3,"item_purchase_floors":[21,21,21,21,21],"current_hp_per_floor":[70,70,70,54,49,49,20,10,10,7,28,10,31,23,44,18,70,52,47,47,47,0,0],"gold":0,"neow_bonus":"THREE_ENEMY_KILL","is_daily":false,"chose_seed":false,"campfire_upgraded":1,"win_rate":0.0,"timestamp":1609173817,"path_taken":["M","M","M","M","M","R","E","M","T","?","R","?","R","M","R","BOSS","M","M","?","$","?"],"items_purchased_type":["Card","Card","Card","Card","Card"],"build_version":"2020-12-22","purchased_purges":0,"victory":false,"max_hp_per_floor":[70,70,70,70,70,70,70,70,70,70,70,70,70,70,70,70,70,70,70,70,70,70,70],"card_choices":[{"not_picked":["Backflip","Crippling Poison"],"picked":"Dagger Spray","floor":1},{"not_picked":["Dagger Spray","Quick Slash"],"picked":"Predator","floor":2},{"not_picked":["Outmaneuver","Dodge and Roll"],"picked":"Poisoned Stab","floor":3},{"not_picked":["Well Laid Plans","Poisoned Stab"],"picked":"Noxious Fumes","floor":4},{"not_picked":["Terror","PiercingWail"],"picked":"Escape Plan","floor":5},{"not_picked":["Expertise","Deadly Poison"],"picked":"Reflex","floor":7},{"not_picked":["Flying Knee","Dagger Throw"],"picked":"Distraction","floor":8},{"not_picked":["Slice","PiercingWail"],"picked":"Terror","floor":12},{"not_picked":["Outmaneuver","Dodge and Roll"],"picked":"Blur","floor":14},{"not_picked":["Wraith Form v2","Malaise"],"picked":"Corpse Explosion","floor":16},{"not_picked":["Deadly Poison","Predator"],"picked":"Acrobatics+1","floor":18},{"not_picked":["Finisher","Quick Slash"],"picked":"Bouncing Flask","floor":19}],"player_experience":14202,"relics_obtained":[{"floor":7,"key":"Bottled Lightning"},{"floor":9,"key":"War Paint"}],"event_choices":[{"damage_healed":0,"gold_gain":0,"player_choice":"Fled","damage_taken":3,"max_hp_gain":0,"max_hp_loss":0,"event_name":"Scrap Ooze","floor":10,"gold_loss":0},{"damage_healed":0,"gold_gain":0,"player_choice":"Searched \u00273\u0027 times","damage_taken":0,"relics_obtained":["Shuriken"],"max_hp_gain":0,"max_hp_loss":0,"event_name":"Dead Adventurer","floor":12,"gold_loss":0},{"damage_healed":0,"gold_gain":0,"player_choice":"Copied","damage_taken":0,"max_hp_gain":0,"max_hp_loss":0,"event_name":"Duplicator","floor":20,"gold_loss":0,"cards_obtained":["Noxious Fumes"]}],"is_beta":false,"boss_relics":[{"not_picked":["Runic Pyramid","Calling Bell"],"picked":"Sozu"}],"items_purged_floors":[],"is_endless":false,"potions_floor_spawned":[2,7,12,16,19],"killed_by":"Cultist and Chosen","ascension_level":0}}