{"host":"nox","time":1609161821,"event":{"mods":["Act Like it!","Aspiration","BaseMod","Better Altar","Better Match","Better Note","Better Sensory Stone","Better Skull","Better Third Choice","BetterRewards","Colored Powertips","Conspire","Energized Spire","GifTheSpireLib","Hubris","Infinite Spire","Minty Spire (QoL Compilation)","Pale of the Ancients","Quick Restart","Rare Cards Sparkle","Replay The Spire","Shop Mod","Spikes Relics","StSLib","Stuff the Spire","SuperFastMode","The Alterego","vexMod"],"gold_per_floor":[112,123,138,151,163,163,163,163],"floor_reached":7,"playtime":225,"items_purged":[],"score":61,"play_id":"6246fcb2-f860-43d3-bb27-2c0214fd3763","local_time":"20201228202341","is_ascension_mode":true,"campfire_choices":[{"floor":6,"key":"REST"}],"circlet_count":0,"master_deck":["Strike_G","Strike_G","Strike_G","Strike_G","Strike_G","Defend_G","Defend_G","Defend_G","Defend_G","Defend_G","Survivor","Neutralize","Deflect","Bane","StuffTheSpire:Incantation","Sucker Punch"],"relics":["Ring of the Snake","StuffTheSpire:Nightcore"],"acts_visited":["Exordium"],"potions_floor_usage":[7],"damage_taken":[{"damage":3,"enemies":"2 Louse","floor":1,"turns":4},{"damage":0,"enemies":"Cultist","floor":2,"turns":2},{"damage":9,"enemies":"Small Slimes","floor":3,"turns":4},{"damage":32,"enemies":"Exordium Wildlife","floor":4,"turns":7},{"damage":1,"enemies":"Looter","floor":5,"turns":3},{"damage":31,"enemies":"Gremlin Nob","floor":7,"turns":4}],"seed_played":"-7599980467525493769","potions_obtained":[{"floor":3,"key":"Reflective Coating"},{"floor":5,"key":"Elixir"}],"is_trial":false,"path_per_floor":["M","M","M","M","M","R","E"],"character_chosen":"THE_SILENT","items_purchased":[],"campfire_rested":1,"item_purchase_floors":[],"current_hp_per_floor":[48,48,39,7,6,27,0,0],"gold":163,"neow_bonus":"","is_daily":false,"chose_seed":false,"campfire_upgraded":0,"win_rate":0.0,"timestamp":1609161821,"path_taken":["M","M","M","M","M","R","E"],"items_purchased_type":[],"build_version":"2020-11-17","purchased_purges":0,"victory":false,"max_hp_per_floor":[70,70,70,70,70,70,70,70],"card_choices":[{"not_picked":["Deadly Poison","Sucker Punch"],"picked":"Bane","floor":1},{"not_picked":["Cloak And Dagger","Draining Mist","Catalyst"],"picked":"SKIP","floor":2},{"not_picked":["Hidden Blade","Dodge and Roll"],"picked":"StuffTheSpire:Incantation","floor":3},{"not_picked":["Caltrops","StuffTheSpire:BumpUp","Well Laid Plans"],"picked":"SKIP","floor":4},{"not_picked":["Dagger Throw","Infinite Blades"],"picked":"Sucker Punch","floor":5}],"player_experience":274080,"relics_obtained":[],"event_choices":[],"is_beta":true,"boss_relics":[],"items_purged_floors":[],"is_endless":false,"potions_floor_spawned":[3,5],"killed_by":"Gremlin Nob","ascension_level":7}}