{"host":"xt3o4iokwksypl90","time":1609181421,"event":{"mods":["AchievementEnabler","BaseMod","Googly Eyes","Highlight Path","Minty Spire (QoL Compilation)","Permanent Neow"],"gold_per_floor":[119,138,155,170,21,21,53,72,72,104,120,45,45,76,76,172,172,143,156,156,167,177,177,203,215,215,215,232,263,303,329,341,450,462,492,726,1093,1115,1143,1184,1196,1241,1276,130,141,158,176,205,205,205,205,205,105,134,134,134],"floor_reached":55,"playtime":4746,"items_purged":["Strike_G","Injury","Parasite"],"score":1158,"play_id":"1cceb0ff-64b0-4c9c-8f88-7a1d527d3d61","local_time":"20201228195021","is_ascension_mode":true,"campfire_choices":[{"data":"Noxious Fumes","floor":6.0,"key":"SMITH"},{"data":"1","floor":13.0,"key":"LIFT"},{"data":"2","floor":15.0,"key":"LIFT"},{"data":"3","floor":23.0,"key":"LIFT"},{"data":"Neutralize","floor":32,"key":"SMITH"},{"floor":41,"key":"RECALL"},{"floor":49,"key":"REST"},{"data":"A Thousand Cuts","floor":52,"key":"SMITH"}],"circlet_count":0,"master_deck":["Strike_G+1","Strike_G+1","Strike_G+1","Strike_G+1","Defend_G+1","Defend_G+1","Defend_G+1","Defend_G+1","Defend_G+1","Survivor+1","Neutralize+1","Poisoned Stab","Dodge and Roll","Noxious Fumes+1","PiercingWail+1","Expertise+1","Footwork","Backflip+1","Backstab","Doppelganger+1","Bouncing Flask+1","Dodge and Roll+1","PiercingWail+1","Phantasmal Killer+1","Bane+1","Blade Dance+1","PiercingWail+1","Unload+1","All Out Attack+1","Deadly Poison+1","Distraction+1","Dodge and Roll+1","A Thousand Cuts+1","Caltrops","Flash of Steel+1","Burst+1","Wraith Form v2"],"relics":["Busted Crown","Toxic Egg 2","Matryoshka","Girya","Blue Candle","Cursed Key","Molten Egg 2","Oddly Smooth Stone","Unceasing Top","MawBank","Red Mask","Philosopher\u0027s Stone","Old Coin","The Courier","Ornamental Fan","Singing Bowl","Pantograph","Bag of Preparation","Question Card","Regal Pillow","Bottled Tornado","Tingsha","War Paint"],"acts_visited":["Exordium","TheCity","TheBeyond","TheEnding"],"potions_floor_usage":[30,47],"damage_taken":[{"damage":0.0,"enemies":"2 Louse","floor":1.0,"turns":3.0},{"damage":7.0,"enemies":"Small Slimes","floor":2.0,"turns":3.0},{"damage":0.0,"enemies":"Jaw Worm","floor":3.0,"turns":3.0},{"damage":6.0,"enemies":"Looter","floor":4.0,"turns":4.0},{"damage":5.0,"enemies":"Lagavulin","floor":7.0,"turns":7.0},{"damage":1.0,"enemies":"Exordium Wildlife","floor":8.0,"turns":4.0},{"damage":6.0,"enemies":"3 Sentries","floor":10.0,"turns":7.0},{"damage":0.0,"enemies":"3 Louse","floor":11.0,"turns":5.0},{"damage":3.0,"enemies":"Lagavulin","floor":14.0,"turns":8.0},{"damage":0.0,"enemies":"The Guardian","floor":16.0,"turns":9.0},{"damage":14.0,"enemies":"2 Thieves","floor":18.0,"turns":5.0},{"damage":0.0,"enemies":"Chosen","floor":19.0,"turns":4.0},{"damage":2.0,"enemies":"3 Cultists","floor":21.0,"turns":6.0},{"damage":6.0,"enemies":"Shelled Parasite and Fungi","floor":22.0,"turns":4.0},{"damage":0.0,"enemies":"Book of Stabbing","floor":24.0,"turns":5.0},{"damage":0.0,"enemies":"Centurion and Healer","floor":25.0,"turns":5.0},{"damage":10.0,"enemies":"Cultist and Chosen","floor":28.0,"turns":8.0},{"damage":16,"enemies":"Gremlin Leader","floor":29,"turns":7},{"damage":1,"enemies":"Masked Bandits","floor":30,"turns":3},{"damage":0,"enemies":"3 Cultists","floor":31,"turns":3},{"damage":1,"enemies":"Collector","floor":33,"turns":5},{"damage":0,"enemies":"3 Shapes","floor":35,"turns":5},{"damage":2,"enemies":"2 Orb Walkers","floor":37,"turns":5},{"damage":0,"enemies":"Orb Walker","floor":38,"turns":3},{"damage":5,"enemies":"Jaw Worm Horde","floor":39,"turns":3},{"damage":2,"enemies":"Nemesis","floor":40,"turns":5},{"damage":16,"enemies":"Giant Head","floor":42,"turns":6},{"damage":1,"enemies":"4 Shapes","floor":45,"turns":5},{"damage":1,"enemies":"Sphere and 2 Shapes","floor":46,"turns":3},{"damage":5,"enemies":"Jaw Worm Horde","floor":47,"turns":2},{"damage":0,"enemies":"Nemesis","floor":48,"turns":3},{"damage":20,"enemies":"Donu and Deca","floor":50,"turns":8},{"damage":33,"enemies":"Shield and Spear","floor":54,"turns":5},{"damage":111,"enemies":"The Heart","floor":55,"turns":3}],"seed_played":"-8802103640067646972","potions_obtained":[{"floor":3.0,"key":"DistilledChaos"},{"floor":4.0,"key":"GhostInAJar"},{"floor":8.0,"key":"ColorlessPotion"},{"floor":11.0,"key":"Dexterity Potion"},{"floor":22.0,"key":"GamblersBrew"},{"floor":24.0,"key":"Regen Potion"},{"floor":28.0,"key":"Ancient Potion"},{"floor":29,"key":"Energy Potion"},{"floor":39,"key":"GamblersBrew"},{"floor":45,"key":"Regen Potion"},{"floor":48,"key":"SpeedPotion"}],"is_trial":false,"path_per_floor":["M","M","M","M","$","R","E","M","T","E","M","$","R","E","R","B",null,"M","M","?","M","M","R","E","M","T","?","M","E","?","M","R","B",null,"M","?","?","M","M","E","R","E","T","$","M","M","M","E","R","B",null,"R","$","E","B"],"character_chosen":"THE_SILENT","items_purchased":["Dodge and Roll","Noxious Fumes","PiercingWail","Pantograph","Bag of Preparation","A Thousand Cuts","Caltrops","Question Card","Flash of Steel+1","Regal Pillow","Bottled Tornado"],"campfire_rested":1,"item_purchase_floors":[5,5,5,44,44,44,44,44,44,44,44],"current_hp_per_floor":[70,63,63,57,57,57,52,51,51,45,45,45,45,42,42,42,70,56,56,56,54,48,48,48,48,48,48,53,37,36,36,36,35,70,70,70,68,68,63,61,61,45,45,45,46,47,47,47,74,54,74,74,71,40,0,0],"gold":134,"neow_bonus":"BOSS_RELIC","is_daily":false,"chose_seed":false,"campfire_upgraded":3,"win_rate":0.0,"timestamp":1609181421,"path_taken":["M","M","M","M","$","R","E","M","T","E","M","$","R","E","R","BOSS","M","M","?","M","M","R","E","M","T","?","M","E","?","M","R","BOSS","M","?","?","M","M","E","R","E","T","?","M","M","M","E","R","BOSS","R","$","E","BOSS"],"items_purchased_type":["Card","Card","Card","Relic","Relic","Card","Card","Relic","Card","Relic","Relic"],"build_version":"2020-12-22","purchased_purges":3,"victory":false,"max_hp_per_floor":[70,70,70,70,70,70,70,70,70,70,70,70,70,70,70,70,70,70,70,70,70,70,70,70,70,70,70,70,70,70,70,70,70,70,70,70,70,70,70,70,70,70,70,70,72,74,74,74,74,74,74,74,71,73,73,73],"card_choices":[{"not_picked":[],"picked":"Poisoned Stab","floor":1.0},{"not_picked":["Outmaneuver"],"picked":"SKIP","floor":2.0},{"not_picked":["Outmaneuver"],"picked":"SKIP","floor":3.0},{"not_picked":["Prepared"],"picked":"SKIP","floor":4.0},{"not_picked":[],"picked":"Expertise+1","floor":7.0},{"not_picked":["Endless Agony"],"picked":"SKIP","floor":8.0},{"not_picked":[],"picked":"Footwork","floor":10.0},{"not_picked":[],"picked":"Backflip+1","floor":11.0},{"not_picked":[],"picked":"Backstab","floor":14.0},{"not_picked":[],"picked":"Doppelganger+1","floor":16.0},{"not_picked":["Outmaneuver+1"],"picked":"SKIP","floor":18.0},{"not_picked":[],"picked":"Bouncing Flask+1","floor":19.0},{"not_picked":[],"picked":"Dodge and Roll+1","floor":21.0},{"not_picked":["Deadly Poison+1"],"picked":"SKIP","floor":22.0},{"not_picked":[],"picked":"PiercingWail+1","floor":24.0},{"not_picked":["Prepared+1"],"picked":"SKIP","floor":25.0},{"not_picked":["Acrobatics+1"],"picked":"SKIP","floor":28.0},{"not_picked":[],"picked":"Bane+1","floor":29},{"not_picked":[],"picked":"Blade Dance+1","floor":30},{"not_picked":[],"picked":"PiercingWail+1","floor":31},{"not_picked":[],"picked":"Unload+1","floor":33},{"not_picked":[],"picked":"All Out Attack+1","floor":35},{"not_picked":[],"picked":"Deadly Poison+1","floor":37},{"not_picked":["Finisher+1"],"picked":"SKIP","floor":38},{"not_picked":["Quick Slash+1"],"picked":"SKIP","floor":39},{"not_picked":[],"picked":"Distraction+1","floor":40},{"not_picked":[],"picked":"Dodge and Roll+1","floor":42},{"not_picked":["Escape Plan+1","Poisoned Stab+1"],"picked":"Singing Bowl","floor":45},{"not_picked":["Quick Slash+1","Underhanded Strike+1"],"picked":"Singing Bowl","floor":46},{"not_picked":["Underhanded Strike+1"],"picked":"Burst+1","floor":47},{"not_picked":["Bane+1"],"picked":"Wraith Form v2","floor":48},{"not_picked":["Outmaneuver+1","Skewer+1"],"picked":"Singing Bowl","floor":54}],"player_experience":220158,"relics_obtained":[{"floor":7.0,"key":"Toxic Egg 2"},{"floor":9.0,"key":"Matryoshka"},{"floor":10.0,"key":"Girya"},{"floor":14.0,"key":"Blue Candle"},{"floor":24.0,"key":"Molten Egg 2"},{"floor":26.0,"key":"Oddly Smooth Stone"},{"floor":26.0,"key":"Unceasing Top"},{"floor":29,"key":"MawBank"},{"floor":30,"key":"Red Mask"},{"floor":37,"key":"Old Coin"},{"floor":40,"key":"The Courier"},{"floor":42,"key":"Ornamental Fan"},{"floor":43,"key":"Singing Bowl"},{"floor":48,"key":"Tingsha"},{"floor":54,"key":"War Paint"}],"event_choices":[{"damage_healed":0.0,"max_hp_gain":0.0,"max_hp_loss":0.0,"gold_gain":0.0,"event_name":"Back to Basics","player_choice":"Simplicity","floor":20.0,"gold_loss":0.0,"damage_taken":0.0,"cards_upgraded":["Strike_G","Strike_G","Strike_G","Strike_G","Defend_G","Defend_G","Defend_G","Defend_G","Defend_G"]},{"damage_healed":0.0,"max_hp_gain":0.0,"max_hp_loss":0.0,"gold_gain":0.0,"event_name":"The Library","player_choice":"Read","floor":27.0,"gold_loss":0.0,"damage_taken":0.0,"cards_obtained":["Phantasmal Killer"]},{"damage_healed":0,"gold_gain":0,"player_choice":"Fought Bandits","damage_taken":0,"max_hp_gain":0,"max_hp_loss":0,"event_name":"Masked Bandits","floor":30,"gold_loss":0},{"damage_healed":0,"gold_gain":222,"player_choice":"Wore Mask","damage_taken":0,"max_hp_gain":0,"max_hp_loss":0,"event_name":"Tomb of Lord Red Mask","floor":36,"gold_loss":0},{"damage_healed":0,"gold_gain":0,"player_choice":"Fight","damage_taken":0,"max_hp_gain":0,"max_hp_loss":0,"event_name":"Mysterious Sphere","floor":37,"gold_loss":0}],"is_beta":false,"boss_relics":[{"not_picked":["Pandora\u0027s Box","HoveringKite"],"picked":"Cursed Key"},{"not_picked":["Tiny House","Calling Bell"],"picked":"Philosopher\u0027s Stone"}],"items_purged_floors":[12,44,53],"is_endless":false,"potions_floor_spawned":[3,4,8,11,22,24,28,29,39,42,45,48,54],"killed_by":"The Heart","ascension_level":4}}