{"host":"w5c60nchricmn3zb","time":1609143014,"event":{"mods":["BaseMod","Conspire","Downfall","Duelist Mod","Infinite Spire","Minty Spire (QoL Compilation)","Permanent Neow","Random Character Button","Relic Sorter","Replay The Spire","StSLib","The Bug Knight","The Cursed","The Disciple","The Jungle","The Mystic","The Runesmith","The Wild Card"],"gold_per_floor":[142,92,17,35,47,73,73,106,159,159,159,173,173,184,184,280,280,294,304,304,304,304,237,237,248,248,248,248,281,281,281,281,383,433,453,473,473,483,500,500,518,531,557,557,557,557,557,573,573,573,573],"floor_reached":50,"playtime":4208,"items_purged":["theDuelist:GiantSoldier","theDuelist:GiantSoldier"],"score":470,"play_id":"16280793-cf5a-4ca2-aebc-33f0922ea9ea","local_time":"20201228031014","is_ascension_mode":false,"campfire_choices":[{"floor":7,"key":"REST"},{"floor":10,"key":"REST"},{"data":"theDuelist:ScrapFactory","floor":13,"key":"SMITH"},{"data":"theDuelist:WhiteMagicalHat","floor":15,"key":"SMITH"},{"floor":27,"key":"REST"},{"data":"theDuelist:BeaverWarrior","floor":30,"key":"SMITH"},{"floor":32,"key":"REST"},{"floor":40,"key":"REST"},{"floor":44,"key":"REST"},{"floor":49,"key":"REST"}],"circlet_count":0,"master_deck":["theDuelist:BeaverWarrior","theDuelist:BeaverWarrior+1","theDuelist:FinalFlame","theDuelist:ScrapFactory+1","theDuelist:Sparks","theDuelist:Sparks","theDuelist:DarkFactory+1","theDuelist:WhiteMagicalHat+1","Master of Strategy","theDuelist:Wildfire","theDuelist:Sangan","theDuelist:AmuletAmbition+1","theDuelist:MillenniumShield+1","theDuelist:GravityLash","theDuelist:HappyLover+1","theDuelist:Sangan","theDuelist:MythicalBeast","theDuelist:HaneHane+1","theDuelist:Electrowhip+1","theDuelist:CharcoalInpachi+2","theDuelist:WhiteMagicalHat+1"],"relics":["theDuelist:MillenniumPuzzle","theDuelist:CardPoolRelic","theDuelist:CardPoolBasicRelic","theDuelist:BoosterPackPoolRelic","theDuelist:CardPoolAddRelic","theDuelist:CardPoolMinusRelic","theDuelist:CardPoolSaveRelic","theDuelist:CardPoolOptionsRelic","Paper Frog","Replay:Baseball","infinitespire:Satchel","Juzu Bracelet","infinitespire:Bottled Soul","Bottled Lightning","theDuelist:ZoneToken","Darkstone Periapt","Tiny House","War Paint","ReplayTheSpireMod:Ninjato"],"acts_visited":["Exordium","TheCity","TheBeyond"],"potions_floor_usage":[25,29,33,33,39,42,50,50],"damage_taken":[{"damage":0,"enemies":"2 Louse","floor":1,"turns":4},{"damage":8,"enemies":"conspire:RoseBush","floor":4,"turns":2},{"damage":5,"enemies":"Jaw Worm","floor":5,"turns":3},{"damage":20,"enemies":"Replay:BlueRogue","floor":6,"turns":5},{"damage":29,"enemies":"Gremlin Nob","floor":8,"turns":5},{"damage":4,"enemies":"Looter","floor":12,"turns":2},{"damage":0,"enemies":"Exordium Wildlife","floor":14,"turns":2},{"damage":20,"enemies":"Fading Forest","floor":16,"turns":11},{"damage":15,"enemies":"Chosen","floor":18,"turns":4},{"damage":14,"enemies":"conspire:HollyBat","floor":19,"turns":7},{"damage":16,"enemies":"Chosen and Byrds","floor":25,"turns":5},{"damage":13,"enemies":"Replay:Snechameleon","floor":29,"turns":6},{"damage":59,"enemies":"Champ","floor":33,"turns":10},{"damage":13,"enemies":"3 Shapes","floor":35,"turns":5},{"damage":10,"enemies":"Orb Walker","floor":36,"turns":2},{"damage":24,"enemies":"Jaw Worm Horde","floor":38,"turns":4},{"damage":12,"enemies":"Transient","floor":39,"turns":5},{"damage":16,"enemies":"Spire Growth","floor":41,"turns":5},{"damage":24,"enemies":"3 Darklings","floor":42,"turns":4},{"damage":0,"enemies":"Sphere and 2 Shapes","floor":48,"turns":3},{"damage":100,"enemies":"LordOfAnnihilation","floor":50,"turns":7}],"seed_played":"-1991489088476528566","potions_obtained":[{"floor":6,"key":"SteroidPotion"},{"floor":16,"key":"Languid Potion"},{"floor":18,"key":"theDuelist:WhiteBottle"},{"floor":25,"key":"theDuelist:StunPotion"},{"floor":33,"key":"SteroidPotion"},{"floor":34,"key":"conspire:TimeTravelPotion"},{"floor":36,"key":"theDuelist:VampireVial"},{"floor":39,"key":"theDuelist:IcePotion"}],"is_trial":false,"path_per_floor":["M","?","$","M","M","E","R","E","T","R","?","M","R","M","R","B",null,"M","M","AVR","?","T","?","?","M","T","R","?","E","R","?","R","B",null,"M","M","?","M","M","R","M","M","T","R","T","?","?","M","R","B"],"character_chosen":"THE_DUELIST","items_purchased":[],"campfire_rested":7,"item_purchase_floors":[],"current_hp_per_floor":[80,80,80,72,67,47,71,42,42,66,66,62,62,62,62,69,80,65,51,51,51,51,51,51,35,35,59,53,40,40,40,64,5,85,72,62,62,38,26,51,35,15,15,40,40,40,32,32,57,0,0],"gold":573,"neow_bonus":"TRANSFORM_TWO_CARDS","is_daily":false,"chose_seed":false,"campfire_upgraded":3,"win_rate":0.0,"timestamp":1609143014,"path_taken":["M","?","$","M","M","E","R","E","T","R","?","?","R","M","R","BOSS","M","M","AVR","?","?","?","?","M","T","R","?","E","R","?","R","BOSS","M","M","?","M","M","R","M","M","T","R","?","?","?","M","R","BOSS"],"items_purchased_type":[],"build_version":"2020-12-22","purchased_purges":2,"victory":false,"max_hp_per_floor":[80,80,80,80,80,80,80,80,80,80,80,80,80,80,80,80,80,80,80,80,80,80,80,80,80,80,80,80,80,80,80,80,80,85,85,85,85,85,85,85,85,85,85,85,85,85,85,85,85,85,85],"card_choices":[{"not_picked":["Apotheosis","Dark Shackles","Mind Blast"],"picked":"Master of Strategy","floor":1},{"not_picked":["theDuelist:YamiForm","theDuelist:FeatherShot"],"picked":"theDuelist:Wildfire","floor":4},{"not_picked":["theDuelist:SpellShatteringArrow","theDuelist:Hinotama","theDuelist:DoubleTool","theDuelist:RainbowNeos"],"picked":"theDuelist:Sangan","floor":5},{"not_picked":["theDuelist:LegendarySword","theDuelist:FusionWeapon","theDuelist:Predaponics","theDuelist:CrystalBlessing"],"picked":"theDuelist:AmuletAmbition","floor":6},{"not_picked":["theDuelist:BattleOx","theDuelist:PreventRat","theDuelist:LightningRodLord","theDuelist:DianKeto","theDuelist:DestructPotion"],"picked":"SKIP","floor":8},{"not_picked":["theDuelist:SpellShatteringArrow","theDuelist:Hinotama","theDuelist:CombinationAttack","theDuelist:BigFire","theDuelist:FuryFire"],"picked":"SKIP","floor":12},{"not_picked":["theDuelist:WhiteHowling","theDuelist:ImperialOrder","theDuelist:Electrowhip","theDuelist:ElectromagneticShield","theDuelist:SwordsConcealing"],"picked":"SKIP","floor":14},{"not_picked":["theDuelist:SevenCompleted","theDuelist:LightningBlade","theDuelist:InstantFusion","theDuelist:GridRod"],"picked":"theDuelist:MillenniumShield","floor":16},{"not_picked":["theDuelist:Raigeki","theDuelist:LightningVortex","theDuelist:PotDuality","theDuelist:ChaosSeed"],"picked":"theDuelist:GravityLash","floor":18},{"not_picked":["theDuelist:KamionTimelord+1","theDuelist:Eva","theDuelist:RainbowKuriboh","theDuelist:RainbowOverdragon+1"],"picked":"theDuelist:HappyLover+1","floor":19},{"not_picked":["theDuelist:SangaEarth","theDuelist:WhiteMagicalHat","theDuelist:Eva","theDuelist:Sangan"],"picked":"theDuelist:MythicalBeast","floor":25},{"not_picked":["theDuelist:EarthquakeGiant","theDuelist:GreenGraveOni","theDuelist:ElectromagneticShield","theDuelist:BattleOx"],"picked":"theDuelist:HaneHane+1","floor":29},{"not_picked":["theDuelist:SwordDeepSeated+1","theDuelist:LegendHeart","theDuelist:FrontierWiseman+1","theDuelist:DarkBurningAttack","theDuelist:BattleFootballer"],"picked":"SKIP","floor":35},{"not_picked":["theDuelist:WhiteMagicalHat+1","theDuelist:SpiritHarp","theDuelist:RainbowNeos+1","theDuelist:HappyLover","theDuelist:Eva+1"],"picked":"SKIP","floor":36},{"not_picked":["theDuelist:CrossAttack","theDuelist:MagnumShield","theDuelist:ElectromagneticShield+1","theDuelist:Invigoration"],"picked":"theDuelist:Electrowhip+1","floor":38},{"not_picked":["theDuelist:FrontierWiseman","theDuelist:BlackPendant+1","theDuelist:Tuningware+1","theDuelist:PreventRat","theDuelist:BattleOx+1"],"picked":"SKIP","floor":39},{"not_picked":["theDuelist:PsychicShockwave","theDuelist:HappyLover","theDuelist:FuryFire","theDuelist:GravityLash"],"picked":"theDuelist:CharcoalInpachi+2","floor":41},{"not_picked":["theDuelist:StarBlast","theDuelist:LightningBlade","theDuelist:ForbiddenLance"],"picked":"SKIP","floor":42},{"not_picked":["theDuelist:DoubleTool","theDuelist:AfterTheStorm+1","theDuelist:Downbeat+1","theDuelist:DeltaAttacker"],"picked":"theDuelist:WhiteMagicalHat+1","floor":46},{"not_picked":["theDuelist:VendreadCharge","theDuelist:AfterTheStorm","theDuelist:GravityAxe+1","theDuelist:ElectromagneticShield+1","theDuelist:MagnumShield"],"picked":"SKIP","floor":48}],"player_experience":158409,"relics_obtained":[{"floor":6,"key":"Paper Frog"},{"floor":8,"key":"Replay:Baseball"},{"floor":9,"key":"infinitespire:Satchel"},{"floor":22,"key":"infinitespire:Bottled Soul"},{"floor":26,"key":"Bottled Lightning"},{"floor":29,"key":"Darkstone Periapt"},{"floor":43,"key":"War Paint"},{"floor":45,"key":"ReplayTheSpireMod:Ninjato"}],"event_choices":[{"cards_removed":["Guardian:Aged"],"damage_healed":0,"gold_gain":0,"player_choice":"Card Removal","damage_taken":0,"max_hp_gain":0,"max_hp_loss":0,"event_name":"The Cleric","floor":2,"gold_loss":50},{"damage_healed":0,"gold_gain":0,"player_choice":"Purchased Sangan for 67 Gold.","duelist":true,"damage_taken":0,"max_hp_gain":0,"max_hp_loss":0,"event_name":"Card Trader","floor":23,"gold_loss":0},{"damage_healed":0,"gold_gain":0,"player_choice":"Leave","damage_taken":0,"max_hp_gain":0,"max_hp_loss":0,"event_name":"conspire:Investor","floor":24,"gold_loss":0},{"damage_healed":0,"gold_gain":0,"player_choice":"Dig - random Duelist relic","duelist":true,"damage_taken":0,"max_hp_gain":0,"max_hp_loss":0,"event_name":"Aknamkanon\u0027s Tomb","floor":28,"gold_loss":0},{"total_magic_score":77,"gold_gain":0,"duelist":true,"damage_taken":0,"relics_obtained":[],"points":5,"max_hp_gain":0,"max_hp_loss":0,"spent_points":{"magic":0,"greed":0,"war":0,"power":0,"hunger":0},"event_name":"Nameless Tomb","floor":31,"gold_loss":0,"cards_obtained":[]},{"damage_healed":0,"gold_gain":0,"player_choice":"Memory 1","damage_taken":0,"max_hp_gain":0,"max_hp_loss":0,"event_name":"SensoryStone","floor":46,"gold_loss":0},{"damage_healed":0,"gold_gain":0,"player_choice":"Damaged","damage_taken":8,"max_hp_gain":0,"max_hp_loss":0,"event_name":"Wheel of Change","floor":47,"gold_loss":0}],"is_beta":false,"boss_relics":[{"not_picked":["Replay:Bronze Core","Cursed Key","SlaversCollar"]},{"not_picked":["Snecko Eye","Kintsugi"],"picked":"Tiny House"}],"items_purged_floors":[3,20],"is_endless":false,"potions_floor_spawned":[5,6,8,12,16,18,25,33,36,39,42,48],"killed_by":"LordOfAnnihilation","ascension_level":0}}