{"host":"pr6x8hyknev46vut","time":1609142243,"event":{"mods":["Aspiration","BaseMod","CCEM","Colored Map","Downfall","Googly Eyes","Hermit","Highlight Path","Minty Spire (QoL Compilation)","Permanent Neow","Replay The Spire","Shop Mod","StSLib","The Bug Knight","The Construct","The Cursed","The Disciple","The Necromancer","The Runesmith","The Servant 0.9.4"],"gold_per_floor":[109,129,141,160,160,160,175,187,187,200,229,256,256,256],"floor_reached":13,"playtime":687,"items_purged":[],"score":89,"play_id":"1b9c02a2-f1c6-491d-a399-294df8cd2e32","local_time":"20201228085723","is_ascension_mode":false,"campfire_choices":[{"floor":6,"key":"RECALL"}],"circlet_count":0,"master_deck":["hermit:Strike_Hermit","hermit:Strike_Hermit","hermit:Strike_Hermit","hermit:Strike_Hermit","hermit:Defend_Hermit","hermit:Defend_Hermit","hermit:Defend_Hermit","hermit:Defend_Hermit","hermit:Snapshot","hermit:Covet","hermit:TrackingShot","hermit:Quickdraw","hermit:Virtue","hermit:Deadeye+1","hermit:LowProfile","hermit:Vantage","hermit:BigShot","Pot Of Greed","Pot Of Greed"],"relics":["hermit:Momento","aspiration:DSix","aspiration:FetidBarrel","Grinning Jar"],"acts_visited":["Exordium"],"potions_floor_usage":[],"damage_taken":[{"damage":0,"enemies":"Cultist","floor":1,"turns":3},{"damage":0,"enemies":"Small Slimes","floor":2,"turns":3},{"damage":9,"enemies":"Jaw Worm","floor":3,"turns":4},{"damage":11,"enemies":"Exordium Thugs","floor":4,"turns":6},{"damage":3,"enemies":"Exordium Wildlife","floor":7,"turns":4},{"damage":7,"enemies":"3 Louse","floor":8,"turns":3},{"damage":0,"enemies":"Blue Slaver","floor":10,"turns":3},{"damage":18,"enemies":"Lagavulin","floor":11,"turns":8},{"damage":29,"enemies":"Gremlin Nob","floor":13,"turns":4}],"seed_played":"-9056018088813006647","potions_obtained":[{"floor":2,"key":"hermit:Tonic"},{"floor":8,"key":"LiquidBronze"}],"is_trial":false,"path_per_floor":["M","M","M","M","?","R","M","M","T","M","E","T","E"],"character_chosen":"HERMIT","items_purchased":[],"campfire_rested":0,"item_purchase_floors":[],"current_hp_per_floor":[75,75,66,55,55,55,52,45,45,45,27,27,0,0],"gold":256,"neow_bonus":"DSIX","is_daily":false,"chose_seed":false,"campfire_upgraded":0,"win_rate":0.0,"timestamp":1609142243,"path_taken":["M","M","M","?","?","R","M","M","T","?","E","?","E"],"items_purchased_type":[],"build_version":"2020-12-22","purchased_purges":0,"victory":false,"max_hp_per_floor":[75,75,75,75,75,75,75,75,75,75,75,75,75,75],"card_choices":[{"not_picked":["hermit:HighCaliber","hermit:PistolWhip"],"picked":"hermit:TrackingShot","floor":1},{"not_picked":["hermit:NoHoldsBarred","hermit:Snipe"],"picked":"hermit:Quickdraw","floor":2},{"not_picked":["hermit:Coalescence","hermit:Shortfuse"],"picked":"hermit:Virtue","floor":3},{"not_picked":["hermit:Malice","hermit:HighCaliber"],"picked":"hermit:Deadeye","floor":4},{"not_picked":["hermit:Gambit","hermit:Combo"],"picked":"hermit:LowProfile","floor":7},{"not_picked":["hermit:BigShot","hermit:Dive"],"picked":"hermit:Vantage","floor":8},{"not_picked":["hermit:Desperado","hermit:ItchyTrigger","hermit:Maintenance"],"picked":"SKIP","floor":10},{"not_picked":["hermit:LowProfile","hermit:HighNoon"],"picked":"hermit:BigShot","floor":11}],"player_experience":43370,"relics_obtained":[{"floor":11,"key":"aspiration:FetidBarrel"},{"floor":12,"key":"Grinning Jar"}],"event_choices":[{"damage_healed":0,"gold_gain":0,"player_choice":"Upgraded","damage_taken":0,"max_hp_gain":0,"max_hp_loss":0,"event_name":"Upgrade Shrine","floor":5,"gold_loss":0,"cards_upgraded":["hermit:Deadeye"]}],"is_beta":false,"boss_relics":[],"items_purged_floors":[],"is_endless":false,"potions_floor_spawned":[2,8],"killed_by":"Gremlin Nob","ascension_level":0}}