{"host":"deadgod","time":1609147964,"event":{"mods":["2.2 Compatiblity","ATMod(ªü½@Mod)","BaseMod","Bestiary","CapriCore","Colored Map","Colored Powertips","GungeonMod","HololiveMod","Minty Spire (QoL Compilation)","Permanent Neow","Prisma Mod","Relic Filter","Relic Sorter","StSLib","Synergy Search","The Alterego","The Dragon Tamer","The Immortal","The Runesmith","UnlockEverythingMod","Waifu the Spire","¡i?ª«¥dµP¡jREMEMod"],"gold_per_floor":[118,193,193,193,3,3,35,54,99,99,111,11,11,41,41,142,142,158,83,83,94,94,127,127,155,155,155,166,178,194,210,224,224,224,328,328,328,328],"floor_reached":37,"playtime":5870,"items_purged":["Runesmith:Strike_RS","Runesmith:Strike_RS"],"score":440,"play_id":"00416775-2b70-4f39-b162-700a398ea863","local_time":"20201228173244","is_ascension_mode":false,"campfire_choices":[{"data":"AT_ShrugMaster","floor":6.0,"key":"SMITH"},{"data":"Runesmith:CraftFirestone","floor":10.0,"key":"SMITH"},{"data":"Runesmith:HammerAndChisel","floor":13.0,"key":"SMITH"},{"data":"Runesmith:OneForEveryone","floor":15.0,"key":"SMITH"},{"data":"Runesmith:DuctTape","floor":24.0,"key":"SMITH"},{"data":"Runesmith:EnergizedChisel","floor":27.0,"key":"SMITH"},{"data":"Runesmith:Terraform","floor":33.0,"key":"SMITH"}],"circlet_count":0,"master_deck":["Runesmith:Defend_RS","Runesmith:Defend_RS","Runesmith:Defend_RS","Runesmith:CraftFirestone+1","Runesmith:Fortify","Runesmith:ArcReactor","AT_ShrugMaster+1","Expertise","Runesmith:OneForEveryone+1","Runesmith:HammerAndChisel+1","Runesmith:Firestorm","Runesmith:CraftMedicinae","Runesmith:EnergizedChisel+1","Runesmith:EnergizedChisel","Runesmith:MetallurgicalResearch","Runesmith:DuctTape+1","Runesmith:CraftIncendium","Runesmith:CraftSpiculum+1","Runesmith:BackupBattery+1","Runesmith:CraftProtectio+1","Runesmith:Terraform+1","DemoMod:Elimentaler","Runesmith:Grindstone+1"],"relics":["Runesmith:BrokenRuby","AT_ATBox","REME_ComplimentaryCards","Bag of Preparation","DemoMod:NanoMachines","Runesmith:MiniCore","Girya","Sozu","AT_TimeSand","Hololive_LightStick","DemoMod:RatBoots","DemoMod:ResourcefulSack","DemoMod:PartiallyEatenCheese","Coffee Dripper"],"acts_visited":["Exordium","TheCity","TheCity","TheBeyond"],"potions_floor_usage":[],"damage_taken":[{"damage":0.0,"enemies":"Jaw Worm","floor":1.0,"turns":4.0},{"damage":0.0,"enemies":"Lagavulin","floor":7.0,"turns":9.0},{"damage":0.0,"enemies":"Small Slimes","floor":8.0,"turns":3.0},{"damage":0.0,"enemies":"2 Louse","floor":11.0,"turns":3.0},{"damage":0.0,"enemies":"3 Sentries","floor":14.0,"turns":4.0},{"damage":0.0,"enemies":"The Guardian","floor":16.0,"turns":6.0},{"damage":0.0,"enemies":"Chosen","floor":18.0,"turns":4.0},{"damage":0.0,"enemies":"Shell Parasite","floor":21.0,"turns":7.0},{"damage":23.0,"enemies":"Slavers","floor":23.0,"turns":12.0},{"damage":0.0,"enemies":"REME_1_Revenger","floor":25.0,"turns":5.0},{"damage":2.0,"enemies":"DemoMod:2_Veteran_bullet_kins_and_red_shotgun_kin","floor":28.0,"turns":4.0},{"damage":0.0,"enemies":"DemoMod:Veteran_shot_gun_kin_and_bullet_kin","floor":29.0,"turns":3.0},{"damage":0.0,"enemies":"DemoMod:2_Mousers","floor":30.0,"turns":4.0},{"damage":0.0,"enemies":"DemoMod:Veteran_shot_gun_kin_and_red_shotgun_kin_with_gunsinger","floor":31.0,"turns":3.0},{"damage":8.0,"enemies":"DemoMod:Veteran_shot_gun_kin_and_blue_shotgun_kin_with_gunsinger","floor":32.0,"turns":2.0},{"damage":3.0,"enemies":"DemoMod:ResourcefulRat","floor":35.0,"turns":18.0},{"damage":0,"enemies":"3 Darklings","floor":37,"turns":4}],"seed_played":"7759485195415717703","potions_obtained":[{"floor":1.0,"key":"Energy Potion"},{"floor":7.0,"key":"DistilledChaos"},{"floor":16.0,"key":"Weak Potion"}],"is_trial":false,"path_per_floor":["M","?","?","?","$","R","E","M","T","R","M","$","R","E","R","B",null,"M","?","?","M","?","E","R","E","T","R","M","M","M","M","M","R","B","B",null,"M"],"character_chosen":"RUNESMITH_CLASS","items_purchased":["DemoMod:GnawedKey"],"campfire_rested":0,"item_purchase_floors":[5],"current_hp_per_floor":[70,59,59,52,52,52,52,52,52,52,52,52,52,52,52,52,70,70,70,70,70,70,68,68,68,70,70,68,70,70,70,62,62,41,38,70,70,70],"gold":328,"neow_bonus":"ONE_RANDOM_RARE_CARD","is_daily":false,"chose_seed":false,"campfire_upgraded":7,"win_rate":0.0,"timestamp":1609147964,"path_taken":["M","?","?","?","$","R","E","M","T","R","M","$","R","E","R","BOSS","M","?","?","?","?","E","R","E","T","R","M","M","M","M","M","R","BOSS","BOSS","M"],"items_purchased_type":["Relic"],"build_version":"2020-11-17","purchased_purges":2,"victory":false,"max_hp_per_floor":[70,70,70,70,70,70,70,70,70,70,70,70,70,70,70,70,70,70,70,70,70,70,70,70,70,70,70,70,70,70,70,70,70,70,70,70,70,70],"card_choices":[{"not_picked":["Runesmith:Discharge","Runesmith:Superposition"],"picked":"Runesmith:OneForEveryone","floor":1.0},{"not_picked":["Runesmith:RuneHurl","Runesmith:Overpower","Runesmith:OneForEveryone"],"picked":"SKIP","floor":7.0},{"not_picked":["Runesmith:Grindstone","Runesmith:Overpower"],"picked":"Runesmith:UnstableHammer","floor":8.0},{"not_picked":["Runesmith:HeatedChisel","Runesmith:Prism"],"picked":"Runesmith:HammerAndChisel","floor":11.0},{"not_picked":["Runesmith:StaticCage","Runesmith:RuneHurl"],"picked":"Runesmith:Firestorm","floor":14.0},{"not_picked":["Runesmith:Supernova","Runesmith:LightningRod"],"picked":"Runesmith:CraftMedicinae","floor":16.0},{"not_picked":["Runesmith:HammerAndChisel","Runesmith:CraftMagma"],"picked":"Runesmith:EnergizedChisel","floor":18.0},{"not_picked":["Runesmith:Overpower","Runesmith:HammerThrow"],"picked":"Runesmith:EnergizedChisel","floor":21.0},{"not_picked":["Runesmith:Superposition","Runesmith:Overpower+1"],"picked":"Runesmith:CraftIncendium","floor":23.0},{"not_picked":["Runesmith:Electrocute","Runesmith:GoWithTheFlow"],"picked":"Runesmith:CraftSpiculum+1","floor":25.0},{"not_picked":["Runesmith:Firestorm","Runesmith:PerfectChisel+1"],"picked":"Runesmith:BackupBattery+1","floor":28.0},{"not_picked":["Runesmith:EarthShield+1","Runesmith:RuneHurl"],"picked":"Runesmith:CraftProtectio+1","floor":29.0},{"not_picked":["Runesmith:UnstableHammer+1","Runesmith:StaticCage","Runesmith:Overpower"],"picked":"SKIP","floor":30.0},{"not_picked":["Runesmith:BackupBattery","Runesmith:ChargedHammer","Runesmith:CraftVitae+1"],"picked":"SKIP","floor":31.0},{"not_picked":["Runesmith:BackupBattery","Runesmith:RuneHurl+1"],"picked":"Runesmith:Terraform","floor":32.0},{"not_picked":[],"picked":"DemoMod:Elimentaler","floor":35.0},{"not_picked":["Runesmith:Overpower","Runesmith:MakeshiftArmor+1"],"picked":"Runesmith:Grindstone+1","floor":36}],"player_experience":52208,"relics_obtained":[{"floor":7.0,"key":"DemoMod:NanoMachines"},{"floor":9.0,"key":"Runesmith:MiniCore"},{"floor":14.0,"key":"Girya"},{"floor":23.0,"key":"AT_TimeSand"},{"floor":25.0,"key":"Hololive_LightStick"},{"floor":36,"key":"DemoMod:RatBoots"},{"floor":36,"key":"DemoMod:ResourcefulSack"},{"floor":36,"key":"DemoMod:PartiallyEatenCheese"},{"floor":36,"key":"Coffee Dripper"}],"event_choices":[{"damage_healed":0.0,"max_hp_gain":0.0,"max_hp_loss":0.0,"gold_gain":75.0,"event_name":"World of Goop","player_choice":"Gather Gold","floor":2.0,"gold_loss":0.0,"damage_taken":11.0},{"damage_healed":0.0,"max_hp_gain":0.0,"max_hp_loss":0.0,"gold_gain":0.0,"event_name":"Big Fish","player_choice":"Box","floor":3.0,"gold_loss":0.0,"damage_taken":0.0,"relics_obtained":["Bag of Preparation"],"cards_obtained":["Regret"]},{"cards_removed":["Regret"],"damage_healed":0.0,"max_hp_gain":0.0,"max_hp_loss":0.0,"gold_gain":0.0,"event_name":"Golden Wing","player_choice":"Card Removal","floor":4.0,"gold_loss":0.0,"damage_taken":7.0},{"cards_removed":["Runesmith:Strike_RS"],"damage_healed":0.0,"max_hp_gain":0.0,"max_hp_loss":0.0,"gold_gain":0.0,"event_name":"Beggar","player_choice":"Gave Gold","floor":19.0,"gold_loss":75.0,"damage_taken":0.0},{"cards_removed":["Runesmith:Strike_RS"],"damage_healed":0.0,"max_hp_gain":0.0,"max_hp_loss":0.0,"gold_gain":0.0,"event_name":"Purifier","player_choice":"Purged","floor":20.0,"gold_loss":0.0,"damage_taken":0.0},{"damage_healed":0.0,"max_hp_gain":0.0,"max_hp_loss":0.0,"gold_gain":0.0,"cards_transformed":["Runesmith:UnstableHammer","Runesmith:Defend_RS"],"event_name":"Drug Dealer","player_choice":"Became Test Subject","floor":22.0,"gold_loss":0.0,"damage_taken":0.0,"cards_obtained":["Runesmith:MetallurgicalResearch","Runesmith:DuctTape"]}],"is_beta":true,"boss_relics":[{"not_picked":["REME_DemonsWealth","Cursed Key"],"picked":"Sozu"},{"not_picked":[]}],"items_purged_floors":[5,12],"is_endless":false,"potions_floor_spawned":[1,7,16,23,28,29,30],"killed_by":"3 Darklings","ascension_level":0}}