{"host":"jksa5rawk3m4gilz","time":1609161070,"event":{"mods":["BaseMod","Colored Map","Highlight Path","Minty Spire (QoL Compilation)","Quick Restart"],"gold_per_floor":[112,43,218,168,185,219,219,219,219,219,254,274,274,206,206,280,280,290,91,91,8,22,47,47,81,129,145,145,158,189,206,206,206,206],"floor_reached":33,"playtime":1057,"items_purged":[],"score":571,"play_id":"f129a08d-513d-4390-806c-971fb3f1f4e7","local_time":"20201228141110","is_ascension_mode":true,"campfire_choices":[{"data":"Accuracy","floor":8,"key":"SMITH"},{"data":"Caltrops","floor":10,"key":"SMITH"},{"data":"Skewer","floor":13,"key":"SMITH"},{"data":"Infinite Blades","floor":15,"key":"SMITH"},{"floor":24,"key":"REST"},{"floor":28,"key":"REST"},{"floor":32,"key":"REST"}],"circlet_count":0,"master_deck":["AscendersBane","Strike_G","Strike_G","Strike_G","Strike_G","Strike_G","Defend_G","Defend_G","Defend_G","Defend_G+1","Defend_G","Survivor","Neutralize+1","Accuracy+1","Caltrops+1","Skewer+1","Infinite Blades+1","Tools of the Trade","Cloak And Dagger","Blade Dance+1","Accuracy+1","Swift Strike","Footwork","Leg Sweep","Slice+1"],"relics":["Ring of the Snake","NeowsBlessing","Orichalcum","Matryoshka","Bag of Preparation","WristBlade","Vajra","War Paint","Nunchaku","Toy Ornithopter","Strawberry","Juzu Bracelet"],"acts_visited":["Exordium","TheCity"],"potions_floor_usage":[11,23,30,30],"damage_taken":[{"damage":0,"enemies":"Cultist","floor":1,"turns":1},{"damage":0,"enemies":"Small Slimes","floor":5,"turns":1},{"damage":0,"enemies":"Gremlin Nob","floor":6,"turns":1},{"damage":7,"enemies":"3 Sentries","floor":11,"turns":9},{"damage":0,"enemies":"2 Louse","floor":12,"turns":4},{"damage":48,"enemies":"Slime Boss","floor":16,"turns":9},{"damage":16,"enemies":"Spheric Guardian","floor":18,"turns":4},{"damage":8,"enemies":"Shell Parasite","floor":22,"turns":3},{"damage":1,"enemies":"Gremlin Leader","floor":23,"turns":4},{"damage":30,"enemies":"Book of Stabbing","floor":25,"turns":4},{"damage":10,"enemies":"Sentry and Sphere","floor":27,"turns":4},{"damage":4,"enemies":"Shelled Parasite and Fungi","floor":29,"turns":3},{"damage":23,"enemies":"Slavers","floor":30,"turns":5},{"damage":10,"enemies":"3 Cultists","floor":31,"turns":3},{"damage":28,"enemies":"Champ","floor":33,"turns":5}],"seed_played":"-4811653933728217707","potions_obtained":[{"floor":6,"key":"CunningPotion"},{"floor":11,"key":"Ancient Potion"},{"floor":16,"key":"PowerPotion"},{"floor":23,"key":"EssenceOfSteel"},{"floor":27,"key":"Block Potion"}],"is_trial":false,"path_per_floor":["M","$","?","?","M","E","?","R","T","R","E","M","R","$","R","B",null,"M","$","?","$","M","E","R","E","T","M","R","M","E","M","R","B"],"character_chosen":"THE_SILENT","items_purchased":["Accuracy","Infinite Blades","Blade Dance","Vajra","Swift Strike"],"campfire_rested":3,"item_purchase_floors":[2,14,19,19,21],"current_hp_per_floor":[59,59,59,59,59,59,59,59,59,59,52,52,52,52,52,4,51,35,35,35,35,27,26,45,15,22,12,33,29,16,6,27,0,0],"gold":206,"neow_bonus":"THREE_ENEMY_KILL","is_daily":false,"chose_seed":false,"campfire_upgraded":4,"win_rate":0.0,"timestamp":1609161070,"path_taken":["M","$","?","?","M","E","?","R","T","R","E","?","R","?","R","BOSS","M","$","?","?","M","E","R","E","T","?","R","M","E","M","R","BOSS"],"items_purchased_type":["Card","Card","Card","Relic","Card"],"build_version":"2020-12-22","purchased_purges":0,"victory":false,"max_hp_per_floor":[66,66,66,66,66,66,66,66,66,66,66,66,66,66,66,66,66,66,66,66,66,66,66,66,66,73,73,73,73,73,73,73,73,73],"card_choices":[{"not_picked":["Backflip","Bane","Sucker Punch"],"picked":"SKIP","floor":1},{"not_picked":["Bane","Catalyst"],"picked":"Caltrops","floor":5},{"not_picked":["Sucker Punch","Underhanded Strike","Reflex"],"picked":"SKIP","floor":6},{"not_picked":["Dodge and Roll","Concentrate"],"picked":"Skewer","floor":11},{"not_picked":["Skewer","PiercingWail","Escape Plan"],"picked":"SKIP","floor":12},{"not_picked":["Bullet Time","Envenom"],"picked":"Tools of the Trade","floor":16},{"not_picked":["Choke","Prepared"],"picked":"Cloak And Dagger","floor":18},{"not_picked":["Underhanded Strike","Quick Slash","Setup+1"],"picked":"SKIP","floor":22},{"not_picked":["Sucker Punch","Skewer"],"picked":"Footwork","floor":23},{"not_picked":["Dagger Spray","Quick Slash","Bouncing Flask"],"picked":"SKIP","floor":25},{"not_picked":["Poisoned Stab","Flechettes","Eviscerate"],"picked":"SKIP","floor":27},{"not_picked":["Prepared","Bane","Dodge and Roll"],"picked":"SKIP","floor":29},{"not_picked":["Well Laid Plans","Corpse Explosion"],"picked":"Leg Sweep","floor":30},{"not_picked":["Dagger Throw","Bane"],"picked":"Slice+1","floor":31}],"player_experience":2078387,"relics_obtained":[{"floor":6,"key":"Orichalcum"},{"floor":9,"key":"Matryoshka"},{"floor":11,"key":"Bag of Preparation"},{"floor":23,"key":"War Paint"},{"floor":25,"key":"Nunchaku"},{"floor":26,"key":"Toy Ornithopter"},{"floor":26,"key":"Strawberry"},{"floor":30,"key":"Juzu Bracelet"}],"event_choices":[{"damage_healed":0,"gold_gain":175,"player_choice":"AGREE","damage_taken":0,"max_hp_gain":0,"max_hp_loss":0,"event_name":"Liars Game","floor":3,"gold_loss":0,"cards_obtained":["Doubt"]},{"cards_removed":["Doubt"],"damage_healed":0,"gold_gain":0,"player_choice":"Card Removal","damage_taken":0,"max_hp_gain":0,"max_hp_loss":0,"event_name":"The Cleric","floor":4,"gold_loss":50},{"damage_healed":0,"gold_gain":0,"player_choice":"Forge","damage_taken":0,"max_hp_gain":0,"max_hp_loss":0,"event_name":"Accursed Blacksmith","floor":7,"gold_loss":0,"cards_upgraded":["Neutralize"]},{"damage_healed":0,"gold_gain":0,"player_choice":"Copied","damage_taken":0,"max_hp_gain":0,"max_hp_loss":0,"event_name":"Duplicator","floor":20,"gold_loss":0,"cards_obtained":["Accuracy"]}],"is_beta":false,"boss_relics":[{"not_picked":["Sozu","Velvet Choker"],"picked":"WristBlade"}],"items_purged_floors":[],"is_endless":false,"potions_floor_spawned":[6,11,16,18,22,23,27],"killed_by":"Champ","ascension_level":14}}