{"host":"kdt6w7ix8lwe69i9","time":1609119687,"event":{"mods":["Arknights The Spire","Bartender","BaseMod","Downfall","Fiend Mod","Jorbs\u0027s Wanderer Trilogy","Minty Spire (QoL Compilation)","Reimu（博丽灵梦）","Robot Space Explorer","StSLib","The Caster","The Cursed","The Disciple","The Dragon Tamer","The Druid","The Elementalist","The Forsaken","The Gatherer","The Judge","The Marked","TheBandit"],"gold_per_floor":[162,177,252,252,268,294,294,305,305,305,325,11,25,35,35,131,131,148,162,162,174,206,206,206,219,219,219,231,294,294,294],"floor_reached":30,"playtime":3796,"items_purged":[],"score":261,"play_id":"ba734729-7e85-40ba-bd22-84035184e557","local_time":"20201227204127","is_ascension_mode":false,"campfire_choices":[{"floor":7,"key":"REST"},{"floor":10,"key":"REST"},{"floor":15,"key":"REST"},{"floor":24,"key":"RECALL"}],"circlet_count":0,"master_deck":["ats:Strike C","ats:Strike G","ats:Strike S","ats:Strike V+1","ats:Armor Crushing Shot","ats:Defend","ats:Defend","ats:Defend","ats:Emotion Absorption","ats:Leaping Hammer","ats:Sunburst","ats:Automatic Cover","ats:Healing Drone","ats:Revitalization","ats:Powerful Strike","ats:Encircling Forest","ats:Explosion Area Strengthen","Apotheosis","ats:Childhood Dance","ats:Magnetic Hammer","ats:Calcification","ats:Demon Strength+1","ats:Shell Defense+1","Ghostly","Ghostly","Ghostly","Ghostly","Ghostly","ats:Part Time Job+1","ats:Apocalypse","ats:Hammer On","ats:Cat Scratch","ats:Consecutive Shot Auto"],"relics":["Tiny House","ats:Originium","ats:Rhine Circuitry","TentaclePot:ReiMu","Fusion Hammer","Red Mask","Meat on the Bone","Sundial","SsserpentHead"],"acts_visited":["Exordium","TheCity"],"potions_floor_usage":[6,16,19,22,22,28,30],"damage_taken":[{"damage":3,"enemies":"2 Louse","floor":1,"turns":2},{"damage":6,"enemies":"Cultist","floor":2,"turns":3},{"damage":3,"enemies":"Small Slimes","floor":5,"turns":3},{"damage":44,"enemies":"3 Sentries","floor":6,"turns":8},{"damage":27,"enemies":"Exordium Thugs","floor":8,"turns":6},{"damage":6,"enemies":"2 Fungi Beasts","floor":11,"turns":4},{"damage":26,"enemies":"Gremlin Gang","floor":13,"turns":3},{"damage":11,"enemies":"Blue Slaver","floor":14,"turns":4},{"damage":31,"enemies":"Slime Boss","floor":16,"turns":9},{"damage":27,"enemies":"Chosen","floor":18,"turns":5},{"damage":20,"enemies":"2 Thieves","floor":19,"turns":4},{"damage":21,"enemies":"Snake Plant","floor":21,"turns":6},{"damage":9,"enemies":"Masked Bandits","floor":22,"turns":5},{"damage":21,"enemies":"Sentry and Sphere","floor":25,"turns":10},{"damage":14,"enemies":"Centurion and Healer","floor":28,"turns":9},{"damage":21,"enemies":"Snake Plant","floor":29,"turns":5},{"damage":54,"enemies":"Book of Stabbing","floor":30,"turns":8}],"seed_played":"1051486787364967433","potions_obtained":[{"floor":0,"key":"Weak Potion"},{"floor":11,"key":"LiquidBronze"},{"floor":13,"key":"SteroidPotion"},{"floor":14,"key":"FearPotion"},{"floor":18,"key":"DuplicationPotion"},{"floor":25,"key":"Explosive Potion"},{"floor":29,"key":"Weak Potion"}],"is_trial":false,"path_per_floor":["M","M","?","?","M","E","R","M","T","R","M","$","M","M","R","B",null,"M","M","?","M","?","?","R","M","T","?","M","M","E"],"character_chosen":"DOCTOR_CLASS","items_purchased":["Apotheosis","TentaclePot:ReiMu"],"campfire_rested":3,"item_purchase_floors":[12,12],"current_hp_per_floor":[74,68,57,57,60,31,54,36,36,59,59,59,35,27,50,44,77,50,38,38,26,31,31,31,35,35,35,38,23,0,0],"gold":294,"neow_bonus":"BOSS_RELIC","is_daily":false,"chose_seed":false,"campfire_upgraded":0,"win_rate":0.0,"timestamp":1609119687,"path_taken":["M","M","?","?","?","E","R","M","T","R","M","$","M","M","R","BOSS","M","M","?","M","?","?","R","?","T","?","M","?","E"],"items_purchased_type":["Card","Relic"],"build_version":"2020-12-22","purchased_purges":0,"victory":false,"max_hp_per_floor":[77,77,77,77,77,77,77,77,77,77,77,77,77,77,77,77,77,77,77,38,38,38,38,38,38,38,38,38,38,38,38],"card_choices":[{"not_picked":["ats:Ignite","ats:Consecutive Shot Auto"],"picked":"ats:Leaping Hammer","floor":0},{"not_picked":["ats:Ignite","ats:Consecutive Shot Auto"],"picked":"ats:Sunburst","floor":1},{"not_picked":["ats:Curse Doll","ats:Durian"],"picked":"ats:Automatic Cover","floor":2},{"not_picked":["ats:Powerful Strike","ats:Assault Order"],"picked":"ats:Revitalization","floor":5},{"not_picked":["ats:Shell Defense","ats:Flexible Camouflage"],"picked":"ats:Powerful Strike","floor":6},{"not_picked":["ats:Revitalization","ats:Fractured Body"],"picked":"ats:Encircling Forest","floor":8},{"not_picked":["ats:Powerful Strike","ats:Shadow Raid"],"picked":"ats:Explosion Area Strengthen","floor":11},{"not_picked":["ats:Curse Doll","ats:Guardian Obelisk"],"picked":"ats:Childhood Dance","floor":13},{"not_picked":["ats:Closed Bolt Burst Fire","ats:Defend Order"],"picked":"ats:Magnetic Hammer","floor":14},{"not_picked":["ats:Disruption Kick","ats:Fractured Body"],"picked":"ats:Calcification","floor":16},{"not_picked":["ats:Curse Doll","ats:Sword Rain"],"picked":"ats:Demon Strength+1","floor":18},{"not_picked":["ats:Hook Shot","ats:Poison Spread"],"picked":"ats:Shell Defense+1","floor":19},{"not_picked":["ats:Counter Healing Mode","ats:Curse Doll"],"picked":"ats:Part Time Job+1","floor":21},{"not_picked":["ats:Song Of Battle","ats:Flame Of Heaven"],"picked":"ats:Apocalypse","floor":22},{"not_picked":["ats:Mental Burst+1","ats:Healing Drone"],"picked":"ats:Hammer On","floor":25},{"not_picked":["ats:Hammer On","ats:LN2 Cannon"],"picked":"ats:Cat Scratch","floor":28},{"not_picked":["ats:Shell Defense","ats:Revitalization+1"],"picked":"ats:Consecutive Shot Auto","floor":29}],"player_experience":1630388,"relics_obtained":[{"floor":6,"key":"ats:Originium"},{"floor":6,"key":"ats:Rhine Circuitry"},{"floor":22,"key":"Red Mask"},{"floor":26,"key":"Sundial"}],"event_choices":[{"damage_healed":0,"gold_gain":75,"player_choice":"Gather Gold","damage_taken":11,"max_hp_gain":0,"max_hp_loss":0,"event_name":"World of Goop","floor":3,"gold_loss":0},{"damage_healed":0,"gold_gain":0,"cards_transformed":["ats:Defend"],"player_choice":"Transformed","damage_taken":0,"max_hp_gain":0,"max_hp_loss":0,"event_name":"Transmorgrifier","floor":4,"gold_loss":0,"cards_obtained":["ats:Healing Drone"]},{"damage_healed":0,"gold_gain":0,"player_choice":"Became a Ghost","damage_taken":0,"max_hp_gain":0,"max_hp_loss":39,"event_name":"Ghosts","floor":20,"gold_loss":0,"cards_obtained":["Ghostly","Ghostly","Ghostly","Ghostly","Ghostly"]},{"damage_healed":0,"gold_gain":0,"player_choice":"Fought Bandits","damage_taken":0,"max_hp_gain":0,"max_hp_loss":0,"event_name":"Masked Bandits","floor":22,"gold_loss":0},{"damage_healed":0,"gold_gain":0,"player_choice":"Opened","damage_taken":0,"relics_obtained":["Meat on the Bone"],"max_hp_gain":0,"max_hp_loss":0,"event_name":"The Mausoleum","floor":23,"gold_loss":0},{"damage_healed":0,"gold_gain":0,"player_choice":"Trade","damage_taken":0,"relics_obtained":["SsserpentHead"],"max_hp_gain":0,"max_hp_loss":0,"event_name":"FaceTrader","floor":27,"gold_loss":0}],"is_beta":false,"boss_relics":[{"not_picked":["Snecko Eye","Coffee Dripper"],"picked":"Fusion Hammer"}],"items_purged_floors":[],"is_endless":false,"potions_floor_spawned":[11,13,14,18,25,29],"killed_by":"Book of Stabbing","ascension_level":0}}