{"host":"i0avyit1s6jb1siw","time":1609187259,"event":{"mods":["BaseMod","DeckTracker","Dota2Spire","Highlight Path","Minty Spire (QoL Compilation)","Quick Restart","Replay The Spire","StSLib","SuperFastMode"],"gold_per_floor":[110,129,129,148,167,167,181,210,210,210,310,329,329,363,363,363,363],"floor_reached":16,"playtime":378,"items_purged":[],"score":224,"play_id":"7030451e-3875-4754-86fd-3f6acf2f63ba","local_time":"20201228212739","is_ascension_mode":true,"campfire_choices":[{"data":"Poison Darts","floor":6,"key":"SMITH"},{"floor":10,"key":"REST"},{"data":"Tactician","floor":13,"key":"SMITH"},{"floor":15,"key":"REST"}],"circlet_count":0,"master_deck":["AscendersBane","Strike_G","Strike_G","Strike_G","Strike_G","Strike_G","Defend_G","Defend_G","Defend_G","Defend_G","Defend_G","Survivor","Neutralize","Poison Darts+1","Toxin Wave","Bane","Tactician+1","Acrobatics","Backflip","Reflex","Leg Sweep"],"relics":["Ring of the Snake","Du-Vu Doll","Smiling Mask","Replay:Mystery Machine"],"acts_visited":[],"potions_floor_usage":[8,14,16,16,16,16],"damage_taken":[{"damage":0,"enemies":"Jaw Worm","floor":1,"turns":4},{"damage":0,"enemies":"Cultist","floor":2,"turns":3},{"damage":0,"enemies":"Small Slimes","floor":4,"turns":2},{"damage":10,"enemies":"Red Slaver","floor":5,"turns":4},{"damage":10,"enemies":"Exordium Thugs","floor":7,"turns":4},{"damage":10,"enemies":"Lagavulin","floor":8,"turns":4},{"damage":3,"enemies":"3 Louse","floor":12,"turns":4},{"damage":25,"enemies":"Gremlin Nob","floor":14,"turns":4},{"damage":49,"enemies":"Fading Forest","floor":16,"turns":10}],"seed_played":"4116231491944496359","potions_obtained":[{"floor":1,"key":"SpeedPotion"},{"floor":7,"key":"Weak Potion"},{"floor":8,"key":"EntropicBrew"},{"floor":14,"key":"Regen Potion"}],"is_trial":false,"path_per_floor":["M","M","?","M","M","R","M","E","T","R","?","M","R","E","R","B"],"character_chosen":"THE_SILENT","items_purchased":[],"campfire_rested":2,"item_purchase_floors":[],"current_hp_per_floor":[44,44,44,44,34,34,24,14,14,33,33,30,30,5,24,0,0],"gold":363,"neow_bonus":"THREE_RARE_CARDS","is_daily":false,"chose_seed":false,"campfire_upgraded":2,"win_rate":0.0,"timestamp":1609187259,"path_taken":["M","M","?","M","M","R","?","E","T","R","?","?","R","E","R","BOSS"],"items_purchased_type":[],"build_version":"2020-12-22","purchased_purges":0,"victory":false,"max_hp_per_floor":[66,66,66,66,66,66,66,66,66,66,66,66,66,66,66,66,66],"card_choices":[{"not_picked":["Atom Bomb","Unload"],"picked":"Poison Darts","floor":0},{"not_picked":["Backflip","Slice"],"picked":"Toxin Wave","floor":1},{"not_picked":["Quick Slash","Flying Knee"],"picked":"Bane","floor":2},{"not_picked":["Predator","Blur"],"picked":"Acrobatics","floor":4},{"not_picked":["Finisher","Flechettes"],"picked":"Backflip","floor":5},{"not_picked":["Blade Dance","Bane","Prepared"],"picked":"SKIP","floor":7},{"not_picked":["Riddle With Holes","Phantasmal Killer","Accuracy"],"picked":"SKIP","floor":8},{"not_picked":["Dodge and Roll","Dash"],"picked":"Reflex","floor":12},{"not_picked":["ReplayTheSpireMod:Speed Training","Choke"],"picked":"Leg Sweep","floor":14}],"player_experience":2126281,"relics_obtained":[{"floor":8,"key":"Du-Vu Doll"},{"floor":9,"key":"Smiling Mask"},{"floor":14,"key":"Replay:Mystery Machine"}],"event_choices":[{"damage_healed":0,"gold_gain":0,"player_choice":"1 cards matched","damage_taken":0,"max_hp_gain":0,"max_hp_loss":0,"event_name":"Match and Keep!","floor":3,"gold_loss":0,"cards_obtained":["Tactician"]},{"damage_healed":0,"gold_gain":100,"player_choice":"Gold","damage_taken":0,"max_hp_gain":0,"max_hp_loss":0,"event_name":"Wheel of Change","floor":11,"gold_loss":0}],"is_beta":false,"boss_relics":[],"items_purged_floors":[],"is_endless":false,"potions_floor_spawned":[1,7,8,14],"killed_by":"Fading Forest","ascension_level":20}}