{"host":"uikxj58mzlixykyi","time":1609171735,"event":{"mods":["AchievementEnabler","BaseMod","BetterRewards","Colored Map","Colored Powertips","Downfall","Highlight Path","Minty Spire (QoL Compilation)","Shop Mod","StSLib"],"gold_per_floor":[99,99,99,30,40,50,50,66,66,241,241,241,241,241,257,362,362,362,362,362,362,362,362,362,362,362,362,362,362,362,362,362,362,362,362,362,362,362,362,362,362,362,362,29,29,29,29,29,29,29],"floor_reached":51,"playtime":1575,"items_purged":[],"score":730,"play_id":"4fd18d89-ef98-4b0f-bf42-347f27786a0e","local_time":"20201228180855","is_ascension_mode":false,"campfire_choices":[{"data":"Slimebound:CorrosiveSpit","floor":1.0,"key":"SMITH"},{"data":"Slimebound:SlimeBarrage","floor":9.0,"key":"SMITH"},{"data":"Slimebound:Darklings","floor":13.0,"key":"SMITH"},{"data":"Slimebound:TagTeam","floor":18.0,"key":"SMITH"},{"floor":27.0,"key":"REST"},{"floor":30.0,"key":"REST"},{"data":"Slimebound:LevelUp","floor":35.0,"key":"SMITH"},{"floor":47,"key":"REST"}],"circlet_count":0,"master_deck":["Slimebound:Strike_Slimebound","Slimebound:Strike_Slimebound","Slimebound:Strike_Slimebound","Slimebound:Tackle","Slimebound:Defend_Slimebound","Slimebound:Defend_Slimebound","Slimebound:Defend_Slimebound","Slimebound:Defend_Slimebound","Slimebound:Split","Slimebound:CorrosiveSpit+1","Slimebound:SlimeTap","Slimebound:Darklings+1","Slimebound:SlimeBarrage+1","Slimebound:SplitMire","Slimebound:ServeAndProtect","Slimebound:SlimeBarrage+1","Doubt","Slimebound:TagTeam+1","Iron Wave","Slimebound:DivideAndConquer","Slimebound:LevelUp+1","Slimebound:OneTwoCombo","Slimebound:FormOfPuddle+1","Slimebound:SplitBruiser+1","Slimebound:Darklings+1","hexamod:Haunted","Slimebound:Teamwork","Writhe","Slimebound:DivideAndConquer+1"],"relics":["Slimebound:AbsorbEndCombat","downfall:HeartsMalice","Mango","downfall:Hecktoplasm","Slimebound:SlimedTailRelic","Juzu Bracelet","Cursed Key","Ginger","Sundial","downfall:HeartBlessingBlue","downfall:TeleportStone"],"acts_visited":["Exordium","TheCity","TheBeyond"],"potions_floor_usage":[50,50,50],"damage_taken":[{"damage":0.0,"enemies":"Cultist","floor":2.0,"turns":1.0},{"damage":0.0,"enemies":"Jaw Worm","floor":3.0,"turns":1.0},{"damage":0.0,"enemies":"downfall:FleeingMerchant","floor":4.0,"turns":1.0},{"damage":20.0,"enemies":"Small Slimes","floor":5.0,"turns":3.0},{"damage":16.0,"enemies":"3 Louse","floor":6.0,"turns":3.0},{"damage":16.0,"enemies":"Blue Slaver","floor":8.0,"turns":3.0},{"damage":4.0,"enemies":"Lots of Slimes","floor":12.0,"turns":1.0},{"damage":4.0,"enemies":"2 Fungi Beasts","floor":15.0,"turns":2.0},{"damage":49.0,"enemies":"downfall:Watcher","floor":16.0,"turns":7.0},{"damage":12.0,"enemies":"Chosen","floor":22.0,"turns":3.0},{"damage":35.0,"enemies":"Snecko","floor":23.0,"turns":4.0},{"damage":47.0,"enemies":"Shelled Parasite and Fungi","floor":25.0,"turns":6.0},{"damage":12.0,"enemies":"Centurion and Healer","floor":26.0,"turns":3.0},{"damage":36.0,"enemies":"Slavers","floor":29.0,"turns":3.0},{"damage":25.0,"enemies":"3 Cultists","floor":32.0,"turns":4.0},{"damage":41.0,"enemies":"downfall:Ironclad","floor":33.0,"turns":5.0},{"damage":17.0,"enemies":"Orb Walker","floor":36.0,"turns":2.0},{"damage":40,"enemies":"3 Shapes","floor":37,"turns":3},{"damage":15,"enemies":"Mind Bloom Boss Battle","floor":38,"turns":4},{"damage":39,"enemies":"Transient","floor":42,"turns":5},{"damage":49,"enemies":"Jaw Worm Horde","floor":46,"turns":3},{"damage":56,"enemies":"Maw","floor":49,"turns":6},{"damage":71,"enemies":"downfall:Silent","floor":50,"turns":6}],"seed_played":"-5738381629571548245","potions_obtained":[{"floor":5.0,"key":"Slimebound:SpawnSlimePotion"},{"floor":6.0,"key":"GamblersBrew"},{"floor":8.0,"key":"SmokeBomb"},{"floor":16.0,"key":"Strength Potion"},{"floor":23.0,"key":"Weak Potion"},{"floor":28.0,"key":"CultistPotion"},{"floor":29.0,"key":"Regen Potion"},{"floor":36.0,"key":"FearPotion"},{"floor":38,"key":"EssenceOfSteel"},{"floor":42,"key":"Ancient Potion"}],"is_trial":false,"path_per_floor":["R","M","M","$","M","M","T","M","R","?","?","M","R","?","M","B",null,"R","?","?","?","M","M","T","M","M","R","?","E","R","?","M","B",null,"R","M","M","?","?","?","T","M","?","?","?","M","R","?","M","B",null],"character_chosen":"SLIMEBOUND","items_purchased":["Slimebound:SlimeBarrage"],"campfire_rested":3,"item_purchase_floors":[4],"current_hp_per_floor":[60,60,60,60,54,58,72,72,72,72,72,74,74,74,74,49,74,74,74,60,60,62,57,57,38,42,65,65,45,68,68,69,54,79,79,74,50,49,49,49,49,58,58,89,89,56,95,95,73,40],"gold":29,"neow_bonus":"THREE_ENEMY_KILL","is_daily":false,"chose_seed":false,"campfire_upgraded":5,"win_rate":0.0,"timestamp":1609171735,"path_taken":["R","M","M","?","?","M","T","M","R","?","?","M","R","?","M","BOSS","R","?","?","?","M","M","T","M","?","R","?","E","R","?","M","BOSS","R","M","M","?","?","?","T","M","?","?","?","M","R","?","M","BOSS"],"items_purchased_type":["Card"],"build_version":"2020-12-22","purchased_purges":0,"victory":true,"max_hp_per_floor":[60,60,60,60,60,60,74,74,74,74,74,74,74,74,74,74,74,74,74,79,79,79,79,79,79,79,79,79,79,79,79,79,79,79,79,79,79,79,79,79,79,79,79,89,89,89,99,99,99,99],"card_choices":[{"not_picked":["Slimebound:RollThrough","Slimebound:LeechingTouch","Slimebound:GrowthPunch"],"picked":"SKIP","floor":2.0},{"not_picked":["Slimebound:GrowthPunch","Slimebound:LivingWall"],"picked":"Slimebound:SlimeTap","floor":3.0},{"not_picked":["Slimebound:RollThrough","Slimebound:LivingWall"],"picked":"Slimebound:Darklings","floor":4.0},{"not_picked":["Slimebound:SlimeSpikes","Slimebound:HungryTackle"],"picked":"Slimebound:SplitMire","floor":5.0},{"not_picked":["Slimebound:SplitBruiser","Slimebound:SplitAcid"],"picked":"Slimebound:ServeAndProtect","floor":6.0},{"not_picked":["Slimebound:GoopSpray","Slimebound:GrowthPunch"],"picked":"Slimebound:SlimeBarrage","floor":8.0},{"not_picked":["Slimebound:AcidTongue","Slimebound:SplitAcid","Slimebound:GoopTackle"],"picked":"SKIP","floor":15.0},{"not_picked":["Slimebound:Darklings","Slimebound:SlimeSlap"],"picked":"Slimebound:TagTeam","floor":16.0},{"not_picked":["Slimebound:AcidTongue","Slimebound:GoopSpray+1"],"picked":"Slimebound:DivideAndConquer","floor":22.0},{"not_picked":["Slimebound:HauntingLick","Slimebound:DisruptingSlam+1","Slimebound:GoopSpray"],"picked":"SKIP","floor":23.0},{"not_picked":["Slimebound:FlameTackle","Slimebound:ViciousTackle"],"picked":"Slimebound:LevelUp","floor":25.0},{"not_picked":["Slimebound:ServeAndProtect+1","Slimebound:RainOfGoop","Slimebound:Schlurp"],"picked":"SKIP","floor":26.0},{"not_picked":["Slimebound:SplitAcid","Slimebound:SlimeBrawl","Slimebound:Chomp"],"picked":"SKIP","floor":29.0},{"not_picked":["Slimebound:LeechEnergy","Slimebound:Grow","Slimebound:ViciousTackle"],"picked":"SKIP","floor":32.0},{"not_picked":["Slimebound:PrepareCrush","Slimebound:Recycling"],"picked":"Slimebound:OneTwoCombo","floor":33.0},{"not_picked":["Slimebound:PressTheAttack","Slimebound:HauntingLick","Slimebound:SplitAcid"],"picked":"SKIP","floor":36.0},{"not_picked":["Slimebound:SplitBruiser","Slimebound:LeechEnergy"],"picked":"Slimebound:FormOfPuddle+1","floor":37},{"not_picked":["Slimebound:RollThrough+1","Slimebound:LevelUp+1"],"picked":"Slimebound:SplitBruiser+1","floor":38},{"not_picked":["Slimebound:FinishingTackle+1","Slimebound:SplitAcid+1"],"picked":"Slimebound:Teamwork","floor":42},{"not_picked":["Slimebound:RollThrough","Slimebound:SplitBruiser"],"picked":"Slimebound:DivideAndConquer+1","floor":46},{"not_picked":["Slimebound:DivideAndConquer+1","Slimebound:ComboTackle","Slimebound:LeechLife"],"picked":"SKIP","floor":49}],"player_experience":52709,"relics_obtained":[{"floor":7.0,"key":"Mango"},{"floor":24.0,"key":"Blood Vial"},{"floor":29.0,"key":"Juzu Bracelet"},{"floor":38,"key":"Ginger"},{"floor":43,"key":"Sundial"}],"event_choices":[{"damage_healed":0.0,"max_hp_gain":0.0,"max_hp_loss":0.0,"gold_gain":0.0,"event_name":"Living Wall","player_choice":"Grow","floor":11.0,"gold_loss":0.0,"damage_taken":0.0,"cards_upgraded":["Slimebound:SlimeBarrage"]},{"damage_healed":0.0,"max_hp_gain":0.0,"max_hp_loss":0.0,"gold_gain":0.0,"event_name":"Addict","player_choice":"Stole Relic","floor":19.0,"gold_loss":0.0,"damage_taken":0.0,"relics_obtained":["Slimebound:SlimedTailRelic"],"cards_obtained":["Shame"]},{"cards_removed":["Shame"],"damage_healed":0.0,"max_hp_gain":0.0,"max_hp_loss":0.0,"gold_gain":0.0,"event_name":"NoteForYourself","player_choice":"Took Card","floor":21.0,"gold_loss":0.0,"damage_taken":0.0,"cards_obtained":["Iron Wave"]},{"damage_healed":0,"gold_gain":0,"player_choice":"Forge","damage_taken":0,"max_hp_gain":0,"max_hp_loss":0,"event_name":"Accursed Blacksmith","floor":40,"gold_loss":0,"cards_upgraded":["Slimebound:Darklings"]},{"damage_healed":0,"gold_gain":0,"player_choice":"Ignored","damage_taken":0,"max_hp_gain":0,"max_hp_loss":0,"event_name":"Mysterious Sphere","floor":45,"gold_loss":0}],"is_beta":false,"boss_relics":[{"not_picked":["Tiny House","Sozu"],"picked":"downfall:Hecktoplasm"},{"not_picked":["Runic Pyramid","Slimebound:AbsorbEndCombatUpgraded"],"picked":"Cursed Key"}],"items_purged_floors":[],"is_endless":false,"potions_floor_spawned":[5,6,8,16,23,29,36,38,42],"ascension_level":0}}