{"host":"gj3450u0c4def4mj","time":1609161033,"event":{"mods":["2.2 Compatiblity","Act Like it!","BaseMod","Gensokyo","Koishi","Minty Spire (QoL Compilation)","Permanent Neow","StSLib"],"gold_per_floor":[362,362,212,226,226,226,256,256,281,26,36,51,227,227,227,329,329,346,346,596,596,606,606,634,634,634,962,714,714,80,80,80,182,182,197,197,197,214,232,232,249,263,290,290,300,300,312,59,59,59],"floor_reached":51,"playtime":3452,"items_purged":["Pain","Clumsy","Koishi:BasicStrike","Doubt"],"score":876,"play_id":"d2f9e0be-995e-4585-ba68-f73ad749682d","local_time":"20201228081033","is_ascension_mode":true,"campfire_choices":[{"data":"Koishi:HauntingSlash","floor":6.0,"key":"SMITH"},{"data":"Koishi:Heartbroken","floor":15.0,"key":"SMITH"},{"data":"Koishi:Heartbroken","floor":23.0,"key":"SMITH"},{"data":"Koishi:SilentAndRestless","floor":25.0,"key":"SMITH"},{"data":"Koishi:StrangeCloudFist","floor":29.0,"key":"SMITH"},{"data":"Koishi:VengefulSpirit","floor":32.0,"key":"SMITH"},{"data":"Koishi:Untouchable","floor":40.0,"key":"SMITH"},{"data":"Koishi:ConfinedInnocent","floor":44.0,"key":"SMITH"},{"data":"Koishi:SpiritedAway","floor":46.0,"key":"SMITH"},{"data":"Gensokyo:UnlikelyAid","floor":49,"key":"SMITH"}],"circlet_count":0,"master_deck":["Koishi:BasicStrike","Koishi:BasicStrike","Koishi:BasicDefend","Koishi:BasicDefend","Koishi:BasicDefend","Koishi:BasicDefend","Koishi:Provoke","Koishi:HauntingSlash+1","Koishi:PhantomStrike","Koishi:PhantomBarrier","Koishi:ParalyzingFear","Koishi:DanmakuParanoia","Koishi:PhantomStrike","Koishi:PredatoryInstincts","Koishi:SpiritedAway+1","Koishi:YoukaiPolygraph","Koishi:UnseenTerror","Koishi:EmbersOfLove+1","Koishi:Heartbroken+1","Koishi:EmbryosDream+1","Koishi:Heartbroken+1","Koishi:FleetingPhantom","Koishi:StrangeCloudFist+1","Koishi:PredatoryInstincts","Koishi:SilentAndRestless+1","Koishi:JumpScare+1","Koishi:VengefulSpirit+1","Koishi:DNAsFlaw","Koishi:GrowingPain","Koishi:ConfinedInnocent+1","Koishi:Untouchable+1","Gensokyo:UnlikelyAid+1","Koishi:PredatoryInstincts","Koishi:JumpScare+1","Koishi:GrowingPain","Koishi:MindNumbingTerror+1","Koishi:Whimsy+1","Koishi:FleetingPhantom"],"relics":["Koishi:ImaginaryFriend","Gensokyo:LunaticRedEyes","Blue Candle","Gensokyo:NagashiBinaDoll","Lantern","Orrery","Orichalcum","Koishi:AHoleWhereASisterShouldBe","Velvet Choker","Pantograph","Vajra","MealTicket","Old Coin","Koishi:BloodstainedWhiteRose","Gremlin Horn","Cursed Key","War Paint"],"acts_visited":["Gensokyo:Gensokyo","Gensokyo:Gensokyoer","Gensokyo:Gensokyoest"],"potions_floor_usage":[],"damage_taken":[{"damage":0.0,"enemies":"Gensokyo:2_Kodama","floor":1.0,"turns":6.0},{"damage":0.0,"enemies":"Gensokyo:Python","floor":4.0,"turns":4.0},{"damage":1.0,"enemies":"Gensokyo:Mamizou","floor":7.0,"turns":10.0},{"damage":1.0,"enemies":"Gensokyo:3_Fairies","floor":11.0,"turns":5.0},{"damage":0.0,"enemies":"Gensokyo:2_Rabbits","floor":12.0,"turns":5.0},{"damage":32.0,"enemies":"Gensokyo:Cirno","floor":13.0,"turns":9.0},{"damage":20.0,"enemies":"Gensokyo:Kokoro","floor":16.0,"turns":13.0},{"damage":3.0,"enemies":"Gensokyo:AngelMirror","floor":18.0,"turns":4.0},{"damage":18.0,"enemies":"Gensokyo:CosmicMonolith","floor":22.0,"turns":4.0},{"damage":0.0,"enemies":"Gensokyo:Reisen","floor":24.0,"turns":3.0},{"damage":0.0,"enemies":"Gensokyo:Tenshi","floor":27.0,"turns":4.0},{"damage":3.0,"enemies":"Gensokyo:Eiki","floor":33.0,"turns":6.0},{"damage":2.0,"enemies":"Gensokyo:3_Bats","floor":35.0,"turns":3.0},{"damage":18.0,"enemies":"Gensokyo:3_Bats","floor":37.0,"turns":9.0},{"damage":10.0,"enemies":"Gensokyo:3_Boulders","floor":38.0,"turns":4.0},{"damage":38.0,"enemies":"Gensokyo:AtlasGolem","floor":39.0,"turns":4.0},{"damage":0.0,"enemies":"Gensokyo:SeedOfUnknown","floor":41.0,"turns":5.0},{"damage":0.0,"enemies":"Gensokyo:4_Bats","floor":42.0,"turns":3.0},{"damage":16.0,"enemies":"Gensokyo:3_Boulders","floor":45.0,"turns":5.0},{"damage":0,"enemies":"Gensokyo:AtlasGolem","floor":47,"turns":7},{"damage":0,"enemies":"Gensokyo:Shinki","floor":50,"turns":6}],"seed_played":"8369036396591304581","potions_obtained":[{"floor":7.0,"key":"AttackPotion"},{"floor":13.0,"key":"Weak Potion"},{"floor":16.0,"key":"SteroidPotion"},{"floor":22.0,"key":"Explosive Potion"},{"floor":24.0,"key":"Ancient Potion"},{"floor":45.0,"key":"FairyPotion"}],"is_trial":false,"path_per_floor":["M","?","$","M","?","R","E","?","T","COS","M","M","E","?","R","B",null,"M","?","?","?","M","R","E","R","T","E","$","R","$","?","R","B",null,"M","$","?","M","M","R","M","M","T","R","M","R","M","$","R","B",null],"character_chosen":"KOISHI","items_purchased":["Koishi:PhantomBarrier","Koishi:ParalyzingFear","Koishi:BloodstainedWhiteRose","Koishi:VengefulSpirit","Koishi:DNAsFlaw","Koishi:GrowingPain","Gremlin Horn","Koishi:FleetingPhantom","Block Potion"],"campfire_rested":0,"item_purchase_floors":[3,3,28,30,30,30,30,48,48],"current_hp_per_floor":[45,45,45,46,46,46,53,53,53,53,60,60,38,38,38,32,60,59,56,53,53,41,41,53,53,53,53,53,53,53,53,53,53,53,53,53,53,53,30,30,43,53,53,53,53,53,53,53,53,53],"gold":59,"neow_bonus":"TWO_FIFTY_GOLD","is_daily":false,"chose_seed":false,"campfire_upgraded":10,"win_rate":0.0,"timestamp":1609161033,"path_taken":["M","?","$","M","?","R","E","?","T","COS","M","?","E","?","R","BOSS","M","?","?","?","?","R","E","R","T","E","$","R","$","?","R","BOSS","M","$","?","M","M","R","M","M","T","R","M","R","M","$","R","BOSS"],"items_purchased_type":["Card","Card","Relic","Card","Card","Card","Relic","Card","Potion"],"build_version":"2020-12-22","purchased_purges":4,"victory":true,"max_hp_per_floor":[60,60,60,60,60,60,60,60,60,60,60,60,60,60,60,60,60,60,56,53,53,53,53,53,53,53,53,53,53,53,53,53,53,53,53,53,53,53,53,53,53,53,53,53,53,53,53,53,53,53],"card_choices":[{"not_picked":["Koishi:Bloodlust","Koishi:FourthEye"],"picked":"Koishi:PhantomStrike","floor":1.0},{"not_picked":["Koishi:GhostParty","Koishi:RacingHeart","Koishi:TraumaticStroke"],"picked":"SKIP","floor":4.0},{"not_picked":["Koishi:ParalyzingFear","Koishi:Prune","Koishi:FreudianInstinct"],"picked":"SKIP","floor":7.0},{"not_picked":["Koishi:UnconsciousUrges","Koishi:SubterraneanRose"],"picked":"Koishi:DanmakuParanoia","floor":10.0},{"not_picked":["Koishi:GeneticsOfTheUnconscious","Koishi:Vanish"],"picked":"Koishi:PhantomStrike","floor":10.0},{"not_picked":["Koishi:TremblingHands","Koishi:FleetingPhantom"],"picked":"Koishi:PredatoryInstincts","floor":10.0},{"not_picked":["Koishi:FidgetySnatcher","Koishi:BloodcurdlingScream"],"picked":"Koishi:SpiritedAway","floor":10.0},{"not_picked":["Koishi:RorschachInDanmaku","Koishi:LastRemote"],"picked":"Koishi:YoukaiPolygraph","floor":10.0},{"not_picked":["Koishi:JumpScare","Koishi:Prune"],"picked":"Koishi:UnseenTerror","floor":11.0},{"not_picked":["Koishi:DreadfulBlow+1","Koishi:FidgetySnatcher+1"],"picked":"Koishi:EmbersOfLove+1","floor":11.0},{"not_picked":["Koishi:CatchAndRose","Koishi:Bloodlust"],"picked":"Koishi:Heartbroken","floor":12.0},{"not_picked":["Koishi:SubterraneanRose","Koishi:HeartfeltFancy","Koishi:Jaunt"],"picked":"SKIP","floor":13.0},{"not_picked":["Koishi:ConditionedTeleport","Koishi:SuperEgo"],"picked":"Koishi:Heartbroken","floor":16.0},{"not_picked":["Koishi:Bloodlust","Koishi:DreadfulBlow"],"picked":"Koishi:FleetingPhantom","floor":18.0},{"not_picked":["Koishi:ReleaseOfTheId","Koishi:HeartfeltFancy"],"picked":"Koishi:PredatoryInstincts","floor":22.0},{"not_picked":["Koishi:YoukaiPolygraph+1","Koishi:UnconsciousUprising+1"],"picked":"Koishi:SilentAndRestless","floor":24.0},{"not_picked":["Koishi:Prune","Koishi:BloodcurdlingScream+1"],"picked":"Koishi:JumpScare","floor":27.0},{"not_picked":["Koishi:Ego","Koishi:SuperEgo"],"picked":"Koishi:ConfinedInnocent","floor":33.0},{"not_picked":["Koishi:FourthEye","Koishi:DreadfulBlow"],"picked":"Koishi:Untouchable","floor":35.0},{"not_picked":["Gensokyo:MorningStar","Gensokyo:HouraiInAPot"],"picked":"Gensokyo:UnlikelyAid","floor":37.0},{"not_picked":["Koishi:SprinkleStarAndHeart","Koishi:JumpScare+1"],"picked":"Koishi:PredatoryInstincts","floor":38.0},{"not_picked":["Koishi:UnansweredLove+1","Koishi:Prune+1","Koishi:SubterraneanRose+1"],"picked":"SKIP","floor":39.0},{"not_picked":["Koishi:YoukaiPolygraph+1","Koishi:RacingHeart"],"picked":"Koishi:JumpScare","floor":41.0},{"not_picked":["Koishi:CatchAndRose+1","Koishi:ReflexRadar"],"picked":"Koishi:GrowingPain","floor":42.0},{"not_picked":["Koishi:IdleWhim","Koishi:SubterraneanRose+1"],"picked":"Koishi:MindNumbingTerror+1","floor":45.0},{"not_picked":["Koishi:IdleWhim+1","Koishi:ParalyzingFear+1"],"picked":"Koishi:Whimsy+1","floor":47}],"player_experience":60337,"relics_obtained":[{"floor":7.0,"key":"Blue Candle"},{"floor":9.0,"key":"Lantern"},{"floor":13.0,"key":"Koishi:AHoleWhereASisterShouldBe"},{"floor":24.0,"key":"Vajra"},{"floor":26.0,"key":"MealTicket"},{"floor":27.0,"key":"Old Coin"},{"floor":43.0,"key":"War Paint"}],"event_choices":[],"is_beta":false,"boss_relics":[{"not_picked":["Sozu","Tiny House"],"picked":"Velvet Choker"},{"not_picked":["Snecko Eye","Runic Dome"],"picked":"Cursed Key"}],"items_purged_floors":[3,28,30,48],"is_endless":false,"potions_floor_spawned":[7,13,16,22,24,38,39,45],"ascension_level":1}}