{"host":"0hb9w7uizu7y13wj","time":1609173901,"event":{"mods":["Act Like it!","Aspiration","BaseMod","BetterRewards","Colored Map","Conspire","Downfall","Energized Spire","FTL Soundtrack","Friendly Minions","Halation","Hubris","Infinite Spire","Minty Spire (QoL Compilation)","Quick Restart","Replay The Spire","StSLib","Synergy Search","The Factory","The Hierophant","The Jungle","The Poker Player","Trackpad","everything is the same but u backflip on backflip","vexMod"],"gold_per_floor":[112,124,124,124,124,157,157,191,191,217,229,229,245,262,262,363,363,382,157,177,192,192,227,227,227,227,227,261,261,261,280,280,375,375,394,394,394,394,394,394,394],"floor_reached":40,"playtime":1150,"items_purged":["Strike_B","Strike_B"],"score":711,"play_id":"2fced086-6326-4108-9c45-eeda6a4ae442","local_time":"20201228164501","is_ascension_mode":true,"campfire_choices":[{"data":"Zap","floor":7.0,"key":"SMITH"},{"floor":12.0,"key":"REST"},{"data":"Defragment","floor":15.0,"key":"SMITH"},{"floor":24.0,"key":"REST"},{"floor":29.0,"key":"REST"},{"data":"Storm","floor":32.0,"key":"SMITH"}],"circlet_count":0,"master_deck":["Strike_B","Strike_B","Defend_B","Defend_B","Defend_B","Defend_B","Zap+1","Dualcast","Coolheaded","Chill","infinitespire:Punishment","Ball Lightning","Defragment+1","Tempest","Storm+1","Amplify","Redo+1","White Noise","Storm+1","FIFO Queue","Shame","Panic Button","Leap+1","Hologram+1","Core Surge","Self Repair+1"],"relics":["Cracked Core","NeowsBlessing","Dream Catcher","trackpad:Mousetrap","TungstenRod","Quantum Egg","hubris:BottledRain","Happy Flower","infinitespire:Bottled Soul","InkBottle","hubris:CrystalStatue","aspiration:HiddenCompartment","Sozu"],"acts_visited":["Exordium","TheCity","TheBeyond"],"potions_floor_usage":[],"damage_taken":[{"damage":0.0,"enemies":"Small Slimes","floor":1.0,"turns":1.0},{"damage":0.0,"enemies":"Jaw Worm","floor":2.0,"turns":1.0},{"damage":0.0,"enemies":"Gremlin Nob","floor":6.0,"turns":1.0},{"damage":0.0,"enemies":"Lagavulin","floor":8.0,"turns":5.0},{"damage":9.0,"enemies":"Gremlin Nob","floor":10.0,"turns":3.0},{"damage":0.0,"enemies":"2 Louse","floor":11.0,"turns":1.0},{"damage":0.0,"enemies":"2 Fungi Beasts","floor":13.0,"turns":2.0},{"damage":0.0,"enemies":"Large Slime","floor":14.0,"turns":4.0},{"damage":9.0,"enemies":"The Guardian","floor":16.0,"turns":9.0},{"damage":0.0,"enemies":"3 Byrds","floor":18.0,"turns":5.0},{"damage":6.0,"enemies":"2 Thieves","floor":20.0,"turns":3.0},{"damage":13.0,"enemies":"conspire:HollyBat","floor":21.0,"turns":6.0},{"damage":40.0,"enemies":"Gremlin Leader","floor":23.0,"turns":7.0},{"damage":30.0,"enemies":"Slavers","floor":28.0,"turns":3.0},{"damage":0.0,"enemies":"Snake Plant","floor":31.0,"turns":4.0},{"damage":10.0,"enemies":"conspire:MysteriousRune","floor":33.0,"turns":5.0},{"damage":8,"enemies":"Orb Walker","floor":35,"turns":3},{"damage":69,"enemies":"Reptomancer","floor":40,"turns":5}],"seed_played":"-3565125524444150555","potions_obtained":[{"floor":1.0,"key":"BlessingOfTheForge"},{"floor":6.0,"key":"champ:CounterPotion"},{"floor":16.0,"key":"Ancient Potion"},{"floor":18.0,"key":"Swift Potion"},{"floor":23.0,"key":"Block Potion"},{"floor":30.0,"key":"Fire Potion"},{"floor":30.0,"key":"Flashbang"}],"is_trial":false,"path_per_floor":["M","M","?","?","?","E","R","E","T","E","M","R","M","M","R","B",null,"M","$","M","M","AVR","E","R","?","T","?","E","R","?","M","R","B",null,"M","?","?","?","?","E"],"character_chosen":"DEFECT","items_purchased":["Happy Flower"],"campfire_rested":3,"item_purchase_floors":[19],"current_hp_per_floor":[68,68,61,66,47,47,47,47,47,38,38,62,62,62,62,53,73,73,73,67,54,54,14,38,38,38,38,8,32,32,32,32,22,66,58,66,66,66,66,0,0],"gold":394,"neow_bonus":"THREE_ENEMY_KILL","is_daily":false,"chose_seed":false,"campfire_upgraded":3,"win_rate":0.0,"timestamp":1609173901,"path_taken":["M","M","?","?","?","E","R","E","T","E","M","R","M","M","R","BOSS","M","$","M","M","AVR","E","R","?","T","?","E","R","?","?","R","BOSS","M","?","?","?","?","E"],"items_purchased_type":["Relic"],"build_version":"2020-12-22","purchased_purges":2,"victory":false,"max_hp_per_floor":[75,75,75,80,80,80,80,80,80,80,80,80,80,80,80,80,80,80,80,80,80,80,80,80,80,80,80,80,80,80,80,80,80,80,80,80,80,80,80,80,80],"card_choices":[{"not_picked":["Force Field","Panic Button"],"picked":"Coolheaded","floor":1.0},{"not_picked":["Go for the Eyes","Gash"],"picked":"Chill","floor":2.0},{"not_picked":["infinitespire:Fortify","ReplayTheSpireMod:Black Plague"],"picked":"infinitespire:Punishment","floor":5.0},{"not_picked":["Panic Button","Chill"],"picked":"Cold Snap","floor":6.0},{"not_picked":["Recycle","Rip and Tear","Hologram"],"picked":"SKIP","floor":8.0},{"not_picked":["Coolheaded","Gash"],"picked":"Ball Lightning","floor":10.0},{"not_picked":["ReplayTheSpireMod:Dual Polarity","Sweeping Beam"],"picked":"Defragment","floor":11.0},{"not_picked":["Sweeping Beam","Barrage"],"picked":"Tempest","floor":12.0},{"not_picked":["Hologram","Beam Cell","Redo"],"picked":"SKIP","floor":13.0},{"not_picked":["Reprogram","Hologram"],"picked":"Storm","floor":14.0},{"not_picked":["Mirror Shield","Reboot"],"picked":"Amplify","floor":16.0},{"not_picked":["Go for the Eyes","Redo","Stack"],"picked":"SKIP","floor":18.0},{"not_picked":["Barrage","Sweeping Beam+1"],"picked":"Redo+1","floor":20.0},{"not_picked":["Coolheaded+1","Stack+1"],"picked":"White Noise","floor":21.0},{"not_picked":["Barrage+1","Ball Lightning+1"],"picked":"Storm","floor":23.0},{"not_picked":["Coolheaded","Creative AI"],"picked":"FIFO Queue","floor":24.0},{"not_picked":["Ball Lightning","Cold Snap"],"picked":"Panic Button","floor":28.0},{"not_picked":["FIFO Queue","Redo"],"picked":"Leap+1","floor":29.0},{"not_picked":["Reprogram","Scrape"],"picked":"Hologram+1","floor":31.0},{"not_picked":["hubris:DoWhile","Biased Cognition"],"picked":"Core Surge","floor":33.0},{"not_picked":["Go for the Eyes","Beam Cell+1"],"picked":"Self Repair+1","floor":35}],"player_experience":911501,"relics_obtained":[{"floor":6.0,"key":"trackpad:Mousetrap"},{"floor":8.0,"key":"TungstenRod"},{"floor":9.0,"key":"Quantum Egg"},{"floor":10.0,"key":"hubris:BottledRain"},{"floor":23.0,"key":"InkBottle"},{"floor":26.0,"key":"hubris:CrystalStatue"},{"floor":28.0,"key":"aspiration:HiddenCompartment"}],"event_choices":[{"damage_healed":0.0,"max_hp_gain":0.0,"max_hp_loss":0.0,"gold_gain":0.0,"event_name":"Scrap Ooze","player_choice":"Success","floor":3.0,"gold_loss":0.0,"damage_taken":7.0,"relics_obtained":["Dream Catcher"]},{"damage_healed":0.0,"max_hp_gain":5.0,"max_hp_loss":0.0,"gold_gain":0.0,"event_name":"Big Fish","player_choice":"Donut","floor":4.0,"gold_loss":0.0,"damage_taken":0.0},{"damage_healed":0.0,"max_hp_gain":0.0,"max_hp_loss":0.0,"gold_gain":0.0,"event_name":"Lab","player_choice":"Got Potions","floor":30.0,"gold_loss":0.0,"damage_taken":0.0},{"cards_removed":["Cold Snap"],"damage_healed":0,"gold_gain":0,"player_choice":"Removed Attack","damage_taken":0,"max_hp_gain":0,"max_hp_loss":0,"event_name":"Falling","floor":37,"gold_loss":0}],"is_beta":false,"boss_relics":[{"not_picked":["aspiration:RitualDagger","Replay:Drink Me","Runic Dome"]},{"not_picked":["Calling Bell","Replay:Fungal Core"],"picked":"Sozu"}],"items_purged_floors":[19,22],"is_endless":false,"potions_floor_spawned":[1,6,16,18,23],"killed_by":"Reptomancer","ascension_level":9}}