{"host":"of0s4io1nhspfcuu","time":1609163176,"event":{"mods":["ATMod(阿瑾Mod)","Act Like it!","Arknights The Spire","Ascension Reborn","BaseMod","Better Vampires","CapriCore","Gensokyo","Minty Spire (QoL Compilation)","MostiFishMod","Pale of the Ancients","RumiaBox-露米娅的神秘盒子","Ryuuou龙王","StSLib","Waifu the Spire","noobMod","【遗物卡牌】REMEMod","篝火指南"],"gold_per_floor":[114,114,114,114,131,131,158,158,203,203,203,217,230,7,7,134,134,197,240,240,240,331,331,435,208,231,270,270,270,270,36,36,162,162,373,336,1011,1011,1011,1062,1062,887,887,929,609,609,658,703,703,728],"floor_reached":51,"playtime":1997,"items_purged":[],"score":912,"play_id":"90fedb70-f1f3-4f94-b3ae-e9a89d6f178a","local_time":"20201228214616","daily_mods":["Heirloom","Time Dilation","Flight"],"is_ascension_mode":true,"campfire_choices":[{"data":"AT_FamilyPortrait","floor":6,"key":"SMITH"},{"data":"ats:Calcification","floor":8,"key":"SMITH"},{"data":"ats:Thorns","floor":15,"key":"SMITH"},{"data":"ats:Ambush","floor":23,"key":"SMITH"},{"data":"ats:Counter Healing Mode","floor":28,"key":"SMITH"},{"data":"ats:Part Time Job","floor":32,"key":"SMITH"},{"data":"Madness","floor":41,"key":"SMITH"},{"data":"Madness","floor":49,"key":"SMITH"}],"circlet_count":0,"master_deck":["ats:Strike C+1","ats:Strike G+1","ats:Strike S+1","ats:Strike V+1","ats:Armor Crushing Shot+1","ats:Defend+1","ats:Defend+1","ats:Defend+1","ats:Defend+1","ats:Emotion Absorption+1","MostiFishMod:DeathFromBelow","AT_FamilyPortrait+1","ats:Shadow Raid","ats:Assault Order","ats:Calcification+1","ats:Rapid Magazine","ats:Powerful Strike","ats:Thorns+1","ats:Ambush+1","ats:Explosion Area Strengthen","ats:Burning Ground","ats:Part Time Job+1","ats:Defend Order+1","ats:Counter Healing Mode+1","ats:Poison Spread","ats:Neurotoxin","ats:Roar Of Ursus+1","Dramatic Entrance+1","ats:Composite Medical Shells","ats:Explosion Area Strengthen+1","Madness+1","Madness+1","ats:Red Shift+1","MostiFishMod:Kaleido+1","REME_HeartOfCthun+1","MostiFishMod:JungleRules+1","MostiFishMod:JungleRules+1"],"relics":["ats:Sanity","DaveBox","ice","REME_ComplimentaryCards","AT_ATBox","TimeKeys","AT_Kusabimaru","SynthV:TestCard","ats:Originium","REME_HourglassOfDeath","Akabeko","Meat on the Bone","AT_MibuBalloonWealth","ats:Omniscience","Eternal Feather","ats:Originium","AT_BladeRuinedKing","BrkXgEgg","ats:MaxSp3","AT_ChloranthyRing","REME_LowDesire","MealTicket","Potion Belt","ats:Emergency Defibrillator","ats:Originium","ats:Bonebreaker","AT_DeathDance","Frozen Eye","AT_EbonyIvory"],"acts_visited":["Exordium","TheCity","TheBeyond"],"potions_floor_usage":[],"damage_taken":[{"damage":0,"enemies":"Jaw Worm","floor":1,"turns":2},{"damage":10,"enemies":"Cultist","floor":5,"turns":4},{"damage":40,"enemies":"Gremlin Nob","floor":7,"turns":5},{"damage":0,"enemies":"Small Slimes","floor":12,"turns":2},{"damage":15,"enemies":"2 Fungi Beasts","floor":13,"turns":3},{"damage":59,"enemies":"Hexaghost","floor":16,"turns":10},{"damage":8,"enemies":"2 Thieves","floor":18,"turns":4},{"damage":0,"enemies":"Spheric Guardian","floor":19,"turns":5},{"damage":0,"enemies":"3 Cultists","floor":22,"turns":1},{"damage":15,"enemies":"Slavers","floor":24,"turns":3},{"damage":0,"enemies":"Snecko","floor":27,"turns":4},{"damage":0,"enemies":"Champ","floor":33,"turns":8},{"damage":27,"enemies":"3 Shapes","floor":35,"turns":5},{"damage":43,"enemies":"Mind Bloom Boss Battle","floor":37,"turns":9},{"damage":18,"enemies":"Nemesis","floor":40,"turns":4},{"damage":0,"enemies":"Orb Walker","floor":44,"turns":3},{"damage":14,"enemies":"Spire Growth","floor":48,"turns":4},{"damage":117,"enemies":"Time Eater","floor":50,"turns":12}],"seed_played":"-6542366826395748616","potions_obtained":[{"floor":5,"key":"BlessingOfTheForge"},{"floor":7,"key":"Weak Potion"},{"floor":11,"key":"FearPotion"}],"is_trial":true,"path_per_floor":["M","?","$","?","M","R","E","R","T","?","?","M","M","$","R","B",null,"M","M","?","T","M","R","E","$","T","M","R","$","?","$","R","B",null,"M","$","?","?","?","E","R","$","T","M","$","R","T","M","R","B",null],"character_chosen":"DOCTOR_CLASS","items_purchased":["AT_MibuBalloonWealth","ats:Thorns","BrkXgEgg","ats:Counter Healing Mode","AT_ChloranthyRing","ats:Neurotoxin","ats:Composite Medical Shells","MostiFishMod:Kaleido+1","MostiFishMod:JungleRules+1","Frozen Eye"],"campfire_rested":0,"item_purchase_floors":[14,14,25,25,31,31,36,42,45,45],"current_hp_per_floor":[72,72,72,72,68,68,28,28,28,21,21,34,32,32,32,51,79,71,71,54,54,54,66,55,55,55,55,70,70,70,70,85,90,106,79,94,67,67,51,45,63,78,78,78,93,114,114,100,121,118],"gold":728,"neow_bonus":"","is_daily":false,"chose_seed":false,"campfire_upgraded":8,"win_rate":0.0,"timestamp":1609163176,"path_taken":["M","?","?","?","M","R","E","R","T","?","?","M","?","$","R","BOSS","M","M","?","?","?","R","E","$","T","M","R","$","?","$","R","BOSS","M","$","?","?","?","E","R","?","T","M","$","R","?","M","R","BOSS"],"items_purchased_type":["Relic","Card","Relic","Card","Relic","Card","Card","Card","Card","Relic"],"build_version":"2020-12-22","purchased_purges":0,"victory":true,"max_hp_per_floor":[72,72,72,72,72,72,72,72,72,72,72,72,72,72,72,79,79,83,87,92,92,92,92,98,98,98,101,101,101,101,101,101,106,106,113,113,127,127,127,133,133,133,133,135,135,135,135,138,138,154],"card_choices":[{"not_picked":["ats:Chain Hook","ats:Apocalypse"],"picked":"ats:Shadow Raid","floor":1},{"not_picked":["ats:Hook Shot","ats:Apocalypse","ats:Shell Defense","ats:Explosion Area Strengthen"],"picked":"ats:Assault Order","floor":5},{"not_picked":["ats:Consecutive Shot Auto","ats:Automatic Cover","ats:Healing Drone","ats:Directed Diagnosis"],"picked":"ats:Calcification","floor":7},{"not_picked":["ats:Spore Proliferation","ats:Poison Spread","ats:Flexible Camouflage","ats:Hook Shot"],"picked":"ats:Rapid Magazine","floor":12},{"not_picked":["ats:Apocalypse","ats:Hammer On","ats:Consecutive Shot Auto","ats:Guardian Obelisk"],"picked":"ats:Powerful Strike","floor":13},{"not_picked":["ats:True Silver Slash","ats:Soul Rend","ats:Echo Reverb","ats:Durian"],"picked":"ats:Ambush","floor":16},{"not_picked":["ats:Shell Defense","ats:Ignite","ats:Powerful Strike+1","ats:Steam Pump"],"picked":"ats:Explosion Area Strengthen","floor":18},{"not_picked":["ats:Healing Strengthening+1","ats:Revitalization","ats:Red Shift","ats:Assault Order"],"picked":"ats:Burning Ground","floor":19},{"not_picked":["ats:Overload","ats:Healing Strengthening","ats:Cat Scratch","ats:Revitalization"],"picked":"ats:Part Time Job","floor":22},{"not_picked":["ats:Assault Order","ats:LN2 Cannon","ats:Hook Shot+1","ats:Echo Reverb"],"picked":"ats:Defend Order+1","floor":24},{"not_picked":["ats:Flexible Camouflage","ats:Apocalypse","ats:Collapsing Strike","ats:Shell Defense"],"picked":"ats:Poison Spread","floor":27},{"not_picked":["ats:Soul Rend+1","ats:Rat Pack+1","ats:Volcano+1","ats:Ambush+1"],"picked":"ats:Roar Of Ursus+1","floor":33},{"not_picked":["ats:Explosion Area Strengthen","ats:Thermite Blade+1","ats:Ignite+1","ats:Defend Order+1","ats:Magnetic Hammer+1"],"picked":"Dramatic Entrance+1","floor":35},{"not_picked":["ats:Composite Medical Shells+1","ats:Flexible Camouflage+1","ats:Very Hot Blade","ats:Ignite+1","AT_CelerityRune+1"],"picked":"ats:Explosion Area Strengthen+1","floor":37},{"not_picked":["ats:Very Hot Blade","ats:Flexible Camouflage","ats:Powerful Strike+1","ats:Demon Strength+1","Secret Technique+1"],"picked":"ats:Red Shift+1","floor":40},{"not_picked":["ats:Shell Defense+1","ats:Cat Scratch","ats:Neurotoxin","ats:Powerful Strike","ats:Poison Spread"],"picked":"REME_HeartOfCthun+1","floor":44},{"not_picked":["ats:Guardian Obelisk","ats:Mental Burst+1","ats:Assault Order","ats:Defend Order+1","ats:Steam Pump+1"],"picked":"MostiFishMod:JungleRules+1","floor":48}],"player_experience":49697,"relics_obtained":[{"floor":1,"key":"SynthV:TestCard"},{"floor":7,"key":"ats:Originium"},{"floor":7,"key":"REME_HourglassOfDeath"},{"floor":9,"key":"Akabeko"},{"floor":21,"key":"Eternal Feather"},{"floor":24,"key":"ats:Originium"},{"floor":24,"key":"AT_BladeRuinedKing"},{"floor":26,"key":"ats:MaxSp3"},{"floor":34,"key":"MealTicket"},{"floor":34,"key":"Potion Belt"},{"floor":37,"key":"ats:Emergency Defibrillator"},{"floor":40,"key":"ats:Originium"},{"floor":40,"key":"ats:Bonebreaker"},{"floor":43,"key":"AT_DeathDance"},{"floor":47,"key":"AT_EbonyIvory"}],"event_choices":[{"damage_healed":0,"gold_gain":0,"player_choice":"Bought 0 Potions","damage_taken":0,"max_hp_gain":0,"max_hp_loss":0,"event_name":"The Woman in Blue","floor":2,"gold_loss":0},{"damage_healed":0,"gold_gain":0,"player_choice":"Ignored","damage_taken":0,"max_hp_gain":0,"max_hp_loss":0,"event_name":"Golden Wing","floor":4,"gold_loss":0},{"damage_healed":0,"gold_gain":0,"player_choice":"Success","damage_taken":7,"relics_obtained":["Meat on the Bone"],"max_hp_gain":0,"max_hp_loss":0,"event_name":"Scrap Ooze","floor":10,"gold_loss":0},{"damage_healed":0,"gold_gain":0,"player_choice":"Got Potions","damage_taken":0,"max_hp_gain":0,"max_hp_loss":0,"event_name":"Lab","floor":11,"gold_loss":0},{"damage_healed":0,"gold_gain":0,"player_choice":"Shed Blood","damage_taken":22,"max_hp_gain":5,"max_hp_loss":0,"event_name":"Forgotten Altar","floor":20,"gold_loss":0},{"damage_healed":0,"gold_gain":0,"player_choice":"Ignored","damage_taken":0,"max_hp_gain":0,"max_hp_loss":0,"event_name":"Ghosts","floor":30,"gold_loss":0},{"damage_healed":0,"gold_gain":0,"player_choice":"Fight","damage_taken":0,"max_hp_gain":0,"max_hp_loss":0,"event_name":"MindBloom","floor":37,"gold_loss":0},{"damage_healed":0,"gold_gain":0,"player_choice":"Ignored","damage_taken":0,"max_hp_gain":0,"max_hp_loss":0,"event_name":"Tomb of Lord Red Mask","floor":38,"gold_loss":0},{"damage_healed":0,"gold_gain":0,"player_choice":"Embrace Madness","damage_taken":16,"max_hp_gain":0,"max_hp_loss":0,"event_name":"Winding Halls","floor":39,"gold_loss":0,"cards_obtained":["Madness","Madness"]}],"is_beta":false,"boss_relics":[{"not_picked":["TakeMeEscape","Cursed Key"],"picked":"ats:Omniscience"},{"not_picked":["Empty Cage","EE1DDrone"],"picked":"REME_LowDesire"}],"items_purged_floors":[],"is_endless":false,"potions_floor_spawned":[5,7,12,16,19,40,44],"ascension_level":0}}