{"host":"nh8rc3jipwgi5qu3","time":1609159621,"event":{"mods":["Act Like it!","Aspiration","BaseMod","Better Third Choice","Colored Map","Colored Powertips","DeckTracker","Elementarium","Energized Spire","GifTheSpireLib","GungeonMod","Hubris","Humility","Infinite Spire","Ironclad Rager","Lobotomy","Marked Mod","Mimic Mod","Minty Spire (QoL Compilation)","Relic Stats","Replay The Spire","Reworked Bosses","Spikes Relics","StSLib","Stuff the Spire"],"gold_per_floor":[118,137,148,240,259,259,288,288,315,315,9,22,22,39,39,39,39],"floor_reached":16,"playtime":2208,"items_purged":["Strike_G"],"score":117,"play_id":"157f7c8f-9775-49cf-ba4a-2a55a8d86103","local_time":"20201228134701","is_ascension_mode":true,"campfire_choices":[{"data":"Deflect","floor":6,"key":"SMITH"},{"floor":8,"key":"REST"},{"data":"Deflect","floor":15,"key":"SMITH"}],"circlet_count":0,"master_deck":["Strike_G","Strike_G","Strike_G","Defend_G","Defend_G","Defend_G","Defend_G","Defend_G","Survivor","Neutralize","Deflect+1","Flying Knee","Deflect+1","Poisoned Stab","Quick Slash","Concentrate","Backflip","Thinking Ahead","Quick Slash","Prepared","Backflip"],"relics":["Ring of the Snake","aspiration:Nostalgia","Sizzling Blood","Centennial Puzzle","Regal Pillow","Toy Ornithopter"],"acts_visited":["Exordium"],"potions_floor_usage":[7,16,16,16],"damage_taken":[{"damage":6,"enemies":"Jaw Worm","floor":1,"turns":6},{"damage":0,"enemies":"Small Slimes","floor":2,"turns":5},{"damage":0,"enemies":"2 Louse","floor":3,"turns":3},{"damage":24,"enemies":"Exordium Wildlife","floor":5,"turns":5},{"damage":21,"enemies":"Lagavulin","floor":7,"turns":6},{"damage":0,"enemies":"2 Fungi Beasts","floor":12,"turns":4},{"damage":0,"enemies":"3 Louse","floor":14,"turns":5},{"damage":80,"enemies":"Slime Boss","floor":16,"turns":10}],"seed_played":"-4152437610402535078","potions_obtained":[{"floor":2,"key":"Elixir"},{"floor":5,"key":"SkillPotion"},{"floor":7,"key":"Swift Potion"},{"floor":13,"key":"DistilledChaos"},{"floor":13,"key":"SkillPotion"}],"is_trial":false,"path_per_floor":["M","M","M","?","M","R","E","R","T","?","$","M","?","M","R","B"],"character_chosen":"THE_SILENT","items_purchased":["Thinking Ahead","Quick Slash"],"campfire_rested":1,"item_purchase_floors":[11,11],"current_hp_per_floor":[72,74,74,56,36,36,19,56,56,49,49,53,53,57,57,0,0],"gold":39,"neow_bonus":"NOSTALGIA","is_daily":false,"chose_seed":false,"campfire_upgraded":2,"win_rate":0.0,"timestamp":1609159621,"path_taken":["M","M","M","?","M","R","E","R","T","?","?","M","?","?","R","BOSS"],"items_purchased_type":["Card","Card"],"build_version":"2020-12-22","purchased_purges":1,"victory":false,"max_hp_per_floor":[74,74,74,74,74,74,74,74,74,74,74,74,74,74,74,74,74],"relic_stats":{"Centennial Puzzle":[9],"Regal Pillow":15,"counters":[8,44],"obtain_stats":[{"Centennial Puzzle":4,"Regal Pillow":7,"aspiration:Nostalgia":0,"DemoMod:GlassGuonStoneRelic":2,"Sizzling Blood":0,"Toy Ornithopter":9,"Ring of the Snake":0},{"Centennial Puzzle":3,"Regal Pillow":5,"aspiration:Nostalgia":0,"DemoMod:GlassGuonStoneRelic":2,"Sizzling Blood":0,"Toy Ornithopter":5,"Ring of the Snake":0},{"Centennial Puzzle":14,"Regal Pillow":25,"aspiration:Nostalgia":0,"DemoMod:GlassGuonStoneRelic":11,"Sizzling Blood":0,"Toy Ornithopter":25,"Ring of the Snake":0}],"Toy Ornithopter":15,"Ring of the Snake":[16]},"card_choices":[{"not_picked":["PiercingWail","Bane"],"picked":"Deflect","floor":1},{"not_picked":["Outmaneuver","PiercingWail"],"picked":"Flying Knee","floor":2},{"not_picked":["Eviscerate","Deadly Poison"],"picked":"Deflect","floor":3},{"not_picked":["Setup","Dodge and Roll"],"picked":"Poisoned Stab","floor":4},{"not_picked":["Distraction","Setup"],"picked":"Quick Slash","floor":4},{"not_picked":["Flying Knee","Predator"],"picked":"Concentrate","floor":5},{"not_picked":["Venomology","Expertise"],"picked":"Backflip","floor":7},{"not_picked":["StuffTheSpire:Python","StuffTheSpire:BumpUp"],"picked":"Prepared","floor":12},{"not_picked":["StuffTheSpire:BumpUp","StuffTheSpire:ClusterCrunch"],"picked":"Backflip","floor":14}],"player_experience":224675,"relics_obtained":[{"floor":4,"key":"Centennial Puzzle"},{"floor":7,"key":"Regal Pillow"},{"floor":9,"key":"Toy Ornithopter"}],"event_choices":[{"cards_removed":["Strike_G"],"damage_healed":0,"gold_gain":0,"player_choice":"Card Removal","damage_taken":7,"max_hp_gain":0,"max_hp_loss":0,"event_name":"Golden Wing","floor":10,"gold_loss":0},{"damage_healed":0,"gold_gain":0,"player_choice":"Got Potions","damage_taken":0,"max_hp_gain":0,"max_hp_loss":0,"event_name":"Lab","floor":13,"gold_loss":0}],"is_beta":false,"boss_relics":[],"items_purged_floors":[11],"is_endless":false,"potions_floor_spawned":[2,5,7],"killed_by":"Slime Boss","ascension_level":3}}