{"host":"9ndbo4kgsfoemf7y","time":1609148662,"event":{"mods":["AchievementEnabler","BaseMod","Colored Map","DeckTracker","Keyboard Shortcuts","Minty Spire (QoL Compilation)","Permanent Neow","Quick Restart","Relic Stats","StSLib","SuperFastMode"],"gold_per_floor":[361,148,160,3,3,36,46,59,59,59,76,76,94,109,109,206,206,220,240,240,250,270,270,295,159,185,204,129,147,147,180,180,180,180],"floor_reached":33,"playtime":1068,"items_purged":["Defend_B","Strike_B"],"score":349,"play_id":"b5db2f63-cc64-43ab-bb42-e821543488a8","local_time":"20201228184422","is_ascension_mode":true,"campfire_choices":[{"floor":10,"key":"REST"},{"floor":12,"key":"REST"},{"floor":15,"key":"REST"},{"floor":23,"key":"REST"},{"floor":30,"key":"REST"},{"data":"Darkness","floor":32,"key":"SMITH"}],"circlet_count":0,"master_deck":["Strike_B","Defend_B","Defend_B","Defend_B","Zap+1","Dualcast+1","Clumsy","Cold Snap","Defragment","Genetic Algorithm","Skim","Melter","Coolheaded","Darkness+1","Glacier","Aggregate","Recycle","Electrodynamics","Redo","Hologram","Go for the Eyes","Consume","Defragment","Capacitor","Lockon"],"relics":["FrozenCore","Runic Capacitor","Dead Branch","Mercury Hourglass","StrikeDummy","Happy Flower","War Paint"],"acts_visited":["Exordium","TheCity"],"potions_floor_usage":[6,31],"damage_taken":[{"damage":0.0,"enemies":"Cultist","floor":1.0,"turns":4.0},{"damage":9.0,"enemies":"Small Slimes","floor":3.0,"turns":3.0},{"damage":54,"enemies":"3 Sentries","floor":6,"turns":7},{"damage":5,"enemies":"Jaw Worm","floor":7,"turns":4},{"damage":5,"enemies":"Red Slaver","floor":8,"turns":4},{"damage":3,"enemies":"3 Louse","floor":11,"turns":2},{"damage":22,"enemies":"Gremlin Gang","floor":13,"turns":4},{"damage":4,"enemies":"Blue Slaver","floor":14,"turns":4},{"damage":29,"enemies":"Slime Boss","floor":16,"turns":10},{"damage":7,"enemies":"Chosen","floor":18,"turns":7},{"damage":11,"enemies":"3 Byrds","floor":19,"turns":5},{"damage":50,"enemies":"Cultist and Chosen","floor":21,"turns":8},{"damage":5,"enemies":"Chosen and Byrds","floor":22,"turns":5},{"damage":4,"enemies":"Gremlin Leader","floor":24,"turns":7},{"damage":4,"enemies":"Shelled Parasite and Fungi","floor":27,"turns":9},{"damage":11,"enemies":"Centurion and Healer","floor":29,"turns":9},{"damage":40,"enemies":"Slavers","floor":31,"turns":5},{"damage":17,"enemies":"Collector","floor":33,"turns":2}],"seed_played":"4734417224779995023","potions_obtained":[{"floor":1.0,"key":"FocusPotion"},{"floor":7,"key":"Strength Potion"},{"floor":8,"key":"FairyPotion"},{"floor":16,"key":"FocusPotion"},{"floor":19,"key":"Ancient Potion"},{"floor":20,"key":"LiquidMemories"}],"is_trial":false,"path_per_floor":["M","$","M","$","?","E","M","M","T","R","M","R","M","M","R","B",null,"M","M","?","M","M","R","E","$","T","M","?","M","R","E","R","B"],"character_chosen":"DEFECT","items_purchased":["Defragment","Genetic Algorithm","Runic Capacitor","Defragment"],"campfire_rested":5,"item_purchase_floors":[2,2,4,25],"current_hp_per_floor":[75,75,66,66,66,12,7,2,2,24,21,43,21,17,39,10,75,68,57,57,7,2,24,20,20,20,16,16,5,27,13,13,0,0],"gold":180,"neow_bonus":"TWO_FIFTY_GOLD","is_daily":false,"chose_seed":false,"campfire_upgraded":1,"win_rate":0.0,"timestamp":1609148662,"path_taken":["M","$","?","$","?","E","?","M","T","R","M","R","?","M","R","BOSS","M","M","?","M","?","R","E","?","T","M","?","M","R","E","R","BOSS"],"items_purchased_type":["Card","Card","Relic","Card"],"build_version":"2020-12-22","purchased_purges":2,"victory":false,"max_hp_per_floor":[75,75,75,75,75,75,75,75,75,75,75,75,75,75,75,75,75,75,75,75,75,75,75,75,75,75,75,75,75,75,75,75,75,75],"relic_stats":{"Happy Flower":[8],"counters":[18,99],"Dead Branch":[53],"War Paint":["Dualcast","Zap"],"obtain_stats":[{"Happy Flower":26,"Dead Branch":6,"Runic Capacitor":4,"War Paint":31,"Cracked Core":0,"StrikeDummy":24,"Mercury Hourglass":9,"FrozenCore":17},{"Happy Flower":14,"Dead Branch":3,"Runic Capacitor":2,"War Paint":17,"Cracked Core":0,"StrikeDummy":14,"Mercury Hourglass":5,"FrozenCore":9},{"Happy Flower":74,"Dead Branch":14,"Runic Capacitor":7,"War Paint":97,"Cracked Core":0,"StrikeDummy":74,"Mercury Hourglass":22,"FrozenCore":42}],"FrozenCore":[22],"Mercury Hourglass":[385]},"card_choices":[{"not_picked":["Steam","Hologram"],"picked":"Cold Snap","floor":1.0},{"not_picked":["Static Discharge","Coolheaded"],"picked":"Skim","floor":3.0},{"not_picked":["Leap","Beam Cell"],"picked":"Melter","floor":6},{"not_picked":["Sweeping Beam","Leap"],"picked":"Coolheaded","floor":7},{"not_picked":["Melter","Sweeping Beam"],"picked":"Darkness","floor":8},{"not_picked":["Steam","Hyperbeam"],"picked":"Glacier","floor":11},{"not_picked":["Streamline","Skim"],"picked":"Aggregate","floor":13},{"not_picked":["Compile Driver","Steam"],"picked":"Recycle","floor":14},{"not_picked":["Biased Cognition","Meteor Strike"],"picked":"Electrodynamics","floor":16},{"not_picked":["Sunder","Conserve Battery"],"picked":"Redo","floor":18},{"not_picked":["Steam","Ball Lightning"],"picked":"Hologram","floor":19},{"not_picked":["Compile Driver","Cold Snap"],"picked":"Go for the Eyes","floor":21},{"not_picked":["Compile Driver","Recycle+1"],"picked":"Consume","floor":22},{"not_picked":["Coolheaded","Auto Shields","Cold Snap"],"picked":"SKIP","floor":24},{"not_picked":["Sweeping Beam+1","Coolheaded"],"picked":"Capacitor","floor":27},{"not_picked":["Leap+1","Go for the Eyes"],"picked":"Lockon","floor":29},{"not_picked":["Tempest","Steam","Amplify"],"picked":"SKIP","floor":31}],"player_experience":759502,"relics_obtained":[{"floor":6,"key":"Dead Branch"},{"floor":9,"key":"Mercury Hourglass"},{"floor":24,"key":"StrikeDummy"},{"floor":26,"key":"Happy Flower"},{"floor":31,"key":"War Paint"}],"event_choices":[{"cards_removed":["Strike_B"],"damage_healed":0.0,"max_hp_gain":0.0,"max_hp_loss":0.0,"gold_gain":0.0,"event_name":"Purifier","player_choice":"Purged","floor":5.0,"gold_loss":0.0,"damage_taken":0.0},{"damage_healed":0,"gold_gain":0,"player_choice":"Got Potions","damage_taken":0,"max_hp_gain":0,"max_hp_loss":0,"event_name":"Lab","floor":20,"gold_loss":0},{"cards_removed":["Strike_B"],"damage_healed":0,"gold_gain":0,"player_choice":"Gave Gold","damage_taken":0,"max_hp_gain":0,"max_hp_loss":0,"event_name":"Beggar","floor":28,"gold_loss":75}],"is_beta":false,"boss_relics":[{"not_picked":["Snecko Eye","Ectoplasm"],"picked":"FrozenCore"}],"items_purged_floors":[2,25],"is_endless":false,"potions_floor_spawned":[1,7,8,16,19,24,27],"killed_by":"Collector","ascension_level":4}}