{"host":"zig6x0mxqzam82fb","time":1609187090,"event":{"mods":["BaseMod","Block Reminder","Colored Map","Colored Powertips","Minty Spire (QoL Compilation)","Relic Stats","StSLib","The Marked"],"gold_per_floor":[119,134,148,163,176,176,190,202,202,218,218,250,250,250,250,380,380,403,403,403,426,42,42,65,65,104,132,144,176,188,10,10,10,10],"floor_reached":33,"playtime":1994,"items_purged":[],"score":402,"play_id":"0e560753-f7fd-4917-9d78-179e23425d7e","local_time":"20201228152449","is_ascension_mode":true,"campfire_choices":[{"floor":6,"key":"DIG"},{"floor":11,"key":"DIG"},{"floor":13,"key":"REST"},{"floor":15,"key":"DIG"},{"floor":23,"key":"REST"},{"floor":25,"key":"DIG"},{"floor":30,"key":"REST"},{"floor":32,"key":"REST"}],"circlet_count":0,"master_deck":["AscendersBane","Strike_B+1","Strike_B+1","Strike_B+1","Strike_B+1","Defend_B+1","Defend_B+1","Defend_B+1","Defend_B+1","Zap","Dualcast","Coolheaded","Go for the Eyes","Beam Cell","Barrage","Glacier","Streamline","Turbo","Compile Driver","Streamline","Injury","All For One","Tempest","Gash","Mayhem+1","Go for the Eyes","Good Instincts","Hyperbeam","Beam Cell","Beam Cell","Biased Cognition+1","Beam Cell"],"relics":["FrozenCore","Shovel","Ancient Tea Set","Frozen Egg 2","Shuriken","Bottled Flame","Golden Idol","White Beast Statue","MawBank","Centennial Puzzle"],"acts_visited":["Exordium","TheCity"],"potions_floor_usage":[8,10,12,16,16,21,24,24,33,33,33],"damage_taken":[{"damage":1,"enemies":"Cultist","floor":1,"turns":3},{"damage":0,"enemies":"Small Slimes","floor":2,"turns":3},{"damage":9,"enemies":"Jaw Worm","floor":3,"turns":5},{"damage":3,"enemies":"Gremlin Gang","floor":4,"turns":6},{"damage":11,"enemies":"Looter","floor":5,"turns":2},{"damage":4,"enemies":"Exordium Wildlife","floor":7,"turns":8},{"damage":7,"enemies":"Lots of Slimes","floor":8,"turns":3},{"damage":1,"enemies":"Exordium Thugs","floor":10,"turns":5},{"damage":11,"enemies":"Gremlin Nob","floor":12,"turns":4},{"damage":38,"enemies":"The Guardian","floor":16,"turns":10},{"damage":22,"enemies":"Shell Parasite","floor":18,"turns":9},{"damage":22,"enemies":"3 Byrds","floor":21,"turns":6},{"damage":0,"enemies":"3 Cultists","floor":24,"turns":5},{"damage":14,"enemies":"Sentry and Sphere","floor":27,"turns":5},{"damage":28,"enemies":"Snecko","floor":29,"turns":5},{"damage":53,"enemies":"Automaton","floor":33,"turns":6}],"seed_played":"-5101802753825280310","potions_obtained":[{"floor":1,"key":"Energy Potion"},{"floor":3,"key":"Fire Potion"},{"floor":5,"key":"Regen Potion"},{"floor":8,"key":"FearPotion"},{"floor":12,"key":"DuplicationPotion"},{"floor":16,"key":"LiquidMemories"},{"floor":18,"key":"PotionOfCapacity"},{"floor":21,"key":"BlessingOfTheForge"},{"floor":24,"key":"EssenceOfSteel"},{"floor":27,"key":"EssenceOfSteel"},{"floor":29,"key":"BlessingOfTheForge"}],"is_trial":false,"path_per_floor":["M","M","M","M","M","R","M","M","T","M","R","E","R","?","R","B",null,"M","?","?","M","$","R","M","R","T","M","?","M","R","$","R","B"],"character_chosen":"DEFECT","items_purchased":["Mayhem+1","Go for the Eyes","Good Instincts","Regen Potion","Biased Cognition+1","Beam Cell"],"campfire_rested":4,"item_purchase_floors":[22,22,22,22,31,31],"current_hp_per_floor":[67,67,58,55,44,44,40,33,33,32,32,21,41,41,41,18,56,34,34,39,17,17,37,51,51,51,37,37,9,29,29,49,0,0],"gold":10,"neow_bonus":"ONE_RARE_RELIC","is_daily":false,"chose_seed":false,"campfire_upgraded":0,"win_rate":0.0,"timestamp":1609187089,"path_taken":["M","?","M","M","M","R","M","?","T","M","R","E","R","?","R","BOSS","M","?","?","?","$","R","M","R","T","M","?","M","R","?","R","BOSS"],"items_purchased_type":["Card","Card","Card","Potion","Card","Card"],"build_version":"2020-12-22","purchased_purges":0,"victory":false,"max_hp_per_floor":[68,68,68,68,68,68,68,68,68,68,68,68,68,68,68,68,68,68,68,68,68,68,68,68,68,68,68,68,68,68,68,68,68,68],"relic_stats":{"Centennial Puzzle":[9],"Shovel":4,"counters":[16,85],"Shuriken":[22],"Golden Idol":48,"MawBank":72,"obtain_stats":[{"Bottled Flame":12,"Centennial Puzzle":26,"Shovel":0,"Shuriken":11,"Golden Idol":14,"Frozen Egg 2":9,"Cracked Core":0,"Ancient Tea Set":6,"MawBank":25,"White Beast Statue":15,"FrozenCore":17},{"Bottled Flame":9,"Centennial Puzzle":13,"Shovel":0,"Shuriken":8,"Golden Idol":9,"Frozen Egg 2":7,"Cracked Core":0,"Ancient Tea Set":5,"MawBank":13,"White Beast Statue":9,"FrozenCore":10},{"Bottled Flame":39,"Centennial Puzzle":69,"Shovel":0,"Shuriken":35,"Golden Idol":39,"Frozen Egg 2":30,"Cracked Core":0,"Ancient Tea Set":19,"MawBank":69,"White Beast Statue":39,"FrozenCore":49}],"FrozenCore":[14]},"card_choices":[{"not_picked":["Storm","Skim"],"picked":"Coolheaded","floor":1},{"not_picked":["Barrage","Auto Shields"],"picked":"Go for the Eyes","floor":2},{"not_picked":["Coolheaded","Darkness"],"picked":"Beam Cell","floor":3},{"not_picked":["Coolheaded","Recycle"],"picked":"Barrage","floor":4},{"not_picked":["Scrape","Capacitor"],"picked":"Glacier","floor":5},{"not_picked":["Turbo","Leap"],"picked":"Streamline","floor":7},{"not_picked":["Compile Driver","Gash"],"picked":"Turbo","floor":8},{"not_picked":["Chill","Recycle"],"picked":"Compile Driver","floor":10},{"not_picked":["Aggregate","Turbo"],"picked":"Streamline","floor":12},{"not_picked":["Fission","Seek"],"picked":"All For One","floor":16},{"not_picked":["Turbo","Rebound"],"picked":"Sweeping Beam+1","floor":18},{"not_picked":["Undo+1","Reprogram"],"picked":"Gash","floor":21},{"not_picked":["Redo","Rip and Tear"],"picked":"Hyperbeam","floor":24},{"not_picked":["Melter+1","Redo"],"picked":"Beam Cell","floor":27},{"not_picked":["Auto Shields","Barrage"],"picked":"Beam Cell","floor":29}],"player_experience":380137,"relics_obtained":[{"floor":6,"key":"Ancient Tea Set"},{"floor":9,"key":"Frozen Egg 2"},{"floor":11,"key":"Shuriken"},{"floor":12,"key":"Bottled Flame"},{"floor":15,"key":"White Beast Statue"},{"floor":25,"key":"MawBank"},{"floor":26,"key":"Centennial Puzzle"}],"event_choices":[{"damage_healed":0,"gold_gain":0,"player_choice":"Take Wound","damage_taken":0,"relics_obtained":["Golden Idol"],"max_hp_gain":0,"max_hp_loss":0,"event_name":"Golden Idol","floor":14,"gold_loss":0,"cards_obtained":["Injury"]},{"damage_healed":0,"gold_gain":0,"player_choice":"Read","damage_taken":0,"max_hp_gain":0,"max_hp_loss":0,"event_name":"The Library","floor":19,"gold_loss":0,"cards_obtained":["Tempest"]},{"cards_removed":["Sweeping Beam"],"damage_healed":5,"gold_gain":0,"player_choice":"Offered Common","damage_taken":0,"max_hp_gain":0,"max_hp_loss":0,"event_name":"Bonfire Elementals","floor":20,"gold_loss":0},{"cards_removed":["Sweeping Beam"],"damage_healed":5,"gold_gain":0,"player_choice":"Offered Special","damage_taken":0,"max_hp_gain":0,"max_hp_loss":0,"event_name":"Bonfire Elementals","floor":20,"gold_loss":0},{"damage_healed":0,"gold_gain":0,"player_choice":"Simplicity","damage_taken":0,"max_hp_gain":0,"max_hp_loss":0,"event_name":"Back to Basics","floor":28,"gold_loss":0,"cards_upgraded":["Strike_B","Strike_B","Strike_B","Strike_B","Defend_B","Defend_B","Defend_B","Defend_B"]}],"is_beta":false,"boss_relics":[{"not_picked":["Sozu","Velvet Choker"],"picked":"FrozenCore"}],"items_purged_floors":[],"is_endless":false,"potions_floor_spawned":[1,3,5,8,12,16,18,21,24,27,29],"killed_by":"Automaton","ascension_level":10}}