{"host":"UwU","time":1609166660,"event":{"mods":["AchievementEnabler","Act Like it!","Aspiration","BaseMod","Better Altar","Better Match","Better Note","Better Sensory Stone","Better Skull","Better Third Choice","BetterRewards","CCEM","Clawfect","Colored Map","Conspire","Downfall","GifTheSpireLib","Googly Eyes","Halation","Hermit","Highlight Path","Hubris","Hunter ??","Infinite Spire","Jedi Mod","Mimic Mod","Minty Spire (QoL Compilation)","Permanent Neow","Replay The Spire","Shop Mod","StSLib","Stuff the Spire","Unceasing Turn Reminder","everything is the same but u backflip on backflip","slay the spire mod where everything is the same but ironclad has a cowboy hat"],"gold_per_floor":[99,109,128,128,138,152,191,116,136,148,148,179,199,232,246,342,342,342,354,354,354,373,393,433,444,444,469,481,498,498,513,533,633,633,633,647,657,670,670,701,724,744,744,774,794,812,812,812,812,812],"floor_reached":48,"playtime":6077,"items_purged":[],"score":634,"play_id":"b25d9565-bd6a-4b20-99b9-fab1b37000ac","local_time":"20201228094420","is_ascension_mode":false,"campfire_choices":[{"floor":1,"key":"RECALL"},{"data":"Slimebound:Schlurp","floor":8,"key":"SMITH"},{"data":"Slimebound:SplitLeeching","floor":11,"key":"SMITH"},{"data":"Slimebound:Dissolve","floor":18,"key":"SMITH"},{"data":"Slimebound:DouseInSlime","floor":30,"key":"SMITH"},{"data":"Slimebound:PrepareCrush","floor":35,"key":"SMITH"},{"data":"Slimebound:GoopTackle","floor":43,"key":"SMITH"}],"circlet_count":0,"master_deck":["Slimebound:Strike_Slimebound","Slimebound:Strike_Slimebound","Slimebound:Strike_Slimebound+1","Slimebound:Tackle+1","Slimebound:Defend_Slimebound+1","Slimebound:Defend_Slimebound+1","Slimebound:Defend_Slimebound+1","Slimebound:Defend_Slimebound+1","Slimebound:Split+1","Slimebound:CorrosiveSpit+1","Slimebound:Gluttony","Slimebound:SamplingLick+1","Slimebound:Schlurp+1","Slimebound:Repurpose","Slimebound:Dissolve+1","Slimebound:FormOfPuddle","Slimebound:SplitLeeching+1","Slimebound:GoopSpray+1","Slimebound:OneTwoCombo+1","Slimebound:LivingWall","Slimebound:GrowthPunch","Slimebound:DouseInSlime+1","Slimebound:SplitLeeching","Slimebound:GoopTackle+1","expansioncontent:Collect","Slimebound:Schlurp","Slimebound:ComboTackle","Slimebound:SlimeSpikes","Slimebound:PressTheAttack","Slimebound:SlimeSpikes","Slimebound:HauntingLick","Slimebound:ComboTackle+1","Slimebound:SamplingLick","Slimebound:Replication+1","Slimebound:FlameTackle+1","Slimebound:PrepareCrush+1","Slimebound:SamplingLick+1","Slimebound:ComboTackle","Slimebound:SamplingLick+1","expansioncontent:PolyBeam","Slimebound:MegaLick","Slimebound:SplitLeeching","Slimebound:SamplingLick+1","Slimebound:Schlurp","Slimebound:ForwardTackle+1"],"relics":["Slimebound:AbsorbEndCombat","ReplayTheSpireMod:TigerMarble","downfall:HeartBlessingRed","Iron Hammer","Happy Flower","aspiration:RitualDagger","aspiration:FetidBarrel","hubris:OldNail","Pen Nib","conspire:RoyalGoblet","halation:AfternoonTea","Oddly Smooth Stone","Vajra"],"acts_visited":["Exordium","TheCity","TheBeyond"],"potions_floor_usage":[22,22,28,28,28,33,33,38,48],"damage_taken":[{"damage":8,"enemies":"2 Louse","floor":2,"turns":2},{"damage":15,"enemies":"conspire:RoseBush","floor":3,"turns":2},{"damage":10,"enemies":"Small Slimes","floor":5,"turns":3},{"damage":19,"enemies":"Large Slime","floor":6,"turns":4},{"damage":12,"enemies":"Exordium Wildlife","floor":7,"turns":4},{"damage":3,"enemies":"Exordium Wildlife","floor":9,"turns":2},{"damage":4,"enemies":"2 Fungi Beasts","floor":10,"turns":3},{"damage":26,"enemies":"3 Sentries","floor":12,"turns":6},{"damage":14,"enemies":"Gremlin Gang","floor":13,"turns":3},{"damage":12,"enemies":"Replay:BlueRogue","floor":14,"turns":4},{"damage":11,"enemies":"Large Slime","floor":15,"turns":3},{"damage":45,"enemies":"downfall:Ironclad","floor":16,"turns":7},{"damage":45,"enemies":"conspire:FuzzyDice","floor":19,"turns":6},{"damage":14,"enemies":"Snake Plant","floor":22,"turns":2},{"damage":43,"enemies":"Chosen and Byrds","floor":23,"turns":6},{"damage":22,"enemies":"Cultist and Chosen","floor":24,"turns":3},{"damage":29,"enemies":"Cultist and Chosen","floor":25,"turns":4},{"damage":51,"enemies":"Replay:Snechameleon","floor":27,"turns":4},{"damage":55,"enemies":"conspire:HollyBat","floor":28,"turns":10},{"damage":23,"enemies":"Snake Plant","floor":29,"turns":3},{"damage":21,"enemies":"3 Cultists","floor":31,"turns":3},{"damage":32,"enemies":"Sentry and Sphere","floor":32,"turns":4},{"damage":12,"enemies":"downfall:Watcher","floor":33,"turns":2},{"damage":17,"enemies":"Orb Walker","floor":36,"turns":2},{"damage":21,"enemies":"3 Darklings","floor":37,"turns":3},{"damage":50,"enemies":"Maw","floor":38,"turns":6},{"damage":63,"enemies":"Giant Head","floor":40,"turns":6},{"damage":33,"enemies":"Transient","floor":42,"turns":5},{"damage":54,"enemies":"Reptomancer","floor":44,"turns":5},{"damage":41,"enemies":"Writhing Mass","floor":45,"turns":4},{"damage":40,"enemies":"Jaw Worm Horde","floor":46,"turns":3},{"damage":85,"enemies":"Nightmare","floor":48,"turns":3}],"seed_played":"-4195464069639858920","potions_obtained":[{"floor":2,"key":"LifebloodPotion"},{"floor":5,"key":"Slimebound:SpawnSlimePotion"},{"floor":10,"key":"Swift Potion"},{"floor":22,"key":"ColorlessPotion"},{"floor":25,"key":"hexamod:EctoCoolerPotion"},{"floor":29,"key":"Slimebound:SlimyTonguePotion"},{"floor":31,"key":"DistilledChaos"},{"floor":36,"key":"SpeedPotion"},{"floor":40,"key":"AttackPotion"},{"floor":44,"key":"Explosive Potion"},{"floor":46,"key":"Slimebound:SpawnSlimePotion"}],"is_trial":false,"path_per_floor":["R","M","M","?","M","M","MIM","R","M","M","R","E","M","E","M","B",null,"R","M","?","?","M","M","MIM","M","AVR","E","M","M","R","M","M","B",null,"R","M","M","M","?","E","T","M","R","E","M","M","T","NM"],"character_chosen":"SLIMEBOUND","items_purchased":[],"campfire_rested":0,"item_purchase_floors":[],"current_hp_per_floor":[60,56,45,45,59,60,60,60,60,60,60,56,60,60,60,44,60,60,48,40,40,42,39,41,50,50,19,56,56,56,60,53,60,60,60,60,60,60,60,29,29,60,60,58,43,40,40,0,0,0],"gold":812,"neow_bonus":"RANDOM_COMMON_RELIC","is_daily":false,"chose_seed":false,"campfire_upgraded":6,"win_rate":0.0,"timestamp":1609166660,"path_taken":["R","M","M","?","M","M","MIM","R","M","M","R","E","M","E","M","BOSS","R","M","?","?","?","M","MIM","M","AVR","E","M","M","R","M","M","BOSS","R","M","M","?","?","E","T","M","R","E","M","M","?","NM"],"items_purchased_type":[],"build_version":"2020-11-17","purchased_purges":0,"victory":false,"max_hp_per_floor":[60,60,60,60,60,60,60,60,60,60,60,60,60,60,60,60,60,60,60,60,60,60,60,60,60,60,60,60,60,60,60,60,60,60,60,60,60,60,60,60,60,60,60,60,60,60,60,60,60,60],"card_choices":[{"not_picked":["Slimebound:Schlurp","Slimebound:SlimeTap"],"picked":"Slimebound:Gluttony","floor":2},{"not_picked":["Slimebound:SplitLeeching","Slimebound:DisruptingSlam"],"picked":"Slimebound:SamplingLick","floor":3},{"not_picked":["Slimebound:LeadByExample","Slimebound:GoopTackle"],"picked":"Slimebound:Schlurp","floor":5},{"not_picked":["Slimebound:LivingWall","Slimebound:ProtectTheBoss"],"picked":"Slimebound:Repurpose","floor":6},{"not_picked":["Slimebound:GoopTackle","Slimebound:PressTheAttack"],"picked":"Slimebound:Dissolve","floor":7},{"not_picked":["Slimebound:ViciousTackle","Slimebound:Chomp"],"picked":"Slimebound:FormOfPuddle","floor":9},{"not_picked":["Slimebound:GrowthPunch","Slimebound:RainOfGoop"],"picked":"Slimebound:SplitLeeching","floor":10},{"not_picked":["Slimebound:ComboTackle","Slimebound:ViciousTackle"],"picked":"Slimebound:GoopSpray","floor":12},{"not_picked":["Slimebound:SplitAcid","Slimebound:Gluttony"],"picked":"Slimebound:OneTwoCombo","floor":13},{"not_picked":["Slimebound:PressTheAttack","Slimebound:ViciousTackle"],"picked":"Slimebound:LivingWall","floor":14},{"not_picked":["Slimebound:FinishingTackle","Slimebound:MegaLick"],"picked":"Slimebound:GrowthPunch","floor":15},{"not_picked":["Slimebound:MassRepurpose","Slimebound:MinionMaster"],"picked":"Slimebound:DouseInSlime","floor":16},{"not_picked":["Slimebound:ComboTackle","Slimebound:AcidTongue"],"picked":"Slimebound:SplitLeeching","floor":19},{"not_picked":["Slimebound:SplitLeeching","Slimebound:SplitAcid"],"picked":"Slimebound:ComboTackle","floor":22},{"not_picked":["Slimebound:Gluttony","Slimebound:RollThrough"],"picked":"Slimebound:SlimeSpikes","floor":23},{"not_picked":["Slimebound:SplitMire","Slimebound:RollThrough"],"picked":"Slimebound:PressTheAttack","floor":24},{"not_picked":["Slimebound:Gluttony+1","Slimebound:GoopTackle+1"],"picked":"Slimebound:SlimeSpikes","floor":25},{"not_picked":["Slimebound:SplitLeeching+1","Slimebound:RollThrough"],"picked":"Slimebound:HauntingLick","floor":27},{"not_picked":["Slimebound:GoopTackle","Slimebound:SlimeSpikes"],"picked":"Slimebound:ComboTackle+1","floor":28},{"not_picked":["Slimebound:RollThrough","Slimebound:SplitMire"],"picked":"Slimebound:SamplingLick","floor":29},{"not_picked":["Slimebound:DouseInSlime","Slimebound:FinishingTackle"],"picked":"Slimebound:Replication+1","floor":31},{"not_picked":["Slimebound:SplitLeeching+1","Slimebound:PressTheAttack"],"picked":"Slimebound:FlameTackle+1","floor":32},{"not_picked":["Slimebound:OozeBath","Slimebound:OneTwoCombo"],"picked":"Slimebound:PrepareCrush","floor":33},{"not_picked":["Slimebound:Grow","Slimebound:SplitAcid+1"],"picked":"Slimebound:SamplingLick+1","floor":36},{"not_picked":["Slimebound:SlimeSpikes","Slimebound:GrowthPunch+1"],"picked":"Slimebound:ComboTackle","floor":37},{"not_picked":["Slimebound:Replication","Slimebound:SplitBruiser+1"],"picked":"Slimebound:SamplingLick+1","floor":38},{"not_picked":["expansioncontent:Flail","expansioncontent:ManipulateTime"],"picked":"expansioncontent:PolyBeam","floor":39},{"not_picked":["Slimebound:SplitMire","Slimebound:BestDefense"],"picked":"Slimebound:MegaLick","floor":40},{"not_picked":["Slimebound:ProtectTheBoss+1","Slimebound:MassRepurpose"],"picked":"Slimebound:SplitLeeching","floor":42},{"not_picked":["Slimebound:HauntingLick+1","Slimebound:SplitMire+1"],"picked":"Slimebound:SamplingLick+1","floor":44},{"not_picked":["Slimebound:GrowthPunch+1","Slimebound:SamplingLick+1"],"picked":"Slimebound:Schlurp","floor":45},{"not_picked":["Slimebound:SplitMire+1","Slimebound:LeechEnergy"],"picked":"Slimebound:ForwardTackle+1","floor":46}],"player_experience":15997,"relics_obtained":[{"floor":7,"key":"ReplayTheSpireMod:TigerMarble"},{"floor":12,"key":"Iron Hammer"},{"floor":14,"key":"Happy Flower"},{"floor":24,"key":"aspiration:FetidBarrel"},{"floor":27,"key":"Pen Nib"},{"floor":40,"key":"halation:AfternoonTea"},{"floor":41,"key":"Oddly Smooth Stone"},{"floor":44,"key":"Vajra"}],"event_choices":[],"is_beta":true,"boss_relics":[{"not_picked":["Slimebound:TarBlob","Busted Crown"],"picked":"aspiration:RitualDagger"},{"not_picked":["StuffTheSpire:RunicHypercube","Velvet Choker"],"picked":"conspire:RoyalGoblet"}],"items_purged_floors":[],"is_endless":false,"potions_floor_spawned":[2,5,10,13,15,16,22,25,29,31,33,36,37,40,44,46],"killed_by":"Nightmare","ascension_level":0}}