{"host":"ywrl54yaurj31tya","time":1609116755,"event":{"mods":["AchievementEnabler","BaseMod","Colored Map","Keyboard Shortcuts","Minty Spire (QoL Compilation)","Quick Restart","Rare Cards Sparkle","StSLib","SuperFastMode","everything is the same but u backflip on backflip"],"gold_per_floor":[116,116,116,127,138,138,167,167,167,200,200,217,56,81,81,155,155,169,69,69,69,84,84,114,114,114,114,141,66,79,107,107,185,235,250,250,250,33,51,81,81,110,110,110,130,130,130],"floor_reached":46,"playtime":1630,"items_purged":["Injury","Defend_P"],"score":1144,"play_id":"c2679cf6-1004-48a1-b7bc-6377783e6827","local_time":"20201228095235","is_ascension_mode":true,"campfire_choices":[{"data":"Eruption","floor":6.0,"key":"SMITH"},{"data":"MentalFortress","floor":8.0,"key":"SMITH"},{"floor":11,"key":"DIG"},{"data":"Study","floor":15,"key":"SMITH"},{"floor":23,"key":"DIG"},{"floor":25,"key":"DIG"},{"floor":27,"key":"DIG"},{"floor":32,"key":"DIG"},{"floor":44,"key":"DIG"}],"circlet_count":0,"master_deck":["AscendersBane","Strike_P","Strike_P","Strike_P+1","Strike_P","Defend_P+1","Defend_P","Eruption+1","Vigilance+1","CutThroughFate+1","MentalFortress+1","EmptyBody+1","JustLucky+1","Study+1","Vault","FearNoEvil+1","Meditate+1","Indignation+1","BowlingBash+1","LessonLearned+1","Flash of Steel+1","Flash of Steel+1","Clumsy","Adaptation"],"relics":["Cursed Key","WingedGreaves","Shovel","Eternal Feather","Molten Egg 2","Letter Opener","Runic Pyramid","Vajra","Dream Catcher","Kunai","Strawberry","Red Mask","Orichalcum","Singing Bowl","Tiny House","Membership Card","Lantern","Art of War","HornCleat"],"acts_visited":["TheCity","TheBeyond"],"potions_floor_usage":[10,16,28,40],"damage_taken":[{"damage":0.0,"enemies":"2 Louse","floor":1.0,"turns":2.0},{"damage":0.0,"enemies":"Jaw Worm","floor":4.0,"turns":4.0},{"damage":0.0,"enemies":"Cultist","floor":5.0,"turns":3.0},{"damage":20.0,"enemies":"3 Sentries","floor":7.0,"turns":5.0},{"damage":0,"enemies":"Gremlin Nob","floor":10,"turns":3},{"damage":7,"enemies":"Large Slime","floor":12,"turns":7},{"damage":8,"enemies":"3 Sentries","floor":14,"turns":9},{"damage":29,"enemies":"The Guardian","floor":16,"turns":9},{"damage":5,"enemies":"Chosen","floor":18,"turns":7},{"damage":0,"enemies":"Shell Parasite","floor":22,"turns":4},{"damage":0,"enemies":"Gremlin Leader","floor":24,"turns":6},{"damage":0,"enemies":"Masked Bandits","floor":28,"turns":4},{"damage":0,"enemies":"Snecko","floor":30,"turns":4},{"damage":0,"enemies":"Slavers","floor":31,"turns":5},{"damage":43,"enemies":"Automaton","floor":33,"turns":8},{"damage":0,"enemies":"3 Shapes","floor":35,"turns":5},{"damage":3,"enemies":"Orb Walker","floor":39,"turns":4},{"damage":22,"enemies":"Reptomancer","floor":40,"turns":6},{"damage":32,"enemies":"Nemesis","floor":42,"turns":6},{"damage":0,"enemies":"Sphere and 2 Shapes","floor":45,"turns":5},{"damage":5,"enemies":"Writhing Mass","floor":46,"turns":6}],"seed_played":"6369096615000402492","potions_obtained":[{"floor":3.0,"key":"AttackPotion"},{"floor":3.0,"key":"AttackPotion"},{"floor":10,"key":"LiquidMemories"},{"floor":12,"key":"DistilledChaos"},{"floor":16,"key":"ColorlessPotion"},{"floor":18,"key":"Explosive Potion"},{"floor":24,"key":"DuplicationPotion"},{"floor":33,"key":"Fire Potion"},{"floor":39,"key":"SteroidPotion"},{"floor":42,"key":"Ancient Potion"}],"is_trial":false,"path_per_floor":["M","?","?","M","M","R","E","R","T","E","R","M","$","E","R","B",null,"M","$","?","?","M","R","E","R","T","R","?","?","M","E","R","B",null,"M","?","T","$","M","E","?","E","T","R","M","M"],"character_chosen":"WATCHER","items_purchased":["Study","Membership Card","Flash of Steel+1"],"campfire_rested":0,"item_purchase_floors":[13,38,38],"current_hp_per_floor":[61,66,66,66,66,66,46,46,46,46,55,48,48,40,49,20,60,55,55,34,34,34,43,43,52,52,68,68,68,68,68,80,39,82,84,84,84,84,83,63,57,27,27,39,39,34,34],"gold":130,"neow_bonus":"BOSS_RELIC","is_daily":false,"chose_seed":false,"campfire_upgraded":3,"win_rate":0.0,"timestamp":1609116755,"path_taken":["M","?","?","M","M","R","E","R","T","E","R","?","$","E","R","BOSS","M","$","?","?","M","R","E","R","T","R","?","?","M","E","R","BOSS","M","?","?","$","M","E","?","E","T","R","?","M"],"items_purchased_type":["Card","Relic","Card"],"build_version":"2020-12-22","purchased_purges":2,"victory":false,"max_hp_per_floor":[68,73,73,73,73,73,73,73,73,73,73,73,73,73,73,73,73,73,73,78,78,78,78,78,78,78,85,85,85,85,85,85,87,94,96,91,91,91,93,95,99,101,101,101,101,101,101],"card_choices":[{"not_picked":["ClearTheMind","Study","EmptyBody"],"picked":"SKIP","floor":1.0},{"not_picked":["Weave","JustLucky"],"picked":"CutThroughFate","floor":4.0},{"not_picked":["Perseverance","JustLucky"],"picked":"MentalFortress","floor":5.0},{"not_picked":["Conclude","FlyingSleeves"],"picked":"EmptyBody","floor":7.0},{"not_picked":["Weave","PathToVictory","Devotion"],"picked":"SKIP","floor":10},{"not_picked":["BowlingBash+1","Evaluate"],"picked":"JustLucky+1","floor":12},{"not_picked":["Evaluate","Worship","Conclude+1"],"picked":"SKIP","floor":14},{"not_picked":["Evaluate","Worship","Conclude+1"],"picked":"SKIP","floor":14},{"not_picked":["DevaForm","Alpha"],"picked":"Vault","floor":16},{"not_picked":["EmptyFist+1","Prostrate"],"picked":"FearNoEvil+1","floor":18},{"not_picked":["Conclude+1","EmptyBody"],"picked":"Meditate+1","floor":22},{"not_picked":["DeceiveReality","DeusExMachina"],"picked":"Indignation","floor":24},{"not_picked":["FollowUp+1","FearNoEvil+1"],"picked":"BowlingBash+1","floor":30},{"not_picked":["ReachHeaven+1","EmptyBody"],"picked":"LessonLearned+1","floor":31},{"not_picked":["DeusExMachina","Ragnarok+1","Alpha"],"picked":"Singing Bowl","floor":33},{"not_picked":["ClearTheMind","JustLucky+1","Collect"],"picked":"Singing Bowl","floor":34},{"not_picked":["WindmillStrike+1","SashWhip+1","EmptyBody"],"picked":"Singing Bowl","floor":35},{"not_picked":["EmptyFist+1","ClearTheMind","Protect"],"picked":"Singing Bowl","floor":39},{"not_picked":["BowlingBash+1","EmptyFist+1","FlurryOfBlows+1"],"picked":"Singing Bowl","floor":40},{"not_picked":["Enlightenment","Transmutation"],"picked":"Flash of Steel+1","floor":41},{"not_picked":["Blind","Panache","Master of Strategy"],"picked":"Singing Bowl","floor":41},{"not_picked":["Good Instincts","Swift Strike+1","Chrysalis"],"picked":"Singing Bowl","floor":41},{"not_picked":["Evaluate","EmptyFist+1","FollowUp+1"],"picked":"Singing Bowl","floor":42},{"not_picked":["FearNoEvil+1","ClearTheMind"],"picked":"Adaptation","floor":45}],"player_experience":578171,"relics_obtained":[{"floor":7.0,"key":"WingedGreaves"},{"floor":9.0,"key":"Shovel"},{"floor":10,"key":"Eternal Feather"},{"floor":11,"key":"Molten Egg 2"},{"floor":14,"key":"Letter Opener"},{"floor":23,"key":"Vajra"},{"floor":24,"key":"Dream Catcher"},{"floor":25,"key":"Kunai"},{"floor":27,"key":"Strawberry"},{"floor":28,"key":"Red Mask"},{"floor":31,"key":"Orichalcum"},{"floor":32,"key":"Singing Bowl"},{"floor":40,"key":"Lantern"},{"floor":42,"key":"Art of War"},{"floor":44,"key":"HornCleat"}],"event_choices":[{"damage_healed":0.0,"max_hp_gain":5.0,"max_hp_loss":0.0,"gold_gain":0.0,"event_name":"Big Fish","player_choice":"Donut","floor":2.0,"gold_loss":0.0,"damage_taken":0.0},{"damage_healed":0.0,"max_hp_gain":0.0,"max_hp_loss":0.0,"gold_gain":0.0,"event_name":"Lab","player_choice":"Got Potions","floor":3.0,"gold_loss":0.0,"damage_taken":0.0},{"damage_healed":0,"gold_gain":0,"player_choice":"Shed Blood","damage_taken":26,"max_hp_gain":5,"max_hp_loss":0,"event_name":"Forgotten Altar","floor":20,"gold_loss":0},{"damage_healed":0,"gold_gain":0,"player_choice":"Ignored","damage_taken":0,"max_hp_gain":0,"max_hp_loss":0,"event_name":"Vampires","floor":21,"gold_loss":0},{"damage_healed":0,"gold_gain":0,"player_choice":"Fought Bandits","damage_taken":0,"max_hp_gain":0,"max_hp_loss":0,"event_name":"Masked Bandits","floor":28,"gold_loss":0},{"cards_removed":["Defend_P"],"damage_healed":0,"gold_gain":0,"player_choice":"Gave Gold","damage_taken":0,"max_hp_gain":0,"max_hp_loss":0,"event_name":"Beggar","floor":29,"gold_loss":75},{"damage_healed":0,"gold_gain":0,"player_choice":"Max HP","damage_taken":0,"max_hp_gain":0,"max_hp_loss":5,"event_name":"Winding Halls","floor":36,"gold_loss":0},{"damage_healed":0,"gold_gain":0,"player_choice":"Memory 3","damage_taken":10,"max_hp_gain":0,"max_hp_loss":0,"event_name":"SensoryStone","floor":41,"gold_loss":0}],"is_beta":false,"boss_relics":[{"not_picked":["Philosopher\u0027s Stone","Empty Cage"],"picked":"Runic Pyramid"},{"not_picked":["Calling Bell","Black Star"],"picked":"Tiny House"}],"items_purged_floors":[13,19],"is_endless":false,"potions_floor_spawned":[10,12,14,16,18,24,33,39,42],"killed_by":"Writhing Mass","ascension_level":17}}