{"host":"o5or1zybx7au40zl","time":1609174926,"event":{"mods":["Act Like it!","BaseMod","Better Third Choice","Conspire","Dota2Spire","Hubris","Minty Spire (QoL Compilation)","Replay The Spire","StSLib"],"gold_per_floor":[17,31,47,47,47,47,77,87,163,194,205,205,219,249,249,249,249],"floor_reached":16,"playtime":386,"items_purged":[],"score":122,"play_id":"57c6f235-3831-4e99-b8d1-a9789b32d31b","local_time":"20201228180206","is_ascension_mode":false,"campfire_choices":[{"floor":6,"key":"RECALL"},{"floor":12,"key":"REST"},{"floor":15,"key":"REST"}],"circlet_count":0,"master_deck":["Strike_R","Strike_R","Strike_R","Strike_R","Strike_R","Defend_R","Defend_R","Defend_R","Defend_R","Bash","The Bomb","Heavy Blade","Flex","Shockwave","Pain","hubris:CleavingFinish","Seeing Red","ReplayTheSpireMod:Stacked","Double Tap","Shockwave"],"relics":["Burning Blood","Ginger","WarpedTongs","Dota2Spire:BlackKingBar","Replay:Mystery Machine","hubris:Teleporter"],"acts_visited":["Exordium"],"potions_floor_usage":[11,13],"damage_taken":[{"damage":0,"enemies":"2 Louse","floor":1,"turns":2},{"damage":0,"enemies":"conspire:RoseBush","floor":2,"turns":3},{"damage":1,"enemies":"Cultist","floor":3,"turns":3},{"damage":24,"enemies":"Gremlin Nob","floor":7,"turns":5},{"damage":4,"enemies":"conspire:2 RoseBushes","floor":8,"turns":3},{"damage":44,"enemies":"3 Sentries","floor":10,"turns":6},{"damage":12,"enemies":"Exordium Thugs","floor":11,"turns":4},{"damage":0,"enemies":"2 Fungi Beasts","floor":13,"turns":2},{"damage":14,"enemies":"Gremlin Nob","floor":14,"turns":3},{"damage":65,"enemies":"Slime Boss","floor":16,"turns":8}],"seed_played":"-348609345196398315","potions_obtained":[{"floor":2,"key":"Flashbang"},{"floor":7,"key":"Dexterity Potion"},{"floor":10,"key":"Explosive Potion"}],"is_trial":false,"path_per_floor":["M","M","M","?","?","R","E","M","T","E","M","R","M","E","R","B"],"character_chosen":"IRONCLAD","items_purchased":[],"campfire_rested":2,"item_purchase_floors":[],"current_hp_per_floor":[80,80,80,68,68,68,50,52,52,14,8,32,38,30,54,0,0],"gold":249,"neow_bonus":"RANDOM_COLORLESS_2","is_daily":false,"chose_seed":false,"campfire_upgraded":0,"win_rate":0.0,"timestamp":1609174926,"path_taken":["M","M","M","?","?","R","E","?","T","E","M","R","M","E","R","BOSS"],"items_purchased_type":[],"build_version":"2020-12-22","purchased_purges":0,"victory":false,"max_hp_per_floor":[80,80,80,80,80,80,80,80,80,80,80,80,80,80,80,80,80],"card_choices":[{"not_picked":["Metamorphosis","Magnetism"],"picked":"The Bomb","floor":0},{"not_picked":["Anger","hubris:ReadiedAction"],"picked":"Heavy Blade","floor":1},{"not_picked":["ReplayTheSpireMod:Strike From Hell","Heavy Blade"],"picked":"Flex","floor":2},{"not_picked":["Fire Breathing","Anger"],"picked":"Shockwave","floor":3},{"not_picked":["Dual Wield","Pommel Strike"],"picked":"hubris:CleavingFinish","floor":7},{"not_picked":["Battle Trance","Cleave"],"picked":"Seeing Red","floor":8},{"not_picked":["Shrug It Off","Flex"],"picked":"ReplayTheSpireMod:Stacked","floor":10},{"not_picked":["Cleave","Wild Strike"],"picked":"Double Tap","floor":11},{"not_picked":["Sword Boomerang","Shrug It Off"],"picked":"Shockwave","floor":13},{"not_picked":["True Grit","Fire Breathing","Second Wind"],"picked":"SKIP","floor":14}],"player_experience":902348,"relics_obtained":[{"floor":7,"key":"Dota2Spire:BlackKingBar"},{"floor":10,"key":"Replay:Mystery Machine"},{"floor":14,"key":"hubris:Teleporter"}],"event_choices":[{"damage_healed":0,"gold_gain":0,"player_choice":"Relic ","damage_taken":12,"max_hp_gain":0,"max_hp_loss":0,"event_name":"betterThird:BetterScrap","floor":4,"gold_loss":0,"cards_obtained":["Storm of Steel"]},{"damage_healed":0,"gold_gain":0,"player_choice":"Rummage","damage_taken":0,"relics_obtained":["WarpedTongs"],"max_hp_gain":0,"max_hp_loss":0,"event_name":"Accursed Blacksmith","floor":5,"gold_loss":0,"cards_obtained":["Pain"]}],"is_beta":false,"boss_relics":[],"items_purged_floors":[],"is_endless":false,"potions_floor_spawned":[2,7,10],"killed_by":"Slime Boss","ascension_level":0}}