{"host":"svwqvw2il1zfkkg0","time":1609129989,"event":{"mods":["AchievementEnabler","BaseMod","BetterRewards","Colored Map","Colored Powertips","Custom Start","Downfall","GifTheSpireLib","Highlight Path","Hubris","Infinite Spire","Minty Spire (QoL Compilation)","Quick Restart","Replay The Spire","Shop Mod","StSLib","SuperFastMode"],"gold_per_floor":[214,274,297,307,307,332,332,357,381,17,29,29,29,29,29,131,131,151,171,171,191,191,191],"floor_reached":22,"playtime":910,"items_purged":[],"score":217,"play_id":"742e3a9e-5cf9-45e1-93ff-5090ad9de365","local_time":"20201227203309","is_ascension_mode":false,"campfire_choices":[{"floor":7,"key":"REST"},{"data":"Die Die Die","floor":12,"key":"SMITH"},{"data":"hubris:Counter","floor":15,"key":"SMITH"}],"circlet_count":0,"master_deck":["Strike_G","Strike_G","Strike_G","Strike_G","Strike_G","Defend_G","Defend_G","Defend_G","Defend_G","Defend_G","Survivor","Neutralize","Sucker Punch","ReplayTheSpireMod:Splinters","Accuracy","Backstab+1","Die Die Die+1","hubris:Counter+1","Infinite Blades","Flechettes","Unload","Hidden Blade+1","Cloak And Dagger","Decay","Blade Dance+1"],"relics":["Ring of the Snake","Orichalcum","ReplayFunnel","Dream Catcher","Replay:Rubber Ducky","Replay:Ringing Soul","hubris:OldNail","SlaversCollar"],"acts_visited":["Exordium","TheCity"],"potions_floor_usage":[8,8,8,16],"damage_taken":[{"damage":0,"enemies":"Small Slimes","floor":1,"turns":5},{"damage":3,"enemies":"Jaw Worm","floor":4,"turns":5},{"damage":25,"enemies":"3 Sentries","floor":6,"turns":11},{"damage":4,"enemies":"Gremlin Nob","floor":8,"turns":3},{"damage":0,"enemies":"Cultist","floor":11,"turns":2},{"damage":46,"enemies":"The Guardian","floor":16,"turns":10},{"damage":23,"enemies":"2 Thieves","floor":18,"turns":4},{"damage":3,"enemies":"Chosen","floor":19,"turns":4},{"damage":56,"enemies":"Centurion and Healer","floor":21,"turns":8},{"damage":0,"enemies":"3 Cultists","floor":22,"turns":2}],"seed_played":"-7022507763081834610","potions_obtained":[{"floor":1,"key":"Strength Potion"},{"floor":2,"key":"BlessingOfTheForge"},{"floor":2,"key":"Flashbang"},{"floor":6,"key":"Poison Potion"},{"floor":11,"key":"Cursed Concoction"},{"floor":21,"key":"champ:CounterPotion"}],"is_trial":false,"path_per_floor":["M","?","T","M","?","E","R","E","T","$","M","R","?","$","R","B",null,"M","M","?","M","M"],"character_chosen":"THE_SILENT","items_purchased":["Replay:Ringing Soul","Infinite Blades","SkillPotion"],"campfire_rested":1,"item_purchase_floors":[10,10,10],"current_hp_per_floor":[70,70,70,67,67,42,63,59,59,62,65,65,65,65,65,22,79,59,59,62,9,9,9],"gold":191,"neow_bonus":"HUNDRED_GOLD","is_daily":false,"chose_seed":false,"campfire_upgraded":2,"win_rate":0.0,"timestamp":1609129989,"path_taken":["M","?","?","?","?","E","R","E","T","$","?","R","?","?","R","BOSS","M","M","?","M","M"],"items_purchased_type":["Relic","Card","Potion"],"build_version":"2020-12-22","purchased_purges":0,"victory":false,"max_hp_per_floor":[70,70,70,70,70,70,70,70,70,73,76,76,76,76,76,79,79,82,85,88,91,91,91],"card_choices":[{"not_picked":["Backflip","Outmaneuver"],"picked":"Sucker Punch","floor":1},{"not_picked":["PiercingWail","Reflex"],"picked":"Accuracy","floor":2},{"not_picked":["Outmaneuver","Quick Slash"],"picked":"Backstab","floor":4},{"not_picked":["PiercingWail","Escape Plan"],"picked":"Die Die Die","floor":6},{"not_picked":["hubris:SlightOfHand","hubris:Sniper"],"picked":"hubris:Counter","floor":8},{"not_picked":["Draining Mist","Terror"],"picked":"Flechettes","floor":11},{"not_picked":["Night Terror","Malaise"],"picked":"Unload","floor":16},{"not_picked":["Skewer","Acrobatics"],"picked":"Hidden Blade+1","floor":18},{"not_picked":["Deflect+1","PiercingWail+1"],"picked":"Cloak And Dagger","floor":19},{"not_picked":["Slice+1","Skewer"],"picked":"Blade Dance+1","floor":21}],"player_experience":430179,"relics_obtained":[{"floor":3,"key":"Orichalcum"},{"floor":6,"key":"ReplayFunnel"},{"floor":8,"key":"Dream Catcher"},{"floor":9,"key":"Replay:Rubber Ducky"}],"event_choices":[{"damage_healed":0,"gold_gain":0,"player_choice":"Forge","damage_taken":0,"max_hp_gain":0,"max_hp_loss":0,"event_name":"Accursed Blacksmith","floor":5,"gold_loss":0,"cards_upgraded":["Backstab"]},{"damage_healed":0,"gold_gain":0,"player_choice":"Gave Potion","damage_taken":0,"relics_obtained":["hubris:OldNail"],"max_hp_gain":0,"max_hp_loss":0,"event_name":"WeMeetAgain","floor":13,"gold_loss":0},{"damage_healed":0,"gold_gain":0,"player_choice":"Smashed Altar","damage_taken":0,"max_hp_gain":0,"max_hp_loss":0,"event_name":"Forgotten Altar","floor":20,"gold_loss":0,"cards_obtained":["Decay"]}],"is_beta":false,"boss_relics":[{"not_picked":["Fusion Hammer","Ring of Chaos"],"picked":"SlaversCollar"}],"items_purged_floors":[],"is_endless":false,"potions_floor_spawned":[1,6,11,21],"killed_by":"3 Cultists","ascension_level":0}}