{"host":"n7mxhpjy89lltbhc","time":1609149698,"event":{"mods":["2.2 Compatiblity","Act Like it!","Bard","BaseMod","Better Match","Better Sensory Stone","Better Synergies","Better Third Choice","Better Vampires","BetterRewards","Challenge The Spire","Colored Map","Colored Powertips","Downfall","Gensokyo","Hubris","Infinite Spire","Jedi Mod","Marisa????????","Marked Mod","Minty Spire (QoL Compilation)","Permanent Neow","Rare Cards Sparkle","Relic Sorter","Relic Stats","Replay The Spire","Shop Mod","Small Relic Pack","Spicy Shops","StSLib","Strawberry Spire","The Blue Laboratory","The Disciple","The Servant 0.9.4","Uncapped","Waifu the Spire","Wandering Minibosses","vexMod"],"gold_per_floor":[115,134,9,26,40,70,70,23,71,71,126,144,173,188,188,260,260,279,279,356,33,33,33,63,63,80,159,159,178,178,256,256,271,271,246,126,158,158,191,191,191,191,207,223,223,223,223,223,0,31,31],"floor_reached":56,"playtime":2524,"items_purged":["Strike_MRS","Writhe","Sickly"],"score":2088,"play_id":"51535093-c3fe-4cbb-bda5-5a244be58560","local_time":"25631228170138","is_ascension_mode":true,"campfire_choices":[{"floor":7,"key":"REST"},{"data":"GalacticHalo","floor":10,"key":"SMITH"},{"floor":15,"key":"REST"},{"data":"EscapeVelocity","floor":23,"key":"SMITH"},{"data":"SuperNova","floor":30,"key":"SMITH"},{"floor":32,"key":"REST"},{"data":"BlazingStar","floor":41,"key":"SMITH"},{"floor":44,"key":"REST"},{"data":"GasGiant","floor":49,"key":"SMITH"},{"floor":52,"key":"REST"}],"circlet_count":0,"master_deck":["AscendersBane","Strike_MRS+1","Strike_MRS","Defend_MRS","Defend_MRS","Defend_MRS","Defend_MRS+1","UpSweep","GalacticHalo+1","ShootingEcho","BinaryStars+1","GasGiant+1","MeteoricShower","GrandCross","SuperNova+1","MillisecondPulsars","EscapeVelocity+1","WitchLeyline","BlazingStar+1","UltimateShortwave+1"],"relics":["MiniHakkero","Replay:Accelerometer","Unceasing Top","Ancient Tea Set","Bag of Marbles","hubris:Teleporter","Black Star","Singing Bowl","jedi:heavyjacket","Potion Belt","infinitespire:WardingShard","infinitespire:BottledMercury","Mummified Hand","wanderingMiniBosses:ThiefScarf","hubris:HollowSoul","Gensokyo:EmptyGrave","StoneCalendar","Gremlin Food","infinitespire:Satchel","hexamod:BolsterEngine","infinitespire:ShieldingShard","strawberrySpire:KineticCharger","vexMod:RetaliationKit","jedi:archwizardhat","ReplayTheSpireMod:CursedCoin","Quantum Egg","Bottled Tornado","Bronze Scales"],"acts_visited":["Gensokyo:Gensokyo","Gensokyo:Gensokyoer","Gensokyo:Gensokyoest","TheEnding"],"potions_floor_usage":[4,13,16,42,50,55],"damage_taken":[{"damage":7,"enemies":"Gensokyo:2_Kodama","floor":1,"turns":4},{"damage":3,"enemies":"Gensokyo:3_Fairies","floor":2,"turns":6},{"damage":0,"enemies":"Gensokyo:Python","floor":4,"turns":2},{"damage":5,"enemies":"Gensokyo:3_Kodama","floor":5,"turns":8},{"damage":1,"enemies":"Gensokyo:Mamizou","floor":6,"turns":8},{"damage":0,"enemies":"Gensokyo:Python_and_Kodama","floor":12,"turns":2},{"damage":28,"enemies":"Gensokyo:Cirno","floor":13,"turns":6},{"damage":12,"enemies":"Gensokyo:2_Rabbits","floor":14,"turns":5},{"damage":9,"enemies":"Gensokyo:Kokoro","floor":16,"turns":10},{"damage":3,"enemies":"Gensokyo:Chomper","floor":18,"turns":3},{"damage":24,"enemies":"Nightmare","floor":25,"turns":6},{"damage":0,"enemies":"Gensokyo:2_Gloops","floor":27,"turns":3},{"damage":3,"enemies":"Gensokyo:Slime_Group","floor":31,"turns":6},{"damage":9,"enemies":"Gensokyo:Eternal_Rivals","floor":33,"turns":10},{"damage":0,"enemies":"Gensokyo:3_Boulders","floor":35,"turns":4},{"damage":34,"enemies":"Gensokyo:Marisa","floor":40,"turns":8},{"damage":19,"enemies":"Gensokyo:Doremy","floor":42,"turns":7},{"damage":0,"enemies":"Gensokyo:AncientGuardian","floor":47,"turns":6},{"damage":10,"enemies":"Gensokyo:AtlasGolem","floor":48,"turns":6},{"damage":0,"enemies":"Gensokyo:Shinki","floor":50,"turns":6},{"damage":24,"enemies":"Shield and Spear","floor":54,"turns":6},{"damage":111,"enemies":"The Heart","floor":55,"turns":9}],"seed_played":"-4616389803570499572","potions_obtained":[{"floor":1,"key":"jedi:StrikingPotion"},{"floor":4,"key":"Venom Potion"},{"floor":6,"key":"blueLaboratory:BottleOfVodka"},{"floor":12,"key":"PowerPotion"},{"floor":13,"key":"hexamod:EctoCoolerPotion"},{"floor":18,"key":"LiquidMemories"},{"floor":27,"key":"blueLaboratory:BottledHope"},{"floor":35,"key":"Strength Potion"},{"floor":40,"key":"blueLaboratory:NullPotion"},{"floor":42,"key":"SkillPotion"}],"is_trial":false,"path_per_floor":["M","M","?","M","M","E","R","COS","T","R","T","M","E","M","R","B",null,"M","?","T","$","R","?","NM","T","M","T","R","M","R","B",null,"M","?","?","COS","E","R","E","T","R","?","M","M","R","B",null,"R","$","E","B",null],"character_chosen":"MARISA","items_purchased":["Mummified Hand","jedi:archwizardhat","ReplayTheSpireMod:CursedCoin","FearPotion"],"campfire_rested":5,"item_purchase_floors":[22,53,53,53],"current_hp_per_floor":[38,35,35,35,30,29,50,50,50,50,50,50,27,15,36,32,61,58,58,58,58,58,58,36,36,38,38,38,37,59,56,71,73,71,71,71,39,39,22,22,53,53,55,50,50,50,77,86,86,64,3],"gold":31,"neow_bonus":"ONE_RARE_RELIC","is_daily":false,"chose_seed":false,"campfire_upgraded":5,"win_rate":0.0,"timestamp":1609149698,"path_taken":["M","M","?","M","M","E","R","COS","T","R","?","M","E","M","R","BOSS","M","?","?","$","R","?","NM","T","?","?","R","M","R","BOSS","M","?","?","COS","E","R","E","T","R","?","M","?","R","BOSS","R","$","E","BOSS"],"items_purchased_type":["Relic","Relic","Relic","Potion"],"build_version":"2020-12-22","purchased_purges":3,"victory":true,"max_hp_per_floor":[70,70,70,70,70,70,70,70,70,70,70,70,70,70,70,70,70,70,70,70,70,70,70,72,72,74,74,74,76,76,76,76,78,71,71,71,73,73,75,75,82,82,84,86,86,86,86,86,86,88,88],"relic_stats":{"Singing Bowl":18,"counters":[22,131],"Mummified Hand":[35],"Bronze Scales":[0],"StoneCalendar":[52],"Black Star":4,"obtain_stats":[{"AmplifyWand":47,"Replay:Accelerometer":26,"infinitespire:BottledMercury":29,"vexMod:MemoryStick":33,"Singing Bowl":21,"StoneCalendar":40,"Replay:Multitool":47,"jedi:archwizardhat":53,"Bottled Tornado":54,"Ancient Tea Set":6,"vexMod:Spyglass":55,"Nunchaku":54,"infinitespire:ShieldingShard":43,"Mummified Hand":22,"jedi:firstaidkit":48,"Strawberry":44,"hubris:ScarierMask":48,"infinitespire:Golems Mask":40,"hubris:FunFungus":33,"hubris:CuriousFeather":50,"Chemical X":40,"infinitespire:Eraser":42,"vexMod:RetaliationKit":48,"Potion Belt":25,"Gremlin Food":40,"jedi:command_uncommon":24,"hubris:Teleporter":13,"wanderingMiniBosses:ThiefScarf":31,"ReplayTheSpireMod:CursedCoin":53,"Quantum Egg":54,"hubris:HollowSoul":34,"Akabeko":35,"jedi:heavyjacket":24,"Gensokyo:EmptyGrave":36,"vexMod:BarristanHead":50,"infinitespire:WardingShard":25,"strawberrySpire:KineticCharger":47,"Bronze Scales":55,"infinitespire:Satchel":42,"Bag of Marbles":11,"Black Star":17,"MiniHakkero":0,"hexamod:BolsterEngine":42,"Unceasing Top":0,"Toy Ornithopter":9,"hubris:OldNail":35,"strawberrySpire:BonfireDress":42,"infinitespire:PuzzleCube":55},{"AmplifyWand":17,"Replay:Accelerometer":11,"infinitespire:BottledMercury":12,"vexMod:MemoryStick":13,"Singing Bowl":10,"StoneCalendar":16,"Replay:Multitool":17,"jedi:archwizardhat":20,"Bottled Tornado":21,"Ancient Tea Set":5,"vexMod:Spyglass":21,"Nunchaku":20,"infinitespire:ShieldingShard":17,"Mummified Hand":10,"jedi:firstaidkit":18,"Strawberry":17,"hubris:ScarierMask":18,"infinitespire:Golems Mask":15,"hubris:FunFungus":13,"hubris:CuriousFeather":19,"Chemical X":15,"infinitespire:Eraser":16,"vexMod:RetaliationKit":19,"Potion Belt":11,"Gremlin Food":16,"jedi:command_uncommon":10,"hubris:Teleporter":7,"wanderingMiniBosses:ThiefScarf":13,"ReplayTheSpireMod:CursedCoin":20,"Quantum Egg":21,"hubris:HollowSoul":14,"Akabeko":14,"jedi:heavyjacket":10,"Gensokyo:EmptyGrave":15,"vexMod:BarristanHead":19,"infinitespire:WardingShard":11,"strawberrySpire:KineticCharger":18,"Bronze Scales":22,"infinitespire:Satchel":17,"Bag of Marbles":5,"Black Star":9,"MiniHakkero":0,"hexamod:BolsterEngine":17,"Unceasing Top":0,"Toy Ornithopter":5,"hubris:OldNail":14,"strawberrySpire:BonfireDress":16,"infinitespire:PuzzleCube":21},{"AmplifyWand":98,"Replay:Accelerometer":60,"infinitespire:BottledMercury":63,"vexMod:MemoryStick":69,"Singing Bowl":54,"StoneCalendar":91,"Replay:Multitool":98,"jedi:archwizardhat":116,"Bottled Tornado":122,"Ancient Tea Set":28,"vexMod:Spyglass":122,"Nunchaku":116,"infinitespire:ShieldingShard":98,"Mummified Hand":54,"jedi:firstaidkit":104,"Strawberry":98,"hubris:ScarierMask":104,"infinitespire:Golems Mask":83,"hubris:FunFungus":69,"hubris:CuriousFeather":110,"Chemical X":83,"infinitespire:Eraser":91,"vexMod:RetaliationKit":105,"Potion Belt":60,"Gremlin Food":91,"jedi:command_uncommon":54,"hubris:Teleporter":36,"wanderingMiniBosses:ThiefScarf":69,"ReplayTheSpireMod:CursedCoin":116,"Quantum Egg":122,"hubris:HollowSoul":79,"Akabeko":79,"jedi:heavyjacket":54,"Gensokyo:EmptyGrave":83,"vexMod:BarristanHead":110,"infinitespire:WardingShard":60,"strawberrySpire:KineticCharger":102,"Bronze Scales":130,"infinitespire:Satchel":98,"Bag of Marbles":28,"Black Star":51,"MiniHakkero":0,"hexamod:BolsterEngine":98,"Unceasing Top":0,"Toy Ornithopter":28,"hubris:OldNail":79,"strawberrySpire:BonfireDress":91,"infinitespire:PuzzleCube":122}],"Unceasing Top":[15]},"card_choices":[{"not_picked":["DC","GrandCross"],"picked":"GalacticHalo","floor":1},{"not_picked":["GasGiant","JA"],"picked":"ShootingEcho","floor":2},{"not_picked":["BlazingStar+1","SuperNova+1"],"picked":"BinaryStars+1","floor":3},{"not_picked":["LuminesStrike","ManaConvection"],"picked":"GasGiant","floor":4},{"not_picked":["WitchLeyline","PowerUp"],"picked":"MeteoricShower","floor":5},{"not_picked":["EnergyRecoil","Acceleration"],"picked":"FinalSpark","floor":6},{"not_picked":["DC","AsteroidBelt"],"picked":"GrandCross","floor":12},{"not_picked":["NonDirectionalLaser","GravityBeat"],"picked":"SuperNova","floor":13},{"not_picked":["AbsoluteMagnitude","SuperNova"],"picked":"MillisecondPulsars","floor":14},{"not_picked":["DC","Acceleration","StarBarrage"],"picked":"SKIP","floor":14},{"not_picked":["MaximisePower","FinalSpark"],"picked":"EscapeVelocity","floor":16},{"not_picked":["OrrerysSun","IllusionStar"],"picked":"WitchLeyline","floor":18},{"not_picked":["RefractionSpark","TreasureHunter","NonDirectionalLaser+1"],"picked":"Singing Bowl","floor":25},{"not_picked":["MeteoricShower","AlicesGift","DarkSpark"],"picked":"Singing Bowl","floor":27},{"not_picked":["SprinkleStarSeal","WitchOfGreed","IllusionStar"],"picked":"Singing Bowl","floor":31},{"not_picked":["MaximisePower","BinaryStars"],"picked":"BlazingStar","floor":33},{"not_picked":["GravityBeat","PowerUp","ShootingEcho"],"picked":"Singing Bowl","floor":35},{"not_picked":["MilkyWay","GravityBeat+1","ShootingEcho"],"picked":"Singing Bowl","floor":40},{"not_picked":["GalacticHalo","MaximisePower","WitchLeyline"],"picked":"Singing Bowl","floor":42},{"not_picked":["MillisecondPulsars+1","TreasureHunter+1"],"picked":"UltimateShortwave+1","floor":46},{"not_picked":["Acceleration+1","FairyDestructionRay","6A"],"picked":"Singing Bowl","floor":47},{"not_picked":["GrandCross","GravityBeat","OneTimeOff"],"picked":"Singing Bowl","floor":48},{"not_picked":["GalacticHalo","DC+1","DoubleSpark"],"picked":"Singing Bowl","floor":54}],"player_experience":1012334,"relics_obtained":[{"floor":6,"key":"Ancient Tea Set"},{"floor":9,"key":"Toy Ornithopter"},{"floor":11,"key":"Bag of Marbles"},{"floor":13,"key":"hubris:Teleporter"},{"floor":21,"key":"Singing Bowl"},{"floor":25,"key":"Potion Belt"},{"floor":25,"key":"infinitespire:WardingShard"},{"floor":26,"key":"Replay:Accelerometer"},{"floor":29,"key":"infinitespire:BottledMercury"},{"floor":31,"key":"Mummified Hand"},{"floor":31,"key":"wanderingMiniBosses:ThiefScarf"},{"floor":40,"key":"StoneCalendar"},{"floor":40,"key":"Gremlin Food"},{"floor":42,"key":"infinitespire:Satchel"},{"floor":42,"key":"hexamod:BolsterEngine"},{"floor":43,"key":"infinitespire:ShieldingShard"},{"floor":54,"key":"Quantum Egg"},{"floor":54,"key":"Bottled Tornado"}],"event_choices":[{"damage_healed":0,"gold_gain":0,"player_choice":"2","damage_taken":0,"max_hp_gain":0,"max_hp_loss":0,"event_name":"betterMatch:BetterMatch","floor":3,"gold_loss":0,"cards_obtained":["betterMatch:RareCard"]},{"damage_healed":0,"gold_gain":0,"player_choice":"2","damage_taken":0,"max_hp_gain":0,"max_hp_loss":0,"event_name":"betterMatch:BetterMatch","floor":46,"gold_loss":0,"cards_obtained":["betterMatch:RareCard"]}],"is_beta":false,"boss_relics":[{"not_picked":["Velvet Choker","Fusion Hammer"],"picked":"Black Star"},{"not_picked":["infinitespire:Cupcake","strawberrySpire:Dictionifier"],"picked":"hubris:HollowSoul"}],"items_purged_floors":[22,53,53],"is_endless":false,"potions_floor_spawned":[1,4,6,12,13,18,27,35,40,42,54],"ascension_level":15}}