{"host":"v711dtdb46xe9u7l","time":1609165700,"event":{"mods":["BaseMod","Minty Spire (QoL Compilation)","StSLib"],"gold_per_floor":[119,133,133,143,157,189,202,202,202,227,227,240,21,21,21,121,121,134,134,144,222,240,240,240],"floor_reached":23,"playtime":1000,"items_purged":["Strike_B"],"score":254,"play_id":"8c547fba-55a7-4994-a342-bc887486f235","local_time":"20201228142820","is_ascension_mode":true,"campfire_choices":[{"data":"Barrage","floor":8,"key":"SMITH"},{"floor":11,"key":"REST"},{"floor":15,"key":"REST"}],"circlet_count":0,"master_deck":["Strike_B","Strike_B+1","Defend_B","Defend_B+1","Zap","Dualcast","Barrage+1","Ball Lightning","Conserve Battery","Defragment","Reinforced Body","Static Discharge","Tempest","Machine Learning","Hologram"],"relics":["Cracked Core","Ornamental Fan","Tiny Chest","Membership Card","Empty Cage","Sundial","Toxic Egg 2"],"acts_visited":["Exordium","TheCity"],"potions_floor_usage":[6,7,16,20,23],"damage_taken":[{"damage":0,"enemies":"Small Slimes","floor":1,"turns":2},{"damage":0,"enemies":"Cultist","floor":2,"turns":2},{"damage":0,"enemies":"2 Louse","floor":4,"turns":2},{"damage":0,"enemies":"2 Fungi Beasts","floor":5,"turns":2},{"damage":33,"enemies":"Gremlin Nob","floor":6,"turns":4},{"damage":1,"enemies":"Exordium Thugs","floor":7,"turns":4},{"damage":20,"enemies":"Lagavulin","floor":10,"turns":6},{"damage":9,"enemies":"Exordium Wildlife","floor":12,"turns":5},{"damage":12,"enemies":"Hexaghost","floor":16,"turns":8},{"damage":0,"enemies":"Chosen","floor":18,"turns":5},{"damage":5,"enemies":"3 Byrds","floor":20,"turns":1},{"damage":8,"enemies":"Snecko","floor":22,"turns":5},{"damage":51,"enemies":"Slavers","floor":23,"turns":4}],"seed_played":"-5134444320660684880","potions_obtained":[{"floor":5,"key":"DistilledChaos"},{"floor":6,"key":"Block Potion"},{"floor":16,"key":"BlessingOfTheForge"},{"floor":22,"key":"Energy Potion"}],"is_trial":false,"path_per_floor":["M","M","?","M","M","E","M","R","T","E","R","M","$","?","R","B",null,"M","?","M","T","M","E"],"character_chosen":"DEFECT","items_purchased":["Membership Card","AttackPotion"],"campfire_rested":2,"item_purchase_floors":[13,13],"current_hp_per_floor":[75,75,75,75,75,42,41,41,41,21,43,34,34,19,41,29,64,64,64,59,59,51,0,0],"gold":240,"neow_bonus":"THREE_CARDS","is_daily":false,"chose_seed":false,"campfire_upgraded":1,"win_rate":0.0,"timestamp":1609165700,"path_taken":["M","M","?","M","M","E","M","R","T","E","R","?","$","?","R","BOSS","M","?","M","?","M","E"],"items_purchased_type":["Relic","Potion"],"build_version":"2020-12-22","purchased_purges":1,"victory":false,"max_hp_per_floor":[75,75,75,75,75,75,75,75,75,75,75,75,75,75,75,75,75,75,75,75,75,75,75,75],"card_choices":[{"not_picked":["Scrape","Compile Driver"],"picked":"Barrage","floor":0},{"not_picked":["Sweeping Beam","Steam"],"picked":"Ball Lightning","floor":1},{"not_picked":["Barrage","Stack","Go for the Eyes"],"picked":"SKIP","floor":2},{"not_picked":["Storm","Cold Snap","Rip and Tear"],"picked":"SKIP","floor":4},{"not_picked":["Amplify","Turbo"],"picked":"Conserve Battery","floor":5},{"not_picked":["Streamline","Steam Power"],"picked":"Defragment","floor":6},{"not_picked":["Chaos","Loop"],"picked":"Reinforced Body","floor":7},{"not_picked":["Self Repair","Steam"],"picked":"Static Discharge","floor":10},{"not_picked":["Recycle","Leap"],"picked":"Tempest","floor":12},{"not_picked":["Amplify","Fission"],"picked":"Machine Learning","floor":16},{"not_picked":["Go for the Eyes","Recycle","Compile Driver"],"picked":"SKIP","floor":18},{"not_picked":["Blizzard+1","Gash+1"],"picked":"Hologram","floor":20},{"not_picked":["Cold Snap+1","Reinforced Body+1","Aggregate+1"],"picked":"SKIP","floor":22}],"player_experience":266544,"relics_obtained":[{"floor":6,"key":"Ornamental Fan"},{"floor":10,"key":"Tiny Chest"},{"floor":21,"key":"Toxic Egg 2"}],"event_choices":[{"cards_removed":["Strike_B"],"damage_healed":0,"gold_gain":0,"player_choice":"Purged","damage_taken":0,"max_hp_gain":0,"max_hp_loss":0,"event_name":"Purifier","floor":3,"gold_loss":0},{"damage_healed":0,"gold_gain":0,"player_choice":"Entered Light","damage_taken":15,"max_hp_gain":0,"max_hp_loss":0,"event_name":"Shining Light","floor":14,"gold_loss":0,"cards_upgraded":["Strike_B","Defend_B"]},{"damage_healed":0,"gold_gain":0,"player_choice":"Opened","damage_taken":0,"relics_obtained":["Sundial"],"max_hp_gain":0,"max_hp_loss":0,"event_name":"The Mausoleum","floor":19,"gold_loss":0}],"is_beta":false,"boss_relics":[{"not_picked":["Cursed Key","Calling Bell"],"picked":"Empty Cage"}],"items_purged_floors":[13],"is_endless":false,"potions_floor_spawned":[5,6,16,22],"killed_by":"Slavers","ascension_level":5}}