{"host":"wonp23fsqqcu31ie","time":1609139110,"event":{"mods":["2.2 Compatiblity","AchievementEnabler","Aspiration","BaseMod","Bestiary","Better Altar","Better Match","Better Sensory Stone","Better Skull","Better Third Choice","BetterRewards","Block Reminder","Colored Map","Colored Powertips","Conspire","DeckTracker","Displayed Cursed Tome","Downfall","Hermit","Highlight Path","Hubris","Minty Spire (QoL Compilation)","Permanent Neow","Quick Restart","Rare Cards Sparkle","Relic Stats","Replay The Spire","Shade Mod","Shop Mod","StSLib","SuperFastMode","The Animator","The Cursed","The Dragon Tamer","The Gatherer","The Necromancer","The Runesmith","The Servant 0.9.4"],"gold_per_floor":[99,114,131,581,581,597,597,24,59,77,77,135,60,77,91,91,91,91],"floor_reached":16,"playtime":530,"items_purged":[],"score":106,"play_id":"94ce7c5c-6e14-4ab6-ae94-853fe50dce7f","local_time":"20201228180510","is_ascension_mode":true,"campfire_choices":[{"floor":1,"key":"RECALL"},{"floor":13,"key":"REST"}],"circlet_count":0,"master_deck":["champ:Strike","champ:Strike","champ:Strike","champ:Strike","champ:Defend","champ:Defend","champ:Defend","champ:Defend","champ:Execute","champ:Taunt","champ:RisingSlash","champ:FlashCut","Slimebound:Icky","Slimebound:Icky","champ:IronFortress","champ:Riposte","champ:GladiatorsShout","champ:GladiatorsShout","champ:ArenaPreparation","champ:BerserkerStyle","champ:CrookedStrike","champ:Backstep","champ:LastStand","champ:RageSigil"],"relics":["champ:ChampionCrown","champ:FightingForDummies","Spirit Poop","ReplayFunnel","MerchantsRug","Medical Kit","Lantern","Mercury Hourglass","downfall:HeartBlessingRed"],"acts_visited":["Exordium"],"potions_floor_usage":[9,9,10,16],"damage_taken":[{"damage":3,"enemies":"Small Slimes","floor":2,"turns":5},{"damage":0,"enemies":"2 Louse","floor":3,"turns":4},{"damage":7,"enemies":"Cultist","floor":6,"turns":4},{"damage":13,"enemies":"downfall:FleeingMerchant","floor":8,"turns":4},{"damage":20,"enemies":"3 Sentries","floor":9,"turns":7},{"damage":44,"enemies":"Exordium Thugs","floor":10,"turns":5},{"damage":53,"enemies":"Gremlin Nob","floor":12,"turns":5},{"damage":15,"enemies":"Red Slaver","floor":14,"turns":1},{"damage":16,"enemies":"2 Fungi Beasts","floor":15,"turns":2},{"damage":57,"enemies":"downfall:Defect","floor":16,"turns":4}],"seed_played":"-7048147335158030168","potions_obtained":[{"floor":2,"key":"AttackPotion"},{"floor":3,"key":"hexamod:EctoCoolerPotion"},{"floor":6,"key":"PowerPotion"},{"floor":12,"key":"champ:CounterPotion"}],"is_trial":false,"path_per_floor":["R","M","M","?","?","M","T","$","E","M","?","?","R","M","M","B"],"character_chosen":"THE_CHAMP","items_purchased":["ReplayFunnel","MerchantsRug","Medical Kit","champ:GladiatorsShout","champ:ArenaPreparation"],"campfire_rested":1,"item_purchase_floors":[8,8,8,8,8],"current_hp_per_floor":[90,90,90,90,90,83,83,83,68,45,75,46,73,68,57,0,0,0],"gold":91,"neow_bonus":"RANDOM_COMMON_RELIC","is_daily":false,"chose_seed":false,"campfire_upgraded":0,"win_rate":0.0,"timestamp":1609139110,"path_taken":["R","M","M","?","?","?","T","?","E","M","?","?","R","M","M","BOSS"],"items_purchased_type":["Relic","Relic","Relic","Card","Card"],"build_version":"2020-12-22","purchased_purges":0,"victory":false,"max_hp_per_floor":[90,90,90,90,90,90,90,90,90,90,90,90,90,90,90,90,90,90],"relic_stats":{"counters":[10,41],"Medical Kit":[4],"obtain_stats":[{"ReplayFunnel":8,"MerchantsRug":8,"Lantern":9,"downfall:HeartBlessingRed":13,"Spirit Poop":5,"champ:ChampionCrown":0,"champ:FightingForDummies":0,"Medical Kit":8,"Mercury Hourglass":12},{"ReplayFunnel":4,"MerchantsRug":4,"Lantern":5,"downfall:HeartBlessingRed":7,"Spirit Poop":2,"champ:ChampionCrown":0,"champ:FightingForDummies":0,"Medical Kit":4,"Mercury Hourglass":7},{"ReplayFunnel":17,"MerchantsRug":17,"Lantern":24,"downfall:HeartBlessingRed":34,"Spirit Poop":9,"champ:ChampionCrown":0,"champ:FightingForDummies":0,"Medical Kit":17,"Mercury Hourglass":34}],"Mercury Hourglass":[18]},"card_choices":[{"not_picked":["champ:Haymaker","champ:DefensiveShout"],"picked":"champ:RisingSlash","floor":2},{"not_picked":["champ:FightOn","champ:DefensiveShout"],"picked":"champ:FlashCut","floor":3},{"not_picked":["champ:FanOfKnives","champ:Balance"],"picked":"champ:IronFortress","floor":6},{"not_picked":["champ:EnGarde","champ:AdrenalArmor"],"picked":"champ:Riposte","floor":8},{"not_picked":["champ:DefensiveShout","champ:BladeFlurry"],"picked":"champ:BerserkerStyle","floor":9},{"not_picked":["champ:FightOn","champ:EnGarde"],"picked":"champ:CrookedStrike","floor":10},{"not_picked":["champ:BerserkerStyle","champ:CrookedStrike"],"picked":"champ:Backstep","floor":12},{"not_picked":["champ:Lariat","champ:AdrenalArmor"],"picked":"champ:LastStand","floor":14},{"not_picked":["champ:CrookedStrike","champ:Haymaker"],"picked":"champ:RageSigil","floor":15}],"player_experience":407153,"relics_obtained":[{"floor":9,"key":"Lantern"},{"floor":12,"key":"Mercury Hourglass"}],"event_choices":[{"cards_removed":["Slimebound:Icky"],"damage_healed":0,"gold_gain":0,"player_choice":"Offered Curse","damage_taken":0,"relics_obtained":["Spirit Poop"],"max_hp_gain":0,"max_hp_loss":0,"event_name":"Bonfire Elementals","floor":5,"gold_loss":0},{"damage_healed":30,"gold_gain":0,"player_choice":"Banana","damage_taken":0,"max_hp_gain":0,"max_hp_loss":0,"event_name":"Big Fish","floor":11,"gold_loss":0}],"is_beta":false,"boss_relics":[],"items_purged_floors":[],"is_endless":false,"potions_floor_spawned":[2,3,6,12],"killed_by":"downfall:Defect","ascension_level":1}}