{"host":"08sn1703g14rasc1","time":1609197128,"event":{"mods":["AchievementEnabler","BaseMod","Colored Map","Colored Powertips","Hermit","Minty Spire (QoL Compilation)","StSLib"],"gold_per_floor":[118,118,118,71,95,95,111,111,135,150,174,210,236,268,280,418,430,457,394,406,431,59,59,59,102,129,129,13,13,31,52,52,52,52],"floor_reached":33,"playtime":947,"items_purged":[],"score":447,"play_id":"dd340d97-d7f0-4793-82bb-d6a4d98490c3","local_time":"20201228151208","is_ascension_mode":true,"campfire_choices":[{"data":"hermit:HighNoon","floor":6.0,"key":"SMITH"},{"data":"hermit:Maintenance","floor":8.0,"key":"SMITH"},{"floor":15.0,"key":"REST"},{"floor":23.0,"key":"REST"},{"floor":27.0,"key":"REST"},{"floor":32.0,"key":"REST"}],"circlet_count":0,"master_deck":["hermit:Strike_Hermit","hermit:Strike_Hermit","hermit:Strike_Hermit","hermit:Strike_Hermit","hermit:Defend_Hermit","hermit:Defend_Hermit","hermit:Defend_Hermit","hermit:Snapshot","hermit:Covet","Parasite","hermit:HighNoon+1","hermit:TakeCover","Injury","Regret","hermit:HighCaliber","hermit:Maintenance+1","hermit:Brawl","hermit:Malice","hermit:Quickdraw","hermit:Deadeye","hermit:FromBeyond","Pain","hermit:ShadowCloak","hermit:RoundhouseKick","Writhe","hermit:Manifest","hermit:ShadowCloak","hermit:LoneWolf","hermit:Brawl","hermit:Roughhouse"],"relics":["hermit:Momento","Golden Idol","Bag of Preparation","Orichalcum","MawBank","Sozu","WarpedTongs","Du-Vu Doll","Incense Burner","Pen Nib","Strawberry"],"acts_visited":["Exordium","TheCity"],"potions_floor_usage":[],"damage_taken":[{"damage":9.0,"enemies":"Cultist","floor":1.0,"turns":5.0},{"damage":1.0,"enemies":"Small Slimes","floor":5.0,"turns":6.0},{"damage":0.0,"enemies":"2 Louse","floor":7.0,"turns":2.0},{"damage":2.0,"enemies":"Looter","floor":10.0,"turns":4.0},{"damage":14.0,"enemies":"Gremlin Gang","floor":12.0,"turns":4.0},{"damage":0.0,"enemies":"Blue Slaver","floor":13.0,"turns":5.0},{"damage":0.0,"enemies":"2 Fungi Beasts","floor":14.0,"turns":2.0},{"damage":8.0,"enemies":"Slime Boss","floor":16.0,"turns":7.0},{"damage":15.0,"enemies":"3 Byrds","floor":18.0,"turns":4.0},{"damage":6.0,"enemies":"Chosen","floor":21.0,"turns":4.0},{"damage":37.0,"enemies":"Gremlin Leader","floor":25.0,"turns":7.0},{"damage":10.0,"enemies":"Snecko","floor":30.0,"turns":6.0},{"damage":46.0,"enemies":"Chosen and Byrds","floor":31.0,"turns":9.0},{"damage":54,"enemies":"Collector","floor":33,"turns":6}],"seed_played":"-3187205375248573217","potions_obtained":[{"floor":1.0,"key":"SpeedPotion"},{"floor":5.0,"key":"PowerPotion"},{"floor":10.0,"key":"AttackPotion"}],"is_trial":false,"path_per_floor":["M","?","?","?","M","R","M","R","T","M","T","M","M","M","R","B",null,"M","?","?","M","$","R","?","E","T","R","$","?","M","M","R","B"],"character_chosen":"HERMIT","items_purchased":["Du-Vu Doll","hermit:RoundhouseKick","hermit:ShadowCloak","hermit:LoneWolf"],"campfire_rested":4,"item_purchase_floors":[22,22,28,28],"current_hp_per_floor":[59,59,59,59,58,58,58,58,58,56,56,42,42,42,64,56,70,55,55,55,49,49,71,71,34,41,65,65,65,55,9,33,0,0],"gold":52,"neow_bonus":"THREE_RARE_CARDS","is_daily":false,"chose_seed":false,"campfire_upgraded":2,"win_rate":0.0,"timestamp":1609197128,"path_taken":["M","?","?","?","M","R","M","R","T","M","?","?","M","M","R","BOSS","M","?","?","?","$","R","?","E","T","R","?","?","M","M","R","BOSS"],"items_purchased_type":["Relic","Card","Card","Card"],"build_version":"2020-12-22","purchased_purges":0,"victory":false,"max_hp_per_floor":[75,75,75,75,75,75,75,75,75,75,75,75,75,75,75,75,75,75,75,75,75,75,75,75,75,82,82,82,82,82,82,82,82,82],"card_choices":[{"not_picked":["hermit:Gambit","hermit:FatalDesire"],"picked":"hermit:HighNoon","floor":0.0},{"not_picked":["hermit:Deadeye","hermit:Combo"],"picked":"hermit:TakeCover","floor":1.0},{"not_picked":["hermit:Roulette","hermit:TakeAim"],"picked":"hermit:HighCaliber","floor":5.0},{"not_picked":["hermit:Ricochet","hermit:TrackingShot"],"picked":"hermit:Maintenance","floor":7.0},{"not_picked":["hermit:SprayPray","hermit:HighCaliber"],"picked":"hermit:Brawl","floor":10.0},{"not_picked":["hermit:Feint","hermit:Headshot"],"picked":"hermit:Malice","floor":12.0},{"not_picked":["hermit:Desperado","hermit:ItchyTrigger"],"picked":"hermit:Quickdraw","floor":13.0},{"not_picked":["hermit:SprayPray","hermit:WideOpen"],"picked":"hermit:Deadeye","floor":14.0},{"not_picked":["hermit:Purgatory","hermit:OverwhelmingPower"],"picked":"hermit:FromBeyond","floor":16.0},{"not_picked":["hermit:WideOpen","hermit:Roulette","hermit:CalledShot"],"picked":"SKIP","floor":18.0},{"not_picked":["hermit:Headshot","hermit:TrackingShot+1"],"picked":"hermit:ShadowCloak","floor":21.0},{"not_picked":["hermit:Roulette+1","hermit:Headshot"],"picked":"hermit:Manifest","floor":25.0},{"not_picked":["hermit:Headshot+1","hermit:Dive+1"],"picked":"hermit:Brawl","floor":30.0},{"not_picked":["hermit:Ricochet+1","hermit:LowProfile"],"picked":"hermit:Roughhouse","floor":31.0}],"player_experience":439544,"relics_obtained":[{"floor":9.0,"key":"Orichalcum"},{"floor":11.0,"key":"MawBank"},{"floor":25.0,"key":"Pen Nib"},{"floor":26.0,"key":"Strawberry"}],"event_choices":[{"damage_healed":0.0,"max_hp_gain":0.0,"max_hp_loss":0.0,"gold_gain":0.0,"event_name":"Golden Idol","player_choice":"Take Wound","floor":2.0,"gold_loss":0.0,"damage_taken":0.0,"relics_obtained":["Golden Idol"],"cards_obtained":["Injury"]},{"damage_healed":0.0,"max_hp_gain":0.0,"max_hp_loss":0.0,"gold_gain":0.0,"event_name":"Big Fish","player_choice":"Box","floor":3.0,"gold_loss":0.0,"damage_taken":0.0,"relics_obtained":["Bag of Preparation"],"cards_obtained":["Regret"]},{"damage_healed":0.0,"max_hp_gain":0.0,"max_hp_loss":0.0,"gold_gain":0.0,"event_name":"World of Goop","player_choice":"Left Gold","floor":4.0,"gold_loss":47.0,"damage_taken":0.0},{"cards_removed":["hermit:Defend_Hermit"],"damage_healed":0.0,"max_hp_gain":0.0,"max_hp_loss":0.0,"gold_gain":0.0,"event_name":"Beggar","player_choice":"Gave Gold","floor":19.0,"gold_loss":75.0,"damage_taken":0.0},{"damage_healed":0.0,"max_hp_gain":0.0,"max_hp_loss":0.0,"gold_gain":0.0,"event_name":"Accursed Blacksmith","player_choice":"Rummage","floor":20.0,"gold_loss":0.0,"damage_taken":0.0,"relics_obtained":["WarpedTongs"],"cards_obtained":["Pain"]},{"damage_healed":0.0,"max_hp_gain":0.0,"max_hp_loss":0.0,"gold_gain":0.0,"event_name":"The Mausoleum","player_choice":"Opened","floor":24.0,"gold_loss":0.0,"damage_taken":0.0,"relics_obtained":["Incense Burner"],"cards_obtained":["Writhe"]},{"damage_healed":0.0,"max_hp_gain":0.0,"max_hp_loss":0.0,"gold_gain":0.0,"event_name":"Ghosts","player_choice":"Ignored","floor":29.0,"gold_loss":0.0,"damage_taken":0.0}],"is_beta":false,"boss_relics":[{"not_picked":["Velvet Choker","Ectoplasm"],"picked":"Sozu"}],"items_purged_floors":[],"is_endless":false,"potions_floor_spawned":[1,5,10,18,30],"killed_by":"Collector","ascension_level":7}}