{"host":"d8d3jqle49sogkjv","time":1609186685,"event":{"mods":["BaseMod","Colored Map","Colored Powertips","Minty Spire (QoL Compilation)","StSLib"],"gold_per_floor":[110,110,110,110,59,90,90,113,113,128,141,141,162,183,183,183,183],"floor_reached":16,"playtime":936,"items_purged":[],"score":143,"play_id":"4e1044f3-8a4b-404c-95cf-b88138c2b234","local_time":"20201228211805","is_ascension_mode":true,"campfire_choices":[{"floor":7,"key":"REST"},{"floor":15,"key":"REST"}],"circlet_count":0,"master_deck":["Strike_G","Strike_G+1","Strike_G+1","Strike_G","Defend_G","Defend_G","Defend_G","Defend_G","Defend_G","Survivor","Neutralize","Blade Dance+1","Prepared","Backflip","Backstab","Venomology"],"relics":["Ring of the Snake","Golden Idol","HornCleat"],"acts_visited":["Exordium"],"potions_floor_usage":[14,14,16,16,16],"damage_taken":[{"damage":0,"enemies":"Jaw Worm","floor":1,"turns":3},{"damage":32,"enemies":"3 Sentries","floor":6,"turns":9},{"damage":0,"enemies":"2 Louse","floor":8,"turns":2},{"damage":0,"enemies":"Cultist","floor":10,"turns":2},{"damage":0,"enemies":"Blue Slaver","floor":11,"turns":3},{"damage":0,"enemies":"Looter","floor":13,"turns":2},{"damage":0,"enemies":"Large Slime","floor":14,"turns":3},{"damage":53,"enemies":"The Guardian","floor":16,"turns":15}],"seed_played":"-3005210964282122645","potions_obtained":[{"floor":8,"key":"ColorlessPotion"},{"floor":10,"key":"Ancient Potion"}],"is_trial":false,"path_per_floor":["M","?","?","?","$","E","R","M","T","M","M","?","M","M","R","B"],"character_chosen":"THE_SILENT","items_purchased":["Backflip"],"campfire_rested":2,"item_purchase_floors":[5],"current_hp_per_floor":[63,49,49,49,49,17,36,36,36,36,36,29,29,29,48,0,0],"gold":183,"neow_bonus":"THREE_CARDS","is_daily":false,"chose_seed":false,"campfire_upgraded":0,"win_rate":0.0,"timestamp":1609186685,"path_taken":["M","?","?","?","$","E","R","M","T","?","?","?","M","M","R","BOSS"],"items_purchased_type":["Card"],"build_version":"2020-12-22","purchased_purges":0,"victory":false,"max_hp_per_floor":[70,70,70,65,65,65,65,65,65,65,65,65,65,65,65,65,65],"card_choices":[{"not_picked":["Flying Knee","Cloak And Dagger"],"picked":"Blade Dance","floor":0},{"not_picked":["Underhanded Strike","Outmaneuver"],"picked":"Prepared","floor":1},{"not_picked":["Predator","Underhanded Strike"],"picked":"Backstab","floor":6},{"not_picked":["Distraction","Acrobatics","Calculated Gamble"],"picked":"SKIP","floor":8},{"not_picked":["Outmaneuver","Dodge and Roll"],"picked":"Venomology","floor":10},{"not_picked":["Prepared","Crippling Poison","Eviscerate"],"picked":"SKIP","floor":11},{"not_picked":["Cloak And Dagger","Bouncing Flask","Distraction"],"picked":"SKIP","floor":13},{"not_picked":["Underhanded Strike","Flechettes","Masterful Stab"],"picked":"SKIP","floor":14}],"player_experience":337012,"relics_obtained":[{"floor":6,"key":"HornCleat"}],"event_choices":[{"damage_healed":0,"gold_gain":0,"player_choice":"Entered Light","damage_taken":14,"max_hp_gain":0,"max_hp_loss":0,"event_name":"Shining Light","floor":2,"gold_loss":0,"cards_upgraded":["Strike_G","Strike_G"]},{"damage_healed":0,"gold_gain":0,"player_choice":"Grow","damage_taken":0,"max_hp_gain":0,"max_hp_loss":0,"event_name":"Living Wall","floor":3,"gold_loss":0,"cards_upgraded":["Blade Dance"]},{"damage_healed":0,"gold_gain":0,"player_choice":"Lose Max HP","damage_taken":0,"relics_obtained":["Golden Idol"],"max_hp_gain":0,"max_hp_loss":5,"event_name":"Golden Idol","floor":4,"gold_loss":0},{"cards_removed":["Strike_G"],"damage_healed":0,"gold_gain":0,"player_choice":"Card Removal","damage_taken":7,"max_hp_gain":0,"max_hp_loss":0,"event_name":"Golden Wing","floor":12,"gold_loss":0}],"is_beta":false,"boss_relics":[],"items_purged_floors":[],"is_endless":false,"potions_floor_spawned":[8,10],"killed_by":"The Guardian","ascension_level":8}}