{"host":"7khtwbkyze7y134w","time":1609178254,"event":{"mods":["AchievementEnabler","BaseMod","Bestiary","Colored Map","Colored Powertips","Highlight Path","Minty Spire (QoL Compilation)","Quick Restart","Relic Stats","Slay-I","StSLib","SuperFastMode"],"gold_per_floor":[114,214,15,35,35,35,70,89,89,89,15,15,15,44,44,149,149,137,62,74,93,104,104,104,104,129,152,81,81,81,44,44,140,140,151,163,215,231,231,264,264,280,305,322,282,34,34,34],"floor_reached":47,"playtime":1755,"items_purged":["Strike_P"],"score":474,"play_id":"ae5482d7-5b7a-4b43-b2ff-0b38f6ac6c9a","local_time":"20201228175734","is_ascension_mode":false,"campfire_choices":[{"data":"Eruption","floor":6,"key":"SMITH"},{"data":"Vengeance","floor":13,"key":"SMITH"},{"data":"FlurryOfBlows","floor":15,"key":"SMITH"},{"floor":23,"key":"REST"},{"floor":32,"key":"REST"},{"floor":41,"key":"REST"}],"circlet_count":0,"master_deck":["Strike_P","Strike_P","Defend_P","Defend_P","Defend_P","Defend_P","Eruption+1","Vigilance","EmptyBody","Crescendo","Halt","EmptyMind","Halt","Crescendo","Halt","Vengeance+1","Adaptation+1","FlurryOfBlows+1","Writhe","TalkToTheHand","Fasting2+1","EmptyFist","FlurryOfBlows"],"relics":["PureWater","NeowsBlessing","Orrery","Frozen Egg 2","MealTicket","Tiny Chest","Odd Mushroom","Fusion Hammer","Boot","Bag of Marbles","Potion Belt","MutagenicStrength","Akabeko","SlaversCollar","Oddly Smooth Stone","Gremlin Horn","Centennial Puzzle","Shuriken"],"acts_visited":["Exordium","TheCity","TheBeyond"],"potions_floor_usage":[16,16,18,44],"damage_taken":[{"damage":0,"enemies":"2 Louse","floor":1,"turns":1},{"damage":0,"enemies":"Cultist","floor":4,"turns":1},{"damage":0,"enemies":"3 Sentries","floor":7,"turns":2},{"damage":0,"enemies":"Jaw Worm","floor":8,"turns":4},{"damage":6,"enemies":"The Mushroom Lair","floor":14,"turns":4},{"damage":43,"enemies":"Hexaghost","floor":16,"turns":11},{"damage":8,"enemies":"2 Thieves","floor":18,"turns":4},{"damage":0,"enemies":"Shell Parasite","floor":20,"turns":4},{"damage":35,"enemies":"Snecko","floor":21,"turns":8},{"damage":31,"enemies":"Snake Plant","floor":22,"turns":5},{"damage":54,"enemies":"Automaton","floor":33,"turns":16},{"damage":27,"enemies":"3 Darklings","floor":35,"turns":8},{"damage":0,"enemies":"3 Shapes","floor":36,"turns":5},{"damage":14,"enemies":"3 Darklings","floor":38,"turns":14},{"damage":19,"enemies":"Nemesis","floor":40,"turns":7},{"damage":26,"enemies":"4 Shapes","floor":42,"turns":5},{"damage":8,"enemies":"Sphere and 2 Shapes","floor":44,"turns":3},{"damage":43,"enemies":"Transient","floor":47,"turns":5}],"seed_played":"-7077267920351933339","potions_obtained":[{"floor":4,"key":"Dexterity Potion"},{"floor":7,"key":"SteroidPotion"},{"floor":14,"key":"SteroidPotion"},{"floor":18,"key":"Weak Potion"},{"floor":22,"key":"SneckoOil"},{"floor":38,"key":"Energy Potion"},{"floor":45,"key":"Explosive Potion"},{"floor":45,"key":"SteroidPotion"},{"floor":45,"key":"Ambrosia"}],"is_trial":false,"path_per_floor":["M","?","$","M","$","R","E","M","T","?","$","?","R","?","R","B",null,"M","$","M","M","M","R","?","?","T","T","$","?","?","$","R","B",null,"M","M","T","M","?","E","R","M","T","M","?","$","M"],"character_chosen":"WATCHER","items_purchased":["Orrery","Crescendo","Adaptation+1","TalkToTheHand","Fasting2+1","Shuriken"],"campfire_rested":3,"item_purchase_floors":[3,3,11,28,31,46],"current_hp_per_floor":[72,72,72,72,72,72,72,72,72,65,72,69,69,63,63,20,72,64,72,72,37,6,27,27,27,27,27,42,42,42,57,72,18,72,45,45,45,31,63,44,62,36,36,28,28,43,0,0],"gold":34,"neow_bonus":"THREE_ENEMY_KILL","is_daily":false,"chose_seed":false,"campfire_upgraded":3,"win_rate":0.0,"timestamp":1609178254,"path_taken":["M","?","?","M","$","R","E","M","T","?","$","?","R","?","R","BOSS","M","$","M","M","M","R","?","?","T","?","?","?","?","$","R","BOSS","M","M","?","M","?","E","R","M","T","M","?","$","M"],"items_purchased_type":["Relic","Card","Card","Card","Card","Relic"],"build_version":"2020-12-22","purchased_purges":1,"victory":false,"max_hp_per_floor":[72,72,72,72,72,72,72,72,72,72,72,72,72,72,72,72,72,72,72,72,72,72,72,72,72,72,72,72,72,72,72,72,72,72,72,72,72,72,63,63,63,63,63,63,63,63,63,63],"relic_stats":{"Centennial Puzzle":[6],"Gremlin Horn":[5,5],"counters":[18,107],"Shuriken":[1],"MealTicket":60,"Tiny Chest":2,"Boot":[37],"obtain_stats":[{"Potion Belt":27,"NeowsBlessing":0,"Gremlin Horn":40,"Oddly Smooth Stone":37,"Frozen Egg 2":7,"Odd Mushroom":14,"Boot":25,"Akabeko":30,"SlaversCollar":34,"Centennial Puzzle":43,"Shuriken":46,"MutagenicStrength":29,"Orrery":3,"MealTicket":9,"Tiny Chest":12,"Fusion Hammer":17,"Bag of Marbles":26,"PureWater":0},{"Potion Belt":10,"NeowsBlessing":0,"Gremlin Horn":15,"Oddly Smooth Stone":13,"Frozen Egg 2":3,"Odd Mushroom":5,"Boot":10,"Akabeko":10,"SlaversCollar":11,"Centennial Puzzle":16,"Shuriken":17,"MutagenicStrength":10,"Orrery":1,"MealTicket":4,"Tiny Chest":4,"Fusion Hammer":6,"Bag of Marbles":10,"PureWater":0},{"Potion Belt":44,"NeowsBlessing":0,"Gremlin Horn":94,"Oddly Smooth Stone":73,"Frozen Egg 2":4,"Odd Mushroom":12,"Boot":44,"Akabeko":44,"SlaversCollar":60,"Centennial Puzzle":99,"Shuriken":102,"MutagenicStrength":44,"Orrery":1,"MealTicket":8,"Tiny Chest":8,"Fusion Hammer":23,"Bag of Marbles":44,"PureWater":0}]},"card_choices":[{"not_picked":["FollowUp","ThirdEye"],"picked":"EmptyBody","floor":1},{"not_picked":["Wish","ThirdEye"],"picked":"Crescendo","floor":3},{"not_picked":["SashWhip","Vault"],"picked":"Halt","floor":3},{"not_picked":["WaveOfTheHand","Crescendo"],"picked":"EmptyMind","floor":3},{"not_picked":["ThirdEye","SashWhip"],"picked":"Halt","floor":3},{"not_picked":["JustLucky","FlyingSleeves","Weave"],"picked":"SKIP","floor":4},{"not_picked":["Omniscience","JustLucky"],"picked":"Halt","floor":7},{"not_picked":["Sanctity","FlyingSleeves"],"picked":"Vengeance","floor":8},{"not_picked":["Protect","Adaptation+1"],"picked":"FlurryOfBlows","floor":14},{"not_picked":["ThirdEye","PathToVictory","SignatureMove+1"],"picked":"SKIP","floor":18},{"not_picked":["ThirdEye","Protect+1","WreathOfFlame"],"picked":"SKIP","floor":20},{"not_picked":["CrushJoints","FollowUp","WaveOfTheHand"],"picked":"SKIP","floor":21},{"not_picked":["Consecrate+1","SignatureMove","Pray"],"picked":"SKIP","floor":22},{"not_picked":["Evaluate","SashWhip","ForeignInfluence+1"],"picked":"SKIP","floor":35},{"not_picked":["Pray","CrushJoints","DeceiveReality+1"],"picked":"SKIP","floor":36},{"not_picked":["JustLucky","Crescendo+1"],"picked":"EmptyFist","floor":38},{"not_picked":["CutThroughFate+1","Blasphemy","Crescendo+1"],"picked":"SKIP","floor":40},{"not_picked":["PathToVictory","WheelKick+1","Prostrate"],"picked":"SKIP","floor":42},{"not_picked":["ThirdEye","JustLucky+1"],"picked":"FlurryOfBlows","floor":44}],"player_experience":27163,"relics_obtained":[{"floor":7,"key":"Frozen Egg 2"},{"floor":9,"key":"MealTicket"},{"floor":14,"key":"Odd Mushroom"},{"floor":26,"key":"Bag of Marbles"},{"floor":27,"key":"Potion Belt"},{"floor":37,"key":"Oddly Smooth Stone"},{"floor":40,"key":"Gremlin Horn"},{"floor":43,"key":"Centennial Puzzle"}],"event_choices":[{"damage_healed":0,"gold_gain":100,"player_choice":"Pray","damage_taken":0,"max_hp_gain":0,"max_hp_loss":0,"event_name":"Golden Shrine","floor":2,"gold_loss":0},{"cards_removed":["Strike_P"],"damage_healed":0,"gold_gain":0,"player_choice":"Card Removal","damage_taken":7,"max_hp_gain":0,"max_hp_loss":0,"event_name":"Golden Wing","floor":10,"gold_loss":0},{"damage_healed":0,"gold_gain":0,"player_choice":"Success","damage_taken":3,"relics_obtained":["Tiny Chest"],"max_hp_gain":0,"max_hp_loss":0,"event_name":"Scrap Ooze","floor":12,"gold_loss":0},{"damage_healed":0,"gold_gain":0,"player_choice":"Fought Mushrooms","damage_taken":0,"max_hp_gain":0,"max_hp_loss":0,"event_name":"Mushrooms","floor":14,"gold_loss":0},{"damage_healed":0,"gold_gain":0,"player_choice":"Ignored","damage_taken":0,"max_hp_gain":0,"max_hp_loss":0,"event_name":"Ghosts","floor":24,"gold_loss":0},{"damage_healed":0,"gold_gain":0,"player_choice":"Opened","damage_taken":0,"relics_obtained":["Boot"],"max_hp_gain":0,"max_hp_loss":0,"event_name":"The Mausoleum","floor":25,"gold_loss":0,"cards_obtained":["Writhe"]},{"damage_healed":0,"gold_gain":0,"player_choice":"Inject Mutagens","damage_taken":0,"relics_obtained":["MutagenicStrength"],"max_hp_gain":0,"max_hp_loss":0,"event_name":"Drug Dealer","floor":29,"gold_loss":0},{"damage_healed":0,"gold_gain":0,"player_choice":"Gave Potion","damage_taken":0,"relics_obtained":["Akabeko"],"max_hp_gain":0,"max_hp_loss":0,"event_name":"WeMeetAgain","floor":30,"gold_loss":0},{"damage_healed":63,"gold_gain":0,"player_choice":"Heal","damage_taken":0,"max_hp_gain":0,"max_hp_loss":9,"event_name":"The Moai Head","floor":39,"gold_loss":0},{"damage_healed":0,"gold_gain":0,"player_choice":"Bought 3 Potions","damage_taken":0,"max_hp_gain":0,"max_hp_loss":0,"event_name":"The Woman in Blue","floor":45,"gold_loss":0}],"is_beta":false,"boss_relics":[{"not_picked":["VioletLotus","Empty Cage"],"picked":"Fusion Hammer"},{"not_picked":["Astrolabe","Velvet Choker"],"picked":"SlaversCollar"}],"items_purged_floors":[19],"is_endless":false,"potions_floor_spawned":[4,7,14,18,22,38],"killed_by":"Transient","ascension_level":0}}