{"host":"1m1p07melukt6ryq","time":1609184888,"event":{"mods":["2.2 Compatiblity","BaseMod","BetterRewards","Colored Map","Colored Powertips","Conspire","Googly Eyes","Highlight Path","Hubris","Infinite Spire","Minty Spire (QoL Compilation)","Permanent Neow","Rare Cards Sparkle","Shop Mod","StSLib","SuperFastMode"],"gold_per_floor":[113,126,141,316,60,60,86,86,168,17,29,59,79,114,114,217,217,237,237,265,265,265,265],"floor_reached":22,"playtime":893,"items_purged":["Doubt"],"score":483,"play_id":"5a4c21d0-0f6b-4a83-b0f3-1abb49608d4e","local_time":"20201228144808","is_ascension_mode":true,"campfire_choices":[{"data":"Apotheosis","floor":6,"key":"SMITH"},{"data":"Rampage","floor":8,"key":"SMITH"},{"floor":15,"key":"REST"}],"circlet_count":0,"master_deck":["AscendersBane","Strike_R","Strike_R","Strike_R","Strike_R","Strike_R+1","Defend_R","Defend_R","Defend_R","Defend_R","Bash","Wild Strike+1","Sentinel","Cleave","Rampage+1","Apotheosis+1","Bludgeon","True Grit","Offering","Shrug It Off+1"],"relics":["Burning Blood","infinitespire:ShieldingShard","Oddly Smooth Stone","Singing Bowl","infinitespire:FocusingShard","Lantern","Whetstone","Potion Belt","conspire:SeveredTorchhead","Red Mask","NlothsMask"],"acts_visited":["Exordium","TheCity"],"potions_floor_usage":[12,16,16],"damage_taken":[{"damage":4,"enemies":"conspire:RoseBush","floor":1,"turns":3},{"damage":0,"enemies":"Small Slimes","floor":2,"turns":4},{"damage":9,"enemies":"Jaw Worm","floor":3,"turns":2},{"damage":23,"enemies":"3 Sentries","floor":7,"turns":7},{"damage":9,"enemies":"2 Fungi Beasts","floor":11,"turns":3},{"damage":7,"enemies":"Gremlin Nob","floor":12,"turns":3},{"damage":14,"enemies":"Exordium Thugs","floor":13,"turns":2},{"damage":19,"enemies":"3 Sentries","floor":14,"turns":7},{"damage":48,"enemies":"The Guardian","floor":16,"turns":10},{"damage":22,"enemies":"2 Thieves","floor":18,"turns":4},{"damage":49,"enemies":"Masked Bandits","floor":20,"turns":5},{"damage":15,"enemies":"Shell Parasite","floor":22,"turns":3}],"seed_played":"-5582001231711388456","potions_obtained":[{"floor":1,"key":"SpeedPotion"},{"floor":2,"key":"Weak Potion"},{"floor":12,"key":"Ancient Potion"},{"floor":16,"key":"Energy Potion"}],"is_trial":false,"path_per_floor":["M","M","M","?","$","R","E","R","T","$","M","E","M","E","R","B",null,"M","?","?","?","M"],"character_chosen":"IRONCLAD","items_purchased":["infinitespire:ShieldingShard","Oddly Smooth Stone","Wild Strike","AttackPotion","Apotheosis","Lantern"],"campfire_rested":1,"item_purchase_floors":[0,0,0,0,5,10],"current_hp_per_floor":[66,72,69,69,69,69,52,52,52,52,51,50,44,33,58,16,69,55,55,12,12,0,0],"gold":265,"neow_bonus":"","is_daily":false,"chose_seed":false,"campfire_upgraded":2,"win_rate":0.0,"timestamp":1609184888,"path_taken":["M","M","M","?","$","R","E","R","T","$","M","E","M","E","R","BOSS","M","?","?","?","?"],"items_purchased_type":["Relic","Relic","Card","Potion","Card","Relic"],"build_version":"2020-12-22","purchased_purges":1,"victory":false,"max_hp_per_floor":[80,80,80,80,80,80,80,80,80,80,82,82,84,86,86,86,86,88,88,88,88,88,88],"card_choices":[{"not_picked":["Body Slam","Pommel Strike"],"picked":"Cleave","floor":1},{"not_picked":["Sword Boomerang","Body Slam","conspire:ExplosiveBarrier"],"picked":"SKIP","floor":2},{"not_picked":["Havoc","Rupture"],"picked":"Rampage","floor":3},{"not_picked":["Spot Weakness","Pommel Strike"],"picked":"Bludgeon","floor":7},{"not_picked":["Flex","Wild Strike","Whirlwind"],"picked":"Singing Bowl","floor":11},{"not_picked":["Whirlwind","conspire:Charge"],"picked":"True Grit","floor":12},{"not_picked":["Cleave","Anger","Body Slam"],"picked":"Singing Bowl","floor":13},{"not_picked":["Impervious","Fire Breathing","Entrench"],"picked":"Singing Bowl","floor":14},{"not_picked":["hubris:StunningStrike","Juggernaut"],"picked":"Offering","floor":16},{"not_picked":["Anger","Wild Strike","Cleave"],"picked":"Singing Bowl","floor":18},{"not_picked":["Entrench","Wild Strike"],"picked":"Shrug It Off+1","floor":20}],"player_experience":399922,"relics_obtained":[{"floor":7,"key":"Singing Bowl"},{"floor":9,"key":"infinitespire:FocusingShard"},{"floor":12,"key":"Whetstone"},{"floor":14,"key":"Potion Belt"},{"floor":20,"key":"Red Mask"}],"event_choices":[{"damage_healed":0,"gold_gain":175,"player_choice":"AGREE","damage_taken":0,"max_hp_gain":0,"max_hp_loss":0,"event_name":"Liars Game","floor":4,"gold_loss":0,"cards_obtained":["Doubt"]},{"damage_healed":0,"gold_gain":0,"player_choice":"Ignored","damage_taken":0,"max_hp_gain":0,"max_hp_loss":0,"event_name":"Ghosts","floor":19,"gold_loss":0},{"damage_healed":0,"gold_gain":0,"player_choice":"Fought Bandits","damage_taken":0,"max_hp_gain":0,"max_hp_loss":0,"event_name":"Masked Bandits","floor":20,"gold_loss":0},{"damage_healed":0,"gold_gain":0,"player_choice":"Trade","damage_taken":0,"relics_obtained":["NlothsMask"],"max_hp_gain":0,"max_hp_loss":0,"event_name":"FaceTrader","floor":21,"gold_loss":0}],"is_beta":false,"boss_relics":[{"not_picked":["hubris:ScarierMask","hubris:TerracottaHorce"],"picked":"conspire:SeveredTorchhead"}],"items_purged_floors":[5],"is_endless":false,"potions_floor_spawned":[1,2,11,12,16],"killed_by":"Shell Parasite","ascension_level":12}}