{"host":"93x13jgem5w43hjr","time":1609135598,"event":{"mods":["AchievementEnabler","BaseMod","Better Note","Better Third Choice","Colored Map","Colored Powertips","Minty Spire (QoL Compilation)","Rare Cards Sparkle","StSLib","Waifu the Spire"],"gold_per_floor":[110,110,1,1,15,15,40,53,79,7,19,53,63,76,76,180,180,197,197,216,231,308,308,308],"floor_reached":23,"playtime":1161,"items_purged":["Strike_B"],"score":213,"play_id":"f618a435-0941-446f-8442-373f0e69f428","local_time":"20201227230638","is_ascension_mode":true,"campfire_choices":[{"floor":6,"key":"REST"},{"floor":15,"key":"REST"}],"circlet_count":0,"master_deck":["Strike_B+1","Strike_B+1","Defend_B+1","Defend_B+1","Defend_B+1","Defend_B+1","Zap","Dualcast","Darkness","All Out Attack","Tempest","Aggregate","Consume","Fusion","Static Discharge","Static Discharge","Ball Lightning+1","Capacitor","Core Surge","Leap","Seek","Redo"],"relics":["SacredBark","Pen Nib","Regal Pillow","Bag of Marbles","Whetstone","Snecko Eye","Kunai"],"acts_visited":["Exordium","TheCity"],"potions_floor_usage":[12,13,13,14,21,23,23],"damage_taken":[{"damage":3,"enemies":"Jaw Worm","floor":1,"turns":5},{"damage":12,"enemies":"Small Slimes","floor":5,"turns":4},{"damage":21,"enemies":"Lagavulin","floor":7,"turns":5},{"damage":1,"enemies":"Cultist","floor":8,"turns":4},{"damage":18,"enemies":"Red Slaver","floor":11,"turns":4},{"damage":26,"enemies":"Gremlin Nob","floor":12,"turns":4},{"damage":0,"enemies":"Exordium Thugs","floor":13,"turns":3},{"damage":0,"enemies":"Large Slime","floor":14,"turns":3},{"damage":36,"enemies":"The Guardian","floor":16,"turns":7},{"damage":37,"enemies":"2 Thieves","floor":18,"turns":4},{"damage":2,"enemies":"Spheric Guardian","floor":20,"turns":3},{"damage":9,"enemies":"Centurion and Healer","floor":21,"turns":4},{"damage":38,"enemies":"Gremlin Leader","floor":23,"turns":4}],"seed_played":"7648289078744337547","potions_obtained":[{"floor":8,"key":"SteroidPotion"},{"floor":11,"key":"Swift Potion"},{"floor":12,"key":"Block Potion"},{"floor":13,"key":"BlessingOfTheForge"},{"floor":16,"key":"Strength Potion"},{"floor":18,"key":"FearPotion"},{"floor":20,"key":"Explosive Potion"}],"is_trial":false,"path_per_floor":["M","?","$","?","M","R","E","M","T","$","M","E","M","M","R","B",null,"M","?","M","M","T","E"],"character_chosen":"DEFECT","items_purchased":["Tempest","Static Discharge"],"campfire_rested":2,"item_purchase_floors":[3,10],"current_hp_per_floor":[72,60,60,60,48,70,49,48,48,48,30,4,4,4,41,5,75,38,38,36,27,27,0,0],"gold":308,"neow_bonus":"BOSS_RELIC","is_daily":false,"chose_seed":false,"campfire_upgraded":0,"win_rate":0.0,"timestamp":1609135598,"path_taken":["M","?","?","?","?","R","E","M","T","$","M","E","M","M","R","BOSS","M","?","M","M","?","E"],"items_purchased_type":["Card","Card"],"build_version":"2020-12-22","purchased_purges":1,"victory":false,"max_hp_per_floor":[75,75,75,75,75,75,75,75,75,75,75,75,75,75,75,75,75,75,75,75,75,75,75,75],"card_choices":[{"not_picked":["Go for the Eyes","Steam"],"picked":"Darkness","floor":1},{"not_picked":["Sweeping Beam","Leap"],"picked":"Consume","floor":5},{"not_picked":["Stack","Turbo"],"picked":"Fusion","floor":7},{"not_picked":["Recycle","Darkness"],"picked":"Static Discharge","floor":8},{"not_picked":["Sweeping Beam","Rebound"],"picked":"Ball Lightning","floor":11},{"not_picked":["Tempest","Barrage"],"picked":"Capacitor","floor":12},{"not_picked":["Steam","Fusion"],"picked":"Core Surge","floor":13},{"not_picked":["Hello World","Streamline"],"picked":"Leap","floor":14},{"not_picked":["Core Surge","All For One"],"picked":"Seek","floor":16},{"not_picked":["Turbo","Barrage+1"],"picked":"Redo","floor":18},{"not_picked":["Barrage","Genetic Algorithm","Turbo"],"picked":"SKIP","floor":20},{"not_picked":["Static Discharge","Steam","Hologram+1"],"picked":"SKIP","floor":21}],"player_experience":83432,"relics_obtained":[{"floor":7,"key":"Regal Pillow"},{"floor":9,"key":"Bag of Marbles"},{"floor":12,"key":"Whetstone"},{"floor":22,"key":"Kunai"}],"event_choices":[{"damage_healed":0,"gold_gain":0,"cards_transformed":["Strike_B"],"player_choice":"Transformed","damage_taken":0,"max_hp_gain":0,"max_hp_loss":0,"event_name":"Transmorgrifier","floor":4,"gold_loss":0,"cards_obtained":["Aggregate"]},{"damage_healed":0,"gold_gain":0,"player_choice":"Simplicity","damage_taken":0,"max_hp_gain":0,"max_hp_loss":5,"event_name":"betterThird:BetterWriting","floor":19,"gold_loss":0}],"is_beta":false,"boss_relics":[{"not_picked":["Astrolabe","Fusion Hammer"],"picked":"Snecko Eye"}],"items_purged_floors":[3],"is_endless":false,"potions_floor_spawned":[8,11,12,13,16,18,20],"killed_by":"Gremlin Leader","ascension_level":1}}