{"host":"709gjpjg43u3i5a8","time":1609120369,"event":{"mods":["BaseMod","Colored Map","Colored Powertips","Downfall","Hermit","Hubris","Infinite Spire","Marisa????????","Minty Spire (QoL Compilation)","Remilia??????","StSLib","Td1madao Mod","The Animator","The Bug Knight","The Cursed","The Disciple","The Hierophant","The Jungle","The Servant 0.9.4"],"gold_per_floor":[111,121,121,46,121,151,151,169,196,196,196],"floor_reached":10,"playtime":957,"items_purged":["infinitespire:Pacifist"],"score":69,"play_id":"47a7b9ad-90ca-44be-add0-be23e8620a51","local_time":"20201227185249","is_ascension_mode":true,"campfire_choices":[{"data":"HollowMod:HornetsHelp","floor":7,"key":"SMITH"}],"circlet_count":0,"master_deck":["HollowMod:HornetsHelp+1","HollowMod:NailStrikeStart","HollowMod:NailStrikeStart","HollowMod:NailStrikeStart","HollowMod:NailStrikeStart","HollowMod:QuickDashStart","HollowMod:QuickDashStart+1","HollowMod:QuickDashStart+1","HollowMod:QuickDashStart","HollowMod:FocusHealStart+1","HollowMod:PogoStrike","HollowMod:Hiveblood+1","HollowMod:DoubleDash","HollowMod:MidwifesHunger","HollowMod:RecoilStrike"],"relics":["HollowMod:VesselMask","War Paint","HollowMod:IsmasTear"],"acts_visited":["Exordium"],"potions_floor_usage":[6,6],"damage_taken":[{"damage":11,"enemies":"Cultist","floor":1,"turns":5},{"damage":0,"enemies":"Small Slimes","floor":2,"turns":2},{"damage":13,"enemies":"3 Sentries","floor":6,"turns":12},{"damage":0,"enemies":"2 Louse","floor":8,"turns":2},{"damage":112,"enemies":"Lagavulin","floor":10,"turns":14}],"seed_played":"5385346817032039955","potions_obtained":[{"floor":1,"key":"SpeedPotion"},{"floor":2,"key":"Dexterity Potion"},{"floor":8,"key":"Swift Potion"}],"is_trial":false,"path_per_floor":["M","M","?","$","?","E","R","M","T","E"],"character_chosen":"THE_BUGKNIGHT","items_purchased":[],"campfire_rested":0,"item_purchase_floors":[],"current_hp_per_floor":[64,64,49,49,38,52,52,58,58,0,0],"gold":196,"neow_bonus":"THREE_RARE_CARDS","is_daily":false,"chose_seed":false,"campfire_upgraded":1,"win_rate":0.0,"timestamp":1609120369,"path_taken":["M","M","?","$","?","E","R","M","T","E"],"items_purchased_type":[],"build_version":"2020-12-22","purchased_purges":1,"victory":false,"max_hp_per_floor":[75,75,75,75,75,75,75,75,75,75,75],"card_choices":[{"not_picked":["HollowMod:LifebloodCore","HollowMod:ZotesMagnificence"],"picked":"HollowMod:Hiveblood","floor":0},{"not_picked":["HollowMod:SoulStrike","HollowMod:WraithStrike"],"picked":"HollowMod:DoubleDash","floor":1},{"not_picked":["HollowMod:SharpenedNail","HollowMod:GoodIntentions","HollowMod:NewGlowingWomb"],"picked":"SKIP","floor":2},{"not_picked":["HollowMod:GoodIntentions","HollowMod:AbyssShriek"],"picked":"HollowMod:MidwifesHunger","floor":6},{"not_picked":["HollowMod:FallenFury","HollowMod:SiblingsShadow"],"picked":"HollowMod:RecoilStrike","floor":8}],"player_experience":401440,"relics_obtained":[{"floor":6,"key":"War Paint"},{"floor":9,"key":"HollowMod:IsmasTear"}],"event_choices":[{"damage_healed":0,"gold_gain":0,"player_choice":"Entered Light","damage_taken":15,"max_hp_gain":0,"max_hp_loss":0,"event_name":"Shining Light","floor":3,"gold_loss":0,"cards_upgraded":["HollowMod:QuickDashStart","HollowMod:QuickDashStart"]},{"damage_healed":0,"gold_gain":75,"player_choice":"Gather Gold","damage_taken":11,"max_hp_gain":0,"max_hp_loss":0,"event_name":"World of Goop","floor":5,"gold_loss":0}],"is_beta":false,"boss_relics":[],"items_purged_floors":[4],"is_endless":false,"potions_floor_spawned":[1,2,8],"killed_by":"Lagavulin","ascension_level":1}}