{"host":"k5dhp0bkccqfauyu","time":1609125077,"event":{"mods":["BaseMod","Better Note","Better Skull","Better Vampires","Colored Map","Colored Powertips","DeckTracker","Minty Spire (QoL Compilation)","Permanent Neow","StSLib","SuperFastMode"],"gold_per_floor":[112,128,128,55,6,40,40,70,95,105,105,118,5,32,32,130,130,111,11,11,21,21,52,52,81,81,81,100,119,154,164,164,267,267,287,10,10,20,20,20,46,46,46,96,96,123,137,137,137,137,137,137,37,69,69],"floor_reached":56,"playtime":1633,"items_purged":["Strike_G","Strike_G","Strike_G","Strike_G"],"score":1405,"play_id":"d49f148a-056f-42d0-bdc3-f45e9c4084cd","local_time":"20201228141117","is_ascension_mode":true,"campfire_choices":[{"floor":7,"key":"REST"},{"data":"Burst","floor":11,"key":"SMITH"},{"data":"Acrobatics","floor":15,"key":"SMITH"},{"data":"A Thousand Cuts","floor":24,"key":"SMITH"},{"data":"Prepared","floor":32,"key":"SMITH"},{"data":"After Image","floor":40,"key":"SMITH"},{"floor":42,"key":"RECALL"},{"data":"Catalyst","floor":49,"key":"SMITH"},{"data":"Burst","floor":52,"key":"SMITH"}],"circlet_count":0,"master_deck":["Strike_G","Defend_G","Defend_G","Defend_G","Defend_G","Survivor","Neutralize","Apotheosis+1","Dagger Spray","Burst+1","Deadly Poison","Quick Slash","Backflip","Dodge and Roll","Blur","Acrobatics+1","Blur","Catalyst+1","Grand Finale","A Thousand Cuts+1","Blade Dance+1","Corpse Explosion","Skewer","Demon Form+1","Leg Sweep","Leg Sweep+1","Prepared+1","Backflip+1","After Image+1","Burst+1","Cloak And Dagger+1","Footwork+1"],"relics":["Ring of the Snake","Blood Vial","Singing Bowl","Strawberry","Mummified Hand","Runic Dome","Unceasing Top","Bag of Marbles","Bronze Scales","PreservedInsect","Boot","HoveringKite","Centennial Puzzle","The Specimen","Smiling Mask","Mercury Hourglass"],"acts_visited":["Exordium","TheCity","TheBeyond","TheEnding"],"potions_floor_usage":[14,16,21,55,55,55],"damage_taken":[{"damage":0,"enemies":"Small Slimes","floor":1,"turns":3},{"damage":0,"enemies":"Cultist","floor":2,"turns":3},{"damage":20,"enemies":"Lagavulin","floor":6,"turns":9},{"damage":14,"enemies":"Gremlin Nob","floor":8,"turns":4},{"damage":0,"enemies":"2 Louse","floor":10,"turns":2},{"damage":1,"enemies":"Blue Slaver","floor":12,"turns":4},{"damage":0,"enemies":"Lagavulin","floor":14,"turns":7},{"damage":8,"enemies":"The Guardian","floor":16,"turns":11},{"damage":0,"enemies":"2 Thieves","floor":18,"turns":4},{"damage":16,"enemies":"Shell Parasite","floor":21,"turns":5},{"damage":15,"enemies":"Slavers","floor":23,"turns":3},{"damage":2,"enemies":"Gremlin Leader","floor":25,"turns":4},{"damage":0,"enemies":"Snecko","floor":28,"turns":5},{"damage":0,"enemies":"Chosen and Byrds","floor":29,"turns":4},{"damage":7,"enemies":"Book of Stabbing","floor":30,"turns":4},{"damage":9,"enemies":"Centurion and Healer","floor":31,"turns":5},{"damage":18,"enemies":"Champ","floor":33,"turns":9},{"damage":13,"enemies":"3 Darklings","floor":35,"turns":4},{"damage":0,"enemies":"3 Shapes","floor":38,"turns":4},{"damage":10,"enemies":"Reptomancer","floor":41,"turns":4},{"damage":0,"enemies":"Mind Bloom Boss Battle","floor":44,"turns":7},{"damage":0,"enemies":"Giant Head","floor":46,"turns":8},{"damage":16,"enemies":"Writhing Mass","floor":47,"turns":5},{"damage":4,"enemies":"Donu and Deca","floor":50,"turns":6},{"damage":17,"enemies":"Shield and Spear","floor":54,"turns":3},{"damage":18,"enemies":"The Heart","floor":55,"turns":10}],"seed_played":"-4184696088375865378","potions_obtained":[{"floor":8,"key":"Ancient Potion"},{"floor":10,"key":"CunningPotion"},{"floor":14,"key":"CultistPotion"},{"floor":16,"key":"FairyPotion"},{"floor":18,"key":"Fire Potion"},{"floor":25,"key":"SmokeBomb"},{"floor":28,"key":"FearPotion"},{"floor":31,"key":"DuplicationPotion"},{"floor":47,"key":"Dexterity Potion"}],"is_trial":false,"path_per_floor":["M","M","?","$","$","E","R","E","T","M","R","M","$","E","R","B",null,"M","$","?","M","?","E","R","E","T","T","M","M","E","M","R","B",null,"M","$","?","M","$","R","E","R","T","?","$","E","M","?","R","B",null,"R","$","E","B",null],"character_chosen":"THE_SILENT","items_purchased":["Deadly Poison","Quick Slash","Backflip","Catalyst","After Image","SpeedPotion"],"campfire_rested":1,"item_purchase_floors":[4,4,5,13,36,53],"current_hp_per_floor":[49,49,49,49,49,29,50,38,45,47,47,48,48,50,50,44,77,77,77,77,63,63,50,50,50,50,50,54,58,55,48,48,34,87,74,74,74,78,78,78,70,70,70,74,74,76,64,64,64,62,88,88,88,71,55],"gold":69,"neow_bonus":"RANDOM_COLORLESS_2","is_daily":false,"chose_seed":false,"campfire_upgraded":7,"win_rate":0.0,"timestamp":1609125077,"path_taken":["M","M","?","?","$","E","R","E","T","M","R","M","$","E","R","BOSS","M","$","?","M","?","E","R","E","T","?","M","M","E","M","R","BOSS","M","$","?","M","$","R","E","R","T","?","$","E","M","?","R","BOSS","R","$","E","BOSS"],"items_purchased_type":["Card","Card","Card","Card","Card","Potion"],"build_version":"2020-12-22","purchased_purges":4,"victory":true,"max_hp_per_floor":[70,70,70,70,70,70,70,70,77,77,77,77,77,77,77,77,77,77,77,77,79,79,79,79,79,79,79,81,83,85,85,85,87,87,87,87,87,89,89,89,89,89,89,91,91,91,93,88,88,88,88,88,88,88,88],"card_choices":[{"not_picked":["Thinking Ahead","Mayhem"],"picked":"Apotheosis","floor":0},{"not_picked":["Underhanded Strike","Sucker Punch"],"picked":"Dagger Spray","floor":1},{"not_picked":["Sucker Punch","PiercingWail"],"picked":"Burst","floor":2},{"not_picked":["Dagger Throw","Terror"],"picked":"Dodge and Roll","floor":6},{"not_picked":["Slice","Choke"],"picked":"Blur","floor":8},{"not_picked":["Masterful Stab","Backflip"],"picked":"Acrobatics","floor":10},{"not_picked":["Quick Slash","PiercingWail"],"picked":"Blur","floor":12},{"not_picked":["Prepared","Blade Dance"],"picked":"Grand Finale","floor":14},{"not_picked":["Grand Finale","Wraith Form v2"],"picked":"A Thousand Cuts","floor":16},{"not_picked":["Cloak And Dagger","Sucker Punch"],"picked":"Blade Dance+1","floor":18},{"not_picked":["Dodge and Roll","All Out Attack","Backstab+1"],"picked":"Singing Bowl","floor":21},{"not_picked":["Flying Knee","Slice"],"picked":"Leg Sweep","floor":23},{"not_picked":["Concentrate+1","Riddle With Holes+1"],"picked":"Leg Sweep+1","floor":25},{"not_picked":["Poisoned Stab","Quick Slash","Sucker Punch+1"],"picked":"Singing Bowl","floor":28},{"not_picked":["Prepared","All Out Attack","Quick Slash"],"picked":"Singing Bowl","floor":29},{"not_picked":["Heel Hook+1","Backstab","Bane"],"picked":"Singing Bowl","floor":30},{"not_picked":["Quick Slash","Deadly Poison"],"picked":"Prepared","floor":31},{"not_picked":["Storm of Steel","Doppelganger","Die Die Die"],"picked":"Singing Bowl","floor":33},{"not_picked":["Flechettes","Deadly Poison+1"],"picked":"Backflip+1","floor":35},{"not_picked":["Skewer+1","Dagger Throw","Underhanded Strike+1"],"picked":"Singing Bowl","floor":38},{"not_picked":["Prepared","Riddle With Holes"],"picked":"Burst","floor":41},{"not_picked":["Prepared","Bane","Outmaneuver+1"],"picked":"Singing Bowl","floor":44},{"not_picked":["Dagger Throw","Terror"],"picked":"Cloak And Dagger+1","floor":46},{"not_picked":["PiercingWail","Storm of Steel","Deflect"],"picked":"Singing Bowl","floor":47},{"not_picked":["Well Laid Plans","Expertise"],"picked":"Footwork+1","floor":54}],"player_experience":1842678,"relics_obtained":[{"floor":6,"key":"Blood Vial"},{"floor":8,"key":"Singing Bowl"},{"floor":9,"key":"Strawberry"},{"floor":14,"key":"Mummified Hand"},{"floor":23,"key":"Unceasing Top"},{"floor":25,"key":"Bag of Marbles"},{"floor":26,"key":"Bronze Scales"},{"floor":27,"key":"PreservedInsect"},{"floor":30,"key":"Boot"},{"floor":41,"key":"Centennial Puzzle"},{"floor":44,"key":"The Specimen"},{"floor":46,"key":"Smiling Mask"},{"floor":54,"key":"Mercury Hourglass"}],"event_choices":[{"damage_healed":0,"gold_gain":0,"player_choice":"Forge","damage_taken":0,"max_hp_gain":0,"max_hp_loss":0,"event_name":"Accursed Blacksmith","floor":3,"gold_loss":0,"cards_upgraded":["Apotheosis"]},{"damage_healed":0,"gold_gain":0,"player_choice":"2 cards matched","damage_taken":0,"max_hp_gain":0,"max_hp_loss":0,"event_name":"Match and Keep!","floor":20,"gold_loss":0,"cards_obtained":["Corpse Explosion","Skewer"]},{"cards_removed":["Burst"],"damage_healed":0,"gold_gain":0,"player_choice":"Take \u0026 Give","damage_taken":0,"max_hp_gain":0,"max_hp_loss":0,"event_name":"betterNote:BetterNote","floor":22,"gold_loss":0,"cards_obtained":["Demon Form"]},{"cards_removed":["Defend_G"],"damage_healed":0,"gold_gain":0,"player_choice":"Removed Skill","damage_taken":0,"max_hp_gain":0,"max_hp_loss":0,"event_name":"Falling","floor":37,"gold_loss":0},{"damage_healed":0,"gold_gain":0,"player_choice":"Fight","damage_taken":0,"max_hp_gain":0,"max_hp_loss":0,"event_name":"MindBloom","floor":44,"gold_loss":0},{"damage_healed":0,"gold_gain":0,"player_choice":"Max HP","damage_taken":0,"max_hp_gain":0,"max_hp_loss":5,"event_name":"Winding Halls","floor":48,"gold_loss":0}],"is_beta":false,"boss_relics":[{"not_picked":["Ring of the Serpent","Calling Bell"],"picked":"Runic Dome"},{"not_picked":["SlaversCollar","Tiny House"],"picked":"HoveringKite"}],"items_purged_floors":[13,19,36,53],"is_endless":false,"potions_floor_spawned":[8,10,14,16,18,25,28,31,33,46,47],"ascension_level":1}}