{"host":"981nlwu0905dw1bz","time":1609170846,"event":{"mods":["BaseMod","DeckTracker","Minty Spire (QoL Compilation)","Rare Cards Sparkle","SuperFastMode"],"gold_per_floor":[115,115,115,128,144,175,175,187,212,222,222,238,238,255,255,355,355,368,383,61,71,83,83,83,83],"floor_reached":24,"playtime":1072,"items_purged":[],"score":313,"play_id":"de31c43f-4354-4615-aa54-42c5e0498b31","local_time":"20201229005406","is_ascension_mode":true,"campfire_choices":[{"floor":7.0,"key":"REST"},{"data":"Bouncing Flask","floor":11.0,"key":"SMITH"},{"data":"Dagger Spray","floor":13.0,"key":"SMITH"},{"data":"Deadly Poison","floor":15.0,"key":"SMITH"},{"floor":23.0,"key":"REST"}],"circlet_count":0,"master_deck":["AscendersBane","Strike_G","Strike_G","Strike_G","Strike_G","Strike_G","Defend_G","Defend_G","Defend_G","Defend_G+1","Defend_G+1","Survivor","Neutralize","Deadly Poison+1","Poisoned Stab","Backflip","Bane","Bouncing Flask+1","Bane","Dagger Spray+1","Escape Plan","Night Terror","Deflect+1","Apotheosis","Acrobatics"],"relics":["Ring of the Snake","War Paint","FaceOfCleric","Orichalcum","Snake Skull","HoveringKite","Blood Vial"],"acts_visited":["Exordium","TheCity"],"potions_floor_usage":[],"damage_taken":[{"damage":0.0,"enemies":"Small Slimes","floor":1.0,"turns":3.0},{"damage":0.0,"enemies":"Cultist","floor":4.0,"turns":4.0},{"damage":0.0,"enemies":"2 Louse","floor":5.0,"turns":3.0},{"damage":34.0,"enemies":"Gremlin Nob","floor":6.0,"turns":5.0},{"damage":0.0,"enemies":"Gremlin Gang","floor":8.0,"turns":1.0},{"damage":3.0,"enemies":"Looter","floor":10.0,"turns":3.0},{"damage":0.0,"enemies":"Red Slaver","floor":12.0,"turns":3.0},{"damage":0.0,"enemies":"Exordium Wildlife","floor":14.0,"turns":4.0},{"damage":14.0,"enemies":"Hexaghost","floor":16.0,"turns":7.0},{"damage":3.0,"enemies":"3 Byrds","floor":18.0,"turns":5.0},{"damage":17.0,"enemies":"2 Thieves","floor":19.0,"turns":4.0},{"damage":18.0,"enemies":"Sentry and Sphere","floor":21.0,"turns":5.0},{"damage":31.0,"enemies":"Shelled Parasite and Fungi","floor":22.0,"turns":6.0},{"damage":35,"enemies":"Book of Stabbing","floor":24,"turns":4}],"seed_played":"1240603443123438467","potions_obtained":[{"floor":6.0,"key":"SkillPotion"},{"floor":8.0,"key":"Poison Potion"},{"floor":16.0,"key":"Fire Potion"},{"floor":18.0,"key":"Energy Potion"},{"floor":19.0,"key":"Explosive Potion"}],"is_trial":false,"path_per_floor":["M","?","$","M","M","E","R","M","T","M","R","M","R","M","R","B",null,"M","M","$","M","M","R","E"],"character_chosen":"THE_SILENT","items_purchased":["Apotheosis","Blood Vial"],"campfire_rested":2,"item_purchase_floors":[20,20],"current_hp_per_floor":[63,63,63,64,65,32,53,54,54,52,52,53,53,54,54,41,69,67,51,51,36,8,32,0,0],"gold":83,"neow_bonus":"RANDOM_COMMON_RELIC","is_daily":false,"chose_seed":false,"campfire_upgraded":3,"win_rate":0.0,"timestamp":1609170846,"path_taken":["M","?","$","M","M","E","R","M","T","?","R","M","R","M","R","BOSS","M","M","$","M","M","R","E"],"items_purchased_type":["Card","Relic"],"build_version":"2020-12-22","purchased_purges":0,"victory":false,"max_hp_per_floor":[70,70,70,71,72,73,73,74,74,75,75,76,76,77,77,78,78,79,80,80,81,82,82,82,82],"card_choices":[{"not_picked":["Blade Dance","Poisoned Stab"],"picked":"Deadly Poison","floor":1.0},{"not_picked":["Deadly Poison","Blur"],"picked":"Poisoned Stab","floor":4.0},{"not_picked":["Accuracy","PiercingWail"],"picked":"Backflip","floor":5.0},{"not_picked":["Masterful Stab","Setup"],"picked":"Bane","floor":6.0},{"not_picked":["Masterful Stab","Prepared"],"picked":"Bouncing Flask","floor":8.0},{"not_picked":["Endless Agony","Setup"],"picked":"Bane","floor":10.0},{"not_picked":["Expertise","Blade Dance"],"picked":"Dagger Spray","floor":12.0},{"not_picked":["Bane","Concentrate"],"picked":"Escape Plan","floor":14.0},{"not_picked":["Phantasmal Killer","Malaise"],"picked":"Night Terror","floor":16.0},{"not_picked":["Underhanded Strike","Setup"],"picked":"Deflect+1","floor":18.0},{"not_picked":["Masterful Stab","Quick Slash+1","Dagger Throw"],"picked":"SKIP","floor":19.0},{"not_picked":["Cloak And Dagger","Dagger Spray","Glass Knife"],"picked":"SKIP","floor":21.0},{"not_picked":["Calculated Gamble","Outmaneuver"],"picked":"Acrobatics","floor":22.0}],"player_experience":511032,"relics_obtained":[{"floor":6.0,"key":"Orichalcum"},{"floor":9.0,"key":"Snake Skull"}],"event_choices":[{"damage_healed":0.0,"max_hp_gain":0.0,"max_hp_loss":0.0,"gold_gain":0.0,"event_name":"FaceTrader","player_choice":"Trade","floor":2.0,"gold_loss":0.0,"damage_taken":0.0,"relics_obtained":["FaceOfCleric"]}],"is_beta":false,"boss_relics":[{"not_picked":["Fusion Hammer","WristBlade"],"picked":"HoveringKite"}],"items_purged_floors":[],"is_endless":false,"potions_floor_spawned":[6,8,16,18,19],"killed_by":"Book of Stabbing","ascension_level":11}}