{"host":"amvpy7h9h10a217o","time":1609154895,"event":{"mods":["AchievementEnabler","BaseMod","Block Reminder","Challenge The Spire","Colored Powertips","GifTheSpireLib","Highlight Path","Minty Spire (QoL Compilation)","Permanent Neow","StSLib"],"gold_per_floor":[110,125,143,162,172,172,205,205,205,230,243,270,29,45,45,124,124,141,153,173,173,88,88,120,120,120,145,161,172,182,208,208,282,282,300,300,319,78,124,124,124,156,156,156,185,201,231,241,241,241,241,241,241,23,57,57,57],"floor_reached":56,"playtime":6376,"items_purged":["Defend_G","Defend_G"],"score":2043,"play_id":"eb0c980a-055c-4e0a-b450-58465a1c170a","local_time":"20201228062815","is_ascension_mode":true,"campfire_choices":[{"data":"Cloak And Dagger","floor":6.0,"key":"SMITH"},{"data":"Backflip","floor":8.0,"key":"SMITH"},{"floor":15.0,"key":"REST"},{"data":"Malaise","floor":23.0,"key":"SMITH"},{"data":"Noxious Fumes","floor":32.0,"key":"SMITH"},{"floor":41.0,"key":"REST"},{"data":"Footwork","floor":44.0,"key":"SMITH"},{"floor":49.0,"key":"RECALL"},{"data":"Neutralize","floor":53,"key":"SMITH"}],"circlet_count":0,"master_deck":["AscendersBane","Defend_G+1","Survivor+1","Neutralize+1","Dagger Throw","Cloak And Dagger+1","Cloak And Dagger","Cloak And Dagger","Backflip+1","Deadly Poison","Dodge and Roll","Noxious Fumes+1","PiercingWail","Malaise+1","Slice+1","Noxious Fumes","Bite","Bite","Bite","Bite","Bite","After Image","Footwork+1","Backflip+1","Deflect"],"relics":["Black Star","Centennial Puzzle","Eternal Feather","Odd Mushroom","Gremlin Horn","Oddly Smooth Stone","Snake Skull","Busted Crown","Nunchaku","Anchor","Bottled Tornado","Ornamental Fan","Paper Crane","Lantern","Gambling Chip","Toy Ornithopter","Sundial","Empty Cage","Orrery","Calipers","Bag of Preparation","Meat on the Bone","The Courier","Toxic Egg 2","Prayer Wheel","CeramicFish","Strange Spoon","War Paint","Art of War"],"acts_visited":["Exordium","TheCity","TheBeyond","TheEnding"],"potions_floor_usage":[51,56],"damage_taken":[{"damage":0.0,"enemies":"Small Slimes","floor":1.0,"turns":5.0},{"damage":0.0,"enemies":"2 Louse","floor":2.0,"turns":3.0},{"damage":4.0,"enemies":"Jaw Worm","floor":3.0,"turns":5.0},{"damage":30.0,"enemies":"Exordium Wildlife","floor":4.0,"turns":9.0},{"damage":6.0,"enemies":"Looter","floor":5.0,"turns":4.0},{"damage":11.0,"enemies":"3 Sentries","floor":7.0,"turns":10.0},{"damage":14.0,"enemies":"The Mushroom Lair","floor":10.0,"turns":6.0},{"damage":0.0,"enemies":"Blue Slaver","floor":11.0,"turns":5.0},{"damage":10.0,"enemies":"Lagavulin","floor":12.0,"turns":8.0},{"damage":2.0,"enemies":"Exordium Wildlife","floor":14.0,"turns":3.0},{"damage":30.0,"enemies":"Slime Boss","floor":16.0,"turns":13.0},{"damage":1.0,"enemies":"3 Byrds","floor":18.0,"turns":7.0},{"damage":9.0,"enemies":"Chosen","floor":19.0,"turns":8.0},{"damage":7.0,"enemies":"Sentry and Sphere","floor":20.0,"turns":5.0},{"damage":33.0,"enemies":"Gremlin Leader","floor":24.0,"turns":7.0},{"damage":20.0,"enemies":"Slavers","floor":27.0,"turns":6.0},{"damage":12.0,"enemies":"Centurion and Healer","floor":28.0,"turns":6.0},{"damage":7.0,"enemies":"Snake Plant","floor":29.0,"turns":5.0},{"damage":0.0,"enemies":"Snecko","floor":30.0,"turns":6.0},{"damage":5.0,"enemies":"Book of Stabbing","floor":31.0,"turns":6.0},{"damage":43.0,"enemies":"Collector","floor":33.0,"turns":9.0},{"damage":2.0,"enemies":"Orb Walker","floor":35.0,"turns":4.0},{"damage":25.0,"enemies":"3 Darklings","floor":37.0,"turns":4.0},{"damage":38.0,"enemies":"2 Orb Walkers","floor":39.0,"turns":6.0},{"damage":24.0,"enemies":"Giant Head","floor":42.0,"turns":10.0},{"damage":29.0,"enemies":"Reptomancer","floor":45.0,"turns":7.0},{"damage":11.0,"enemies":"Jaw Worm Horde","floor":46.0,"turns":5.0},{"damage":28.0,"enemies":"Giant Head","floor":47.0,"turns":11.0},{"damage":1.0,"enemies":"Sphere and 2 Shapes","floor":48.0,"turns":6.0},{"damage":39,"enemies":"Awakened One","floor":50,"turns":19},{"damage":63,"enemies":"Time Eater","floor":51,"turns":17},{"damage":68,"enemies":"Shield and Spear","floor":55,"turns":9},{"damage":29,"enemies":"The Heart","floor":56,"turns":5}],"seed_played":"448488348558837012","potions_obtained":[{"floor":1.0,"key":"Regen Potion"},{"floor":4.0,"key":"AttackPotion"},{"floor":5.0,"key":"SpeedPotion"},{"floor":10.0,"key":"GhostInAJar"},{"floor":20.0,"key":"PowerPotion"},{"floor":29.0,"key":"Poison Potion"},{"floor":31.0,"key":"Weak Potion"},{"floor":35.0,"key":"LiquidBronze"},{"floor":37.0,"key":"Block Potion"},{"floor":46.0,"key":"Dexterity Potion"},{"floor":47.0,"key":"DistilledChaos"}],"is_trial":false,"path_per_floor":["M","M","M","M","M","R","E","R","T","?","M","E","$","M","R","B",null,"M","M","M","?","?","R","E","T","T","E","M","M","M","E","R","B",null,"M","?","M","$","?","?","R","E","T","R","E","M","E","M","R","B","B",null,"R","$","E","B"],"character_chosen":"THE_SILENT","items_purchased":["Snake Skull","Noxious Fumes","Orrery","Strange Spoon"],"campfire_rested":2,"item_purchase_floors":[13,13,38,54],"current_hp_per_floor":[59,59,55,40,34,34,23,23,23,11,13,5,5,5,36,8,52,53,46,41,41,41,56,39,39,39,33,31,32,46,53,66,37,59,66,66,47,47,22,22,56,53,53,66,53,50,38,43,58,58,26,56,66,66,20,0,0],"gold":57,"neow_bonus":"BOSS_RELIC","is_daily":false,"chose_seed":false,"campfire_upgraded":6,"win_rate":0.0,"timestamp":1609154895,"path_taken":["M","M","M","M","M","R","E","R","T","?","M","E","$","M","R","BOSS","M","M","M","?","?","R","E","?","T","E","M","M","M","E","R","BOSS","M","?","M","$","?","?","R","E","T","R","E","M","E","?","R","BOSS","BOSS","R","$","E","BOSS"],"items_purchased_type":["Relic","Card","Relic","Relic"],"build_version":"2020-12-22","purchased_purges":2,"victory":false,"max_hp_per_floor":[66,66,66,66,66,66,66,66,66,66,66,66,66,66,66,66,66,66,66,66,66,66,66,66,66,66,66,66,66,66,66,66,66,66,66,66,66,66,66,66,66,66,66,66,66,66,66,66,66,66,66,66,66,66,66,66,66],"card_choices":[{"not_picked":["Terror","Reflex"],"picked":"Dagger Throw","floor":1.0},{"not_picked":["Heel Hook","Blade Dance"],"picked":"Cloak And Dagger","floor":2.0},{"not_picked":["Dodge and Roll","Calculated Gamble"],"picked":"Cloak And Dagger","floor":3.0},{"not_picked":["Caltrops","Prepared"],"picked":"Cloak And Dagger","floor":4.0},{"not_picked":["Flying Knee","Concentrate"],"picked":"Backflip","floor":5.0},{"not_picked":["Outmaneuver","Finisher"],"picked":"Deadly Poison","floor":7.0},{"not_picked":["Caltrops","Reflex","Predator"],"picked":"SKIP","floor":11.0},{"not_picked":["Eviscerate","Predator"],"picked":"Dodge and Roll","floor":12.0},{"not_picked":["Backflip","Cloak And Dagger"],"picked":"PiercingWail","floor":14.0},{"not_picked":["Venomology","Phantasmal Killer"],"picked":"Malaise","floor":16.0},{"not_picked":["Prepared"],"picked":"SKIP","floor":18.0},{"not_picked":[],"picked":"Slice+1","floor":19.0},{"not_picked":[],"picked":"Noxious Fumes","floor":20.0},{"not_picked":["Poisoned Stab"],"picked":"SKIP","floor":24.0},{"not_picked":["Accuracy"],"picked":"SKIP","floor":27.0},{"not_picked":["Finisher"],"picked":"SKIP","floor":28.0},{"not_picked":["Expertise"],"picked":"SKIP","floor":29.0},{"not_picked":["Prepared"],"picked":"SKIP","floor":30.0},{"not_picked":["Dash"],"picked":"SKIP","floor":31.0},{"not_picked":[],"picked":"After Image","floor":33.0},{"not_picked":[],"picked":"Footwork","floor":35.0},{"not_picked":["Eviscerate"],"picked":"SKIP","floor":37.0},{"not_picked":[],"picked":"Backflip+1","floor":38.0},{"not_picked":[],"picked":"Deflect","floor":38.0},{"not_picked":["Backstab"],"picked":"SKIP","floor":42.0},{"not_picked":["All Out Attack"],"picked":"SKIP","floor":45.0},{"not_picked":["Outmaneuver+1"],"picked":"SKIP","floor":46.0},{"not_picked":["Finisher"],"picked":"SKIP","floor":47.0},{"not_picked":["Outmaneuver+1"],"picked":"SKIP","floor":48.0},{"not_picked":["Choke"],"picked":"SKIP","floor":48.0},{"not_picked":["Underhanded Strike"],"picked":"SKIP","floor":55}],"player_experience":1400392,"relics_obtained":[{"floor":7.0,"key":"Centennial Puzzle"},{"floor":7.0,"key":"Blood Vial"},{"floor":9.0,"key":"Eternal Feather"},{"floor":10.0,"key":"Odd Mushroom"},{"floor":12.0,"key":"Gremlin Horn"},{"floor":12.0,"key":"Oddly Smooth Stone"},{"floor":24.0,"key":"Anchor"},{"floor":24.0,"key":"Bottled Tornado"},{"floor":25.0,"key":"Ornamental Fan"},{"floor":26.0,"key":"Paper Crane"},{"floor":27.0,"key":"Lantern"},{"floor":27.0,"key":"Gambling Chip"},{"floor":31.0,"key":"Toy Ornithopter"},{"floor":31.0,"key":"Sundial"},{"floor":39.0,"key":"Calipers"},{"floor":42.0,"key":"Bag of Preparation"},{"floor":42.0,"key":"Meat on the Bone"},{"floor":45.0,"key":"The Courier"},{"floor":45.0,"key":"Toxic Egg 2"},{"floor":47.0,"key":"Prayer Wheel"},{"floor":47.0,"key":"CeramicFish"},{"floor":55,"key":"War Paint"},{"floor":55,"key":"Art of War"}],"event_choices":[{"damage_healed":0.0,"max_hp_gain":0.0,"max_hp_loss":0.0,"gold_gain":0.0,"event_name":"Mushrooms","player_choice":"Fought Mushrooms","floor":10.0,"gold_loss":0.0,"damage_taken":0.0},{"damage_healed":0.0,"max_hp_gain":0.0,"max_hp_loss":0.0,"gold_gain":0.0,"event_name":"Vampires","player_choice":"Became a vampire (Vial)","floor":21.0,"relics_lost":["Blood Vial"],"gold_loss":0.0,"damage_taken":0.0,"cards_obtained":["Bite","Bite","Bite","Bite","Bite"]},{"damage_healed":0.0,"max_hp_gain":0.0,"max_hp_loss":0.0,"gold_gain":0.0,"event_name":"Addict","player_choice":"Obtained Relic","floor":22.0,"gold_loss":85.0,"damage_taken":0.0,"relics_obtained":["Nunchaku"]},{"damage_healed":0.0,"max_hp_gain":0.0,"max_hp_loss":0.0,"gold_gain":0.0,"event_name":"Tomb of Lord Red Mask","player_choice":"Ignored","floor":36.0,"gold_loss":0.0,"damage_taken":0.0},{"damage_healed":0.0,"max_hp_gain":0.0,"max_hp_loss":0.0,"gold_gain":0.0,"event_name":"Mysterious Sphere","player_choice":"Fight","floor":39.0,"gold_loss":0.0,"damage_taken":0.0},{"damage_healed":0.0,"max_hp_gain":0.0,"max_hp_loss":0.0,"gold_gain":0.0,"event_name":"The Moai Head","player_choice":"Ignored","floor":40.0,"gold_loss":0.0,"damage_taken":0.0}],"is_beta":false,"boss_relics":[{"not_picked":["Runic Dome","Philosopher\u0027s Stone"],"picked":"Busted Crown"},{"not_picked":["Astrolabe","Snecko Eye"],"picked":"Empty Cage"}],"items_purged_floors":[38,54],"is_endless":false,"potions_floor_spawned":[1,4,5,10,20,29,31,33,35,37,46,47,48],"killed_by":"The Heart","ascension_level":20}}