{"host":"gj3450u0c4def4mj","time":1609152208,"event":{"mods":["2.2 Compatiblity","Act Like it!","BaseMod","Gensokyo","Minty Spire (QoL Compilation)","Permanent Neow","Reimu??????","StSLib"],"gold_per_floor":[209,209,209,225,26,26,61,71,71,71,36,36,36,49,49,153,153,163,181,54,74,74,99,99,349,349,380,397,410,442,322,322,425,425,437,437,437,453,28,28,46,58,85,115,115,115,135,45,45,45],"floor_reached":51,"playtime":3613,"items_purged":[],"score":1246,"play_id":"e7cb916c-6659-4031-808c-406287ff5999","local_time":"20201228054328","is_ascension_mode":true,"campfire_choices":[{"data":"Conquer:ReiMu","floor":13.0,"key":"SMITH"},{"floor":15.0,"key":"REST"},{"data":"MikOfLucky:ReiMu","floor":24.0,"key":"SMITH"},{"data":"MikOfLucky:ReiMu","floor":32.0,"key":"SMITH"},{"data":"Apotheosis","floor":40.0,"key":"SMITH"},{"floor":46.0,"key":"REST"},{"floor":49,"key":"REST"}],"circlet_count":0,"master_deck":["Strike_Lin:ReiMu","Strike_Lin:ReiMu","Strike_Lin:ReiMu","Strike_Lin:ReiMu","Defend_Lin:ReiMu","Defend_Lin:ReiMu","Defend_Lin:ReiMu","Defend_Lin:ReiMu","NB:ReiMu","Stagnation:ReiMu","SafetyPray:ReiMu","SpreadBorder2:ReiMu+1","Conquer:ReiMu+1","PrayRite:ReiMu","FineLineFantasy:ReiMu","CareerPray:ReiMu","PrayRite:ReiMu","SubAcupoint:ReiMu","PrepareRite:ReiMu","Intuition:ReiMu","SafetyPray:ReiMu","MikOfLucky:ReiMu+1","LovePray:ReiMu","MikOfLucky:ReiMu+1","Intuition:ReiMu","HakureiPhantom:ReiMu","Gensokyo:Taser","FineLineFantasy:ReiMu","Apotheosis+1","Intuition:ReiMu+1","SubAcupoint:ReiMu+1","CareerPray:ReiMu+1","LovePray:ReiMu+1","Gensokyo:CustomPotion","CareerPray:ReiMu+1"],"relics":["FlyPower:ReiMu","CheatingSign:ReiMu","Mango","Gremlin Horn","Kunai","Gensokyo:Mercy","Philosopher\u0027s Stone","Mercury Hourglass","Oddly Smooth Stone","Pear","Peace Pipe","Gensokyo:LionMask","Runic Pyramid","Bottled Lightning","Dream Catcher","KaguraBell:ReiMu"],"acts_visited":["Gensokyo:Gensokyo","Gensokyo:Gensokyoer","Gensokyo:Gensokyoest"],"potions_floor_usage":[50,50],"damage_taken":[{"damage":0.0,"enemies":"Gensokyo:Gryphon","floor":1.0,"turns":6.0},{"damage":6.0,"enemies":"Gensokyo:2_Kodama","floor":4.0,"turns":6.0},{"damage":28.0,"enemies":"Gensokyo:Aya","floor":7.0,"turns":12.0},{"damage":0.0,"enemies":"Gensokyo:Python","floor":8.0,"turns":7.0},{"damage":0.0,"enemies":"Gensokyo:5_Fairies","floor":14.0,"turns":3.0},{"damage":0.0,"enemies":"Gensokyo:Reimu","floor":16.0,"turns":11.0},{"damage":0.0,"enemies":"Gensokyo:2_Gloops","floor":18.0,"turns":4.0},{"damage":0.0,"enemies":"Gensokyo:CosmicMonolith","floor":19.0,"turns":6.0},{"damage":0.0,"enemies":"Gensokyo:Swordslinger","floor":21.0,"turns":5.0},{"damage":11.0,"enemies":"Gensokyo:Tenshi","floor":23.0,"turns":9.0},{"damage":0.0,"enemies":"Gensokyo:Reisen","floor":27.0,"turns":4.0},{"damage":8.0,"enemies":"Gensokyo:Slime_Group","floor":28.0,"turns":5.0},{"damage":0.0,"enemies":"Gensokyo:Monolith_and_Dog","floor":29.0,"turns":5.0},{"damage":6.0,"enemies":"Gensokyo:Koishi","floor":30.0,"turns":6.0},{"damage":9.0,"enemies":"Gensokyo:Eiki","floor":33.0,"turns":12.0},{"damage":0.0,"enemies":"Gensokyo:3_Bats","floor":35.0,"turns":3.0},{"damage":0.0,"enemies":"Gensokyo:3_Boulders","floor":38.0,"turns":5.0},{"damage":0.0,"enemies":"Gensokyo:Rafflesia","floor":41.0,"turns":7.0},{"damage":0.0,"enemies":"Gensokyo:AtlasGolem","floor":42.0,"turns":6.0},{"damage":0.0,"enemies":"Gensokyo:Marisa","floor":44.0,"turns":8.0},{"damage":0.0,"enemies":"Gensokyo:3_Boulders","floor":47.0,"turns":5.0},{"damage":0,"enemies":"Gensokyo:Yuyuko","floor":50,"turns":5}],"seed_played":"-2849757384465901318","potions_obtained":[{"floor":4.0,"key":"Swift Potion"},{"floor":7.0,"key":"DuplicationPotion"},{"floor":16.0,"key":"LiquidBronze"},{"floor":23.0,"key":"SpeedPotion"},{"floor":28.0,"key":"PinkPotion:ReiMu"},{"floor":30.0,"key":"CultistPotion"},{"floor":38.0,"key":"GrandPatriotsElixir:ReiMu"}],"is_trial":false,"path_per_floor":["M","?","?","M","$","?","E","M","T","?","$","?","R","M","R","B",null,"M","M","$","M","?","E","R","?","T","E","M","M","E","?","R","B",null,"M","?","$","M","$","R","M","M","T","E","?","R","M","?","R","B",null],"character_chosen":"REIMU","items_purchased":["CheatingSign:ReiMu","Conquer:ReiMu","FineLineFantasy:ReiMu","PrepareRite:ReiMu","Intuition:ReiMu","Apotheosis","Bottled Lightning"],"campfire_rested":3,"item_purchase_floors":[5,5,11,20,20,39,39],"current_hp_per_floor":[59,59,59,53,53,46,18,18,18,25,25,25,25,25,50,50,77,77,77,77,77,77,66,66,66,66,76,68,68,62,62,62,53,82,82,82,82,82,82,82,82,82,82,82,82,91,91,91,91,91],"gold":45,"neow_bonus":"HUNDRED_GOLD","is_daily":false,"chose_seed":false,"campfire_upgraded":4,"win_rate":0.0,"timestamp":1609152208,"path_taken":["M","?","?","M","$","?","E","M","T","?","$","?","R","M","R","BOSS","M","M","$","?","?","E","R","?","T","E","M","?","E","?","R","BOSS","M","?","$","M","$","R","M","M","T","E","?","R","M","?","R","BOSS"],"items_purchased_type":["Relic","Card","Card","Card","Card","Card","Relic"],"build_version":"2020-12-22","purchased_purges":0,"victory":true,"max_hp_per_floor":[65,65,65,65,65,79,79,79,79,86,86,86,86,86,86,86,86,86,86,86,86,86,86,86,81,81,91,91,91,91,91,91,91,91,91,91,91,91,91,91,91,91,91,91,91,91,91,91,91,91],"card_choices":[{"not_picked":["Intuition:ReiMu","Enchanting:ReiMu"],"picked":"SafetyPray:ReiMu","floor":1.0},{"not_picked":["Mountainwind:ReiMu","AirStrike:ReiMu"],"picked":"SubAcupoint:ReiMu","floor":4.0},{"not_picked":["PassingAway:ReiMu","WonderfulDomain:ReiMu","PhosphorusFlame:ReiMu"],"picked":"SKIP","floor":7.0},{"not_picked":["FantasyMoon:ReiMu","UpKicking:ReiMu"],"picked":"PrayRite:ReiMu","floor":8.0},{"not_picked":["Meditation:ReiMu","OrbThrow:ReiMu"],"picked":"CareerPray:ReiMu","floor":14.0},{"not_picked":["YinYang:ReiMu","KyokaiOfKami:ReiMu"],"picked":"PrayRite:ReiMu","floor":16.0},{"not_picked":["TightArray:ReiMu","InherentArray:ReiMu"],"picked":"SubAcupoint:ReiMu","floor":18.0},{"not_picked":["PayForSelf:ReiMu","PhosphorusFlame:ReiMu","BarrageOfMoneybags:ReiMu"],"picked":"SKIP","floor":19.0},{"not_picked":["WonderfulDomain:ReiMu+1","Conquer:ReiMu"],"picked":"SafetyPray:ReiMu","floor":21.0},{"not_picked":["LovePray:ReiMu","EmergencyTakeOff:ReiMu"],"picked":"MikOfLucky:ReiMu","floor":23.0},{"not_picked":["Amulet:ReiMu","Conquer:ReiMu","UniversalSpiritual:ReiMu+1"],"picked":"SKIP","floor":27.0},{"not_picked":["AirManeuver:ReiMu","OrbThrow:ReiMu"],"picked":"LovePray:ReiMu","floor":28.0},{"not_picked":["ShadowOfCrow2:ReiMu","SubcavityFantasy:ReiMu"],"picked":"MikOfLucky:ReiMu","floor":29.0},{"not_picked":["Amulet:ReiMu","AirStrike:ReiMu"],"picked":"Intuition:ReiMu","floor":30.0},{"not_picked":["CleanRite:ReiMu","OctopathSalyBorderN:ReiMu"],"picked":"HakureiPhantom:ReiMu","floor":33.0},{"not_picked":["SealNeedle:ReiMu+1","AirStrike:ReiMu+1","OrbThrow:ReiMu+1"],"picked":"SKIP","floor":35.0},{"not_picked":["AlertArray:ReiMu","FantasyBorder:ReiMu"],"picked":"FineLineFantasy:ReiMu","floor":38.0},{"not_picked":["EmergencyTakeOff:ReiMu+1","AirManeuver:ReiMu"],"picked":"Intuition:ReiMu+1","floor":41.0},{"not_picked":["TightArray:ReiMu","ShadowOfCrow2:ReiMu+1"],"picked":"SubAcupoint:ReiMu+1","floor":42.0},{"not_picked":["OrbThrow:ReiMu","BlastKick2:ReiMu"],"picked":"CareerPray:ReiMu+1","floor":44.0},{"not_picked":["SubAcupoint:ReiMu+1","Meditation:ReiMu+1"],"picked":"LovePray:ReiMu+1","floor":46.0},{"not_picked":["DoubleButterfly:ReiMu","SpreadBorder2:ReiMu","Amulet:ReiMu+1"],"picked":"SKIP","floor":47.0},{"not_picked":["ForcedLanding:ReiMu","Mountainwind:ReiMu+1"],"picked":"CareerPray:ReiMu+1","floor":49}],"player_experience":71545,"relics_obtained":[{"floor":7.0,"key":"Gremlin Horn"},{"floor":9.0,"key":"Kunai"},{"floor":23.0,"key":"Mercury Hourglass"},{"floor":26.0,"key":"Oddly Smooth Stone"},{"floor":27.0,"key":"Pear"},{"floor":30.0,"key":"Peace Pipe"},{"floor":43.0,"key":"Dream Catcher"},{"floor":44.0,"key":"KaguraBell:ReiMu"}],"event_choices":[],"is_beta":false,"boss_relics":[{"not_picked":["Velvet Choker","SlaversCollar"],"picked":"Philosopher\u0027s Stone"},{"not_picked":["Fusion Hammer","Busted Crown"],"picked":"Runic Pyramid"}],"items_purged_floors":[],"is_endless":false,"potions_floor_spawned":[4,7,16,23,28,30,38,44,47],"ascension_level":8}}