{"host":"q79spna8ofw6hj3r","time":1609123207,"event":{"mods":["Aspiration","Bard","BaseMod","Beaked The Cultist","Bestiary","Better Altar","Better Match","Better Note","Better Sensory Stone","Better Skull","Better Third Choice","Better Vampires","BetterRewards","Block Reminder","Challenge The Spire","Colored Map","Colored Powertips","Conspire","Custom Start","Energized Spire","Friendly Minions","Halation","Hubris","Infinite Spire","Jedi Mod","Mimic Mod","Minty Spire (QoL Compilation)","Permanent Neow","Quick Restart","Relic Filter","Relic Sorter","Replay The Spire","Shop Mod","StSLib","SuperFastMode","Synergy Search","The Cursed","The Hierophant","The Runesmith","slay the spire mod where everything is the same but ironclad has a cowboy hat","vexMod"],"gold_per_floor":[116,145,159,165,165,165,165,165,165,165,165,165,165,165,165,165,165,165,65,65,65,65,65,65,65,65,65,65,65,65,65,65,65,65,68,68,81,81,102,128,128,147,182,57,57,57,57,95,95,95],"floor_reached":51,"playtime":2172,"items_purged":["Strike_B","Strike_B","Defend_B","Defend_B"],"score":919,"play_id":"c0750f66-7ecc-4c8b-99a1-0fe0830061ee","local_time":"20201228044007","is_ascension_mode":true,"campfire_choices":[{"data":"Hologram","floor":6,"key":"SMITH"},{"data":"jedi:blockon","floor":10,"key":"SMITH"},{"data":"jedi:blockon","floor":12,"key":"SMITH"},{"data":"Loop","floor":15,"key":"SMITH"},{"floor":23,"key":"REST"},{"floor":29,"key":"REST"},{"floor":32,"key":"REST"},{"floor":41,"key":"REST"},{"floor":45,"key":"REST"},{"floor":49,"key":"DIG"}],"circlet_count":0,"master_deck":["Defend_B+1","Defend_B+1","Zap","Dualcast","Cold Snap","Hologram+1","jedi:blockon+1","ReplayUltimateDefense","Apotheosis+1","jedi:blockon+1","Ball Lightning","Loop+1","Electrodynamics+1","jedi:reiji","Static Discharge+1","Loop+1","Crystallizer","ReplayTheSpireMod:Haul","FIFO Queue+1"],"relics":["Cracked Core","jedi:ominousloannote","Replay:Bandana","aspiration:SeaSaltIceCream","War Paint","jedi:heavyjacket","Fusion Hammer","Bloody Idol","Blood Vial","infinitespire:Broken Mirror","hubris:TerracottaHorce","Blue Doll","Counterbalance","hubris:OldNail","energizedSpire:UnstableMolecules","hubris:ToyBattleship","Snack Pack"],"acts_visited":["Exordium","TheCity","TheBeyond"],"potions_floor_usage":[13,14,33,39],"damage_taken":[{"damage":8,"enemies":"Jaw Worm","floor":1,"turns":4},{"damage":7,"enemies":"2 Louse","floor":3,"turns":2},{"damage":0,"enemies":"Cultist","floor":7,"turns":6},{"damage":8,"enemies":"Exordium Thugs","floor":8,"turns":5},{"damage":0,"enemies":"Blue Slaver","floor":11,"turns":3},{"damage":9,"enemies":"Gremlin Nob","floor":13,"turns":4},{"damage":0,"enemies":"Gremlin Gang","floor":14,"turns":3},{"damage":0,"enemies":"Hexaghost","floor":16,"turns":9},{"damage":6,"enemies":"conspire:FuzzyDice","floor":18,"turns":5},{"damage":0,"enemies":"Spheric Guardian","floor":20,"turns":5},{"damage":18,"enemies":"3 Cultists","floor":22,"turns":4},{"damage":0,"enemies":"Snecko","floor":26,"turns":7},{"damage":0,"enemies":"Snecko","floor":27,"turns":5},{"damage":5,"enemies":"Sentry and Sphere","floor":28,"turns":4},{"damage":0,"enemies":"conspire:HollyBat","floor":30,"turns":7},{"damage":9,"enemies":"Shelled Parasite and Fungi","floor":31,"turns":6},{"damage":16,"enemies":"conspire:MysteriousRune","floor":33,"turns":9},{"damage":14,"enemies":"3 Darklings","floor":35,"turns":3},{"damage":4,"enemies":"Orb Walker","floor":37,"turns":2},{"damage":6,"enemies":"Writhing Mass","floor":39,"turns":4},{"damage":9,"enemies":"Nemesis","floor":40,"turns":8},{"damage":0,"enemies":"Sphere and 2 Shapes","floor":42,"turns":3},{"damage":0,"enemies":"Maw","floor":43,"turns":13},{"damage":0,"enemies":"R_Hoarder","floor":48,"turns":8},{"damage":42,"enemies":"Time Eater","floor":50,"turns":9}],"seed_played":"177632050615524768","potions_obtained":[{"floor":1,"key":"Energy Potion"},{"floor":2,"key":"Explosive Potion"},{"floor":2,"key":"LiquidBronze"},{"floor":11,"key":"BlessingOfTheForge"},{"floor":16,"key":"Explosive Potion"},{"floor":18,"key":"Weak Potion"},{"floor":40,"key":"Block Potion"},{"floor":42,"key":"jedi:wingpotion"},{"floor":48,"key":"Strength Potion"}],"is_trial":false,"path_per_floor":["M","?","M","$","?","R","M","M","T","R","M","R","E","M","R","B",null,"M","$","M","?","M","R","?","?","MIM","M","M","R","M","M","R","B",null,"M","?","M","?","M","E","R","M","MIM","$","R","?","AVR","E","R_BF","B",null],"character_chosen":"DEFECT","items_purchased":["jedi:ominousloannote","ReplayUltimateDefense","Replay:Bandana"],"campfire_rested":5,"item_purchase_floors":[4,4,4],"current_hp_per_floor":[67,37,30,30,30,30,30,22,22,22,22,22,13,13,13,13,75,69,69,69,69,51,73,73,15,17,19,16,38,40,33,55,41,67,60,60,63,63,64,62,75,75,75,75,75,75,75,75,75,35],"gold":95,"neow_bonus":"REMOVE_CARD","is_daily":false,"chose_seed":false,"campfire_upgraded":4,"win_rate":0.0,"timestamp":1609123207,"path_taken":["M","?","?","?","?","R","?","M","T","R","M","R","E","M","R","BOSS","M","$","?","?","?","R","?","?","MIM","M","M","R","?","M","R","BOSS","M","?","M","?","?","E","R","M","MIM","$","R","?","AVR","E","R_BF","BOSS"],"items_purchased_type":["Relic","Card","Relic"],"build_version":"2020-12-22","purchased_purges":4,"victory":true,"max_hp_per_floor":[75,75,75,75,75,75,75,75,75,75,75,75,75,75,75,75,75,75,75,75,75,75,75,75,75,75,75,75,75,75,75,75,75,75,75,75,75,75,75,75,75,75,75,75,75,75,75,75,75,75],"card_choices":[{"not_picked":["Compile Driver","Storm"],"picked":"Cold Snap","floor":1},{"not_picked":["Conserve Battery","Streamline"],"picked":"Hologram","floor":2},{"not_picked":["Ball Lightning","Rebound"],"picked":"jedi:blockon","floor":3},{"not_picked":["jedi:BurstLightning","Hologram"],"picked":"jedi:blockon","floor":7},{"not_picked":["Streamline","Conserve Battery"],"picked":"Ball Lightning","floor":8},{"not_picked":["Fission","Blizzard","Tempest"],"picked":"SKIP","floor":11},{"not_picked":["ReplayTheSpireMod:Reroute Power","Self Repair"],"picked":"Loop","floor":13},{"not_picked":["conspire:SharedLibrary","jedi:BurstFrost","Turbo"],"picked":"SKIP","floor":14},{"not_picked":["Machine Learning","ReplayTheSpireMod:Omega Cannon"],"picked":"Electrodynamics","floor":16},{"not_picked":["Stack+1","Tempest+1","Redo"],"picked":"SKIP","floor":18},{"not_picked":["Recycle","Cold Snap+1","jedi:BurstFrost"],"picked":"SKIP","floor":20},{"not_picked":["Recycle","Cold Snap+1","jedi:BurstFrost"],"picked":"SKIP","floor":20},{"not_picked":["Streamline","Sweeping Beam","Auto Shields+1"],"picked":"SKIP","floor":22},{"not_picked":["BasicCrystalCard+1","Hologram","Double Energy"],"picked":"SKIP","floor":27},{"not_picked":["Ball Lightning","Hologram","ReplayTheSpireMod:System Scan"],"picked":"SKIP","floor":28},{"not_picked":["BasicCrystalCard","Turbo","ReplayTheSpireMod:Reroute Power"],"picked":"SKIP","floor":30},{"not_picked":["Leap+1","Go for the Eyes","Streamline"],"picked":"SKIP","floor":31},{"not_picked":["Panic Button","Hologram"],"picked":"Static Discharge+1","floor":35},{"not_picked":["Barrage","Panic Button","jedi:locknload+1"],"picked":"SKIP","floor":37},{"not_picked":["Turbo+1","Beam Cell+1","Coolheaded+1"],"picked":"SKIP","floor":39},{"not_picked":["Turbo+1","Beam Cell+1","Coolheaded+1"],"picked":"SKIP","floor":39},{"not_picked":["Force Field+1","ReplayTheSpireMod:Reroute Power+1"],"picked":"Crystallizer","floor":40},{"not_picked":["ReplayTheSpireMod:System Scan+1","Leap","Beam Cell"],"picked":"SKIP","floor":42},{"not_picked":["All For One","Skim+1"],"picked":"FIFO Queue+1","floor":48}],"player_experience":208805,"relics_obtained":[{"floor":9,"key":"aspiration:SeaSaltIceCream"},{"floor":13,"key":"jedi:heavyjacket"},{"floor":26,"key":"infinitespire:Broken Mirror"},{"floor":40,"key":"Blue Doll"},{"floor":43,"key":"Counterbalance"},{"floor":48,"key":"hubris:ToyBattleship"},{"floor":49,"key":"Snack Pack"}],"event_choices":[{"damage_healed":30,"gold_gain":0,"player_choice":"Embrace","damage_taken":0,"max_hp_gain":0,"max_hp_loss":75,"event_name":"betterThird:BetterShining","floor":5,"gold_loss":0},{"damage_healed":0,"gold_gain":0,"cards_transformed":["Strike_B"],"player_choice":"Transformed","damage_taken":0,"max_hp_gain":0,"max_hp_loss":0,"event_name":"Transmorgrifier","floor":21,"gold_loss":0,"cards_obtained":["jedi:reiji"]},{"damage_healed":0,"gold_gain":0,"player_choice":" Idol Vial ","damage_taken":58,"relics_obtained":["Bloody Idol","Blood Vial"],"max_hp_gain":73,"max_hp_loss":15,"event_name":"betterAltar:BetterAltar","floor":25,"potions_obtained":[],"relics_lost":[],"gold_loss":0},{"damage_healed":0,"gold_gain":0,"player_choice":"Copied","damage_taken":0,"max_hp_gain":0,"max_hp_loss":0,"event_name":"Duplicator","floor":38,"gold_loss":0,"cards_obtained":["Loop"]}],"is_beta":false,"boss_relics":[{"not_picked":["halation:PinkAlligatorPlush","hubris:Stopwatch"],"picked":"Fusion Hammer"},{"not_picked":["aspiration:PoetsPen_weak","halation:MonkeysPaw"],"picked":"hubris:TerracottaHorce"}],"items_purged_floors":[4,19,44,47],"is_endless":false,"potions_floor_spawned":[1,11,16,18,27,40,42,48],"ascension_level":3}}