{"host":"f5ezd1v29dtbwkzo","time":1609193224,"event":{"mods":["2.2 Compatiblity","BaseMod","Hermit","Hubris","Infinite Spire","Minty Spire (QoL Compilation)","Rare Cards Sparkle","Replay The Spire","StSLib"],"gold_per_floor":[116,116,128,81,81,110,110,142,142,154,167,167,185,48,48,146,146,163,163,178,198,214,214,243,243,243,243,12,26,44,60,60,158,158,169,189,189,200,200,233,233,233,233,246,279,279,279,290,290,290,290],"floor_reached":50,"playtime":2277,"items_purged":["Defend_R","Havoc"],"score":559,"play_id":"20520302-c76b-45ee-9d44-353a81c3f8c1","local_time":"20201229010704","is_ascension_mode":false,"campfire_choices":[{"data":"Armaments","floor":7,"key":"SMITH"},{"data":"ReplayReversal","floor":12,"key":"SMITH"},{"data":"Metamorphosis","floor":15,"key":"SMITH"},{"floor":23,"key":"REST"},{"floor":27,"key":"RECALL"},{"floor":42,"key":"REST"},{"floor":46,"key":"REST"}],"circlet_count":0,"master_deck":["Strike_R","Strike_R","Strike_R","Strike_R","Defend_R","Defend_R","Defend_R","Bash","ReplayTheSpireMod:Corrosion Curse+1","Run Through","Clash","Armaments+1","ReplayReversal+1","Clash","Warcry+1","Metamorphosis+1","Sword Boomerang","infinitespire:OneForAll","ReplayTheSpireMod:Stacked+1","True Grit+1","ReplayReversal","Metallicize+1","Pommel Strike+1","Body Slam","Warcry","Juggernaut","Fire Breathing+1","Spot Weakness+1","Ghostly Armor","Power Through","ReplayTheSpireMod:Corrosion Curse+1","Looming Evil","Run Through"],"relics":["Burning Blood","NeowsBlessing","Iron Hammer","White Beast Statue","The Courier","Mark of Pain","Nloth\u0027s Gift","PreservedInsect","hubris:ChampionShield","hubris:ScarierMask","infinitespire:CursedDice","BargainBundle","ReplayFunnel","Ring of Misfortune","Ring of Peace"],"acts_visited":["Exordium","TheCity","TheBeyond"],"potions_floor_usage":[8,11,16,16,18,18,20,22,24,24,33,33,33,40,40,40,45,45,50,50],"damage_taken":[{"damage":0,"enemies":"2 Louse","floor":1,"turns":1},{"damage":0,"enemies":"Small Slimes","floor":3,"turns":1},{"damage":0,"enemies":"3 Sentries","floor":6,"turns":1},{"damage":21,"enemies":"Lagavulin","floor":8,"turns":6},{"damage":0,"enemies":"Cultist","floor":10,"turns":2},{"damage":3,"enemies":"Exordium Thugs","floor":11,"turns":3},{"damage":2,"enemies":"3 Louse","floor":13,"turns":2},{"damage":41,"enemies":"Hexaghost","floor":16,"turns":8},{"damage":30,"enemies":"2 Thieves","floor":18,"turns":4},{"damage":12,"enemies":"Shell Parasite","floor":20,"turns":4},{"damage":19,"enemies":"Chosen and Byrds","floor":21,"turns":5},{"damage":23,"enemies":"Snake Plant","floor":22,"turns":6},{"damage":20,"enemies":"Nightmare","floor":24,"turns":7},{"damage":14,"enemies":"Cultist and Chosen","floor":29,"turns":6},{"damage":2,"enemies":"Centurion and Healer","floor":30,"turns":5},{"damage":6,"enemies":"Snake Plant","floor":31,"turns":3},{"damage":78,"enemies":"hubris:MusketHawk","floor":33,"turns":10},{"damage":22,"enemies":"3 Shapes","floor":35,"turns":4},{"damage":20,"enemies":"Orb Walker","floor":36,"turns":5},{"damage":8,"enemies":"Sphere and 2 Shapes","floor":38,"turns":5},{"damage":52,"enemies":"Giant Head","floor":40,"turns":7},{"damage":29,"enemies":"3 Darklings","floor":44,"turns":4},{"damage":43,"enemies":"Reptomancer","floor":45,"turns":6},{"damage":4,"enemies":"Maw","floor":48,"turns":9},{"damage":92,"enemies":"hubris:GrandSnecko","floor":50,"turns":12}],"seed_played":"1271892904543854606","potions_obtained":[{"floor":1,"key":"Weak Potion"},{"floor":5,"key":"Languid Potion"},{"floor":5,"key":"Death Potion"},{"floor":10,"key":"Fire Potion"},{"floor":11,"key":"Elixir"},{"floor":13,"key":"Venom Potion"},{"floor":16,"key":"LifebloodPotion"},{"floor":18,"key":"DuplicationPotion"},{"floor":20,"key":"ElixirPotion"},{"floor":21,"key":"Block Potion"},{"floor":22,"key":"Explosive Potion"},{"floor":29,"key":"SteroidPotion"},{"floor":30,"key":"Energy Potion"},{"floor":31,"key":"FearPotion"},{"floor":33,"key":"SteroidPotion"},{"floor":35,"key":"FearPotion"},{"floor":36,"key":"BlessingOfTheForge"},{"floor":38,"key":"Cursed Concoction"},{"floor":40,"key":"BloodPotion"},{"floor":44,"key":"Flashbang"},{"floor":45,"key":"Energy Potion"},{"floor":48,"key":"Adrenaline Potion"}],"is_trial":false,"path_per_floor":["M","?","M","$","?","E","R","E","T","M","M","R","M","$","R","B",null,"M","?","M","M","M","R","NM","?","T","R","$","M","M","M","R","B",null,"M","M","?","M","?","E","AVR","R","T","M","E","R","?","M","R","B"],"character_chosen":"IRONCLAD","items_purchased":["Clash","Metamorphosis","Metallicize+1","hubris:ChampionShield"],"campfire_rested":3,"item_purchase_floors":[4,14,28,28],"current_hp_per_floor":[80,80,80,80,80,80,80,65,65,71,74,74,78,78,78,43,80,56,90,84,71,54,81,67,67,67,67,67,59,63,63,90,18,90,74,60,60,58,58,12,12,39,39,16,38,65,65,67,90,0,0],"gold":290,"neow_bonus":"THREE_ENEMY_KILL","is_daily":false,"chose_seed":false,"campfire_upgraded":3,"win_rate":0.0,"timestamp":1609193224,"path_taken":["M","?","M","$","?","E","R","E","T","M","?","R","M","?","R","BOSS","M","?","M","?","M","R","NM","?","T","R","?","M","M","M","R","BOSS","M","M","?","M","?","E","AVR","R","T","?","E","R","?","M","R","BOSS"],"items_purchased_type":["Card","Card","Card","Relic"],"build_version":"2020-12-22","purchased_purges":2,"victory":false,"max_hp_per_floor":[80,80,80,80,80,80,80,80,80,80,80,80,80,80,80,80,80,80,90,90,90,90,90,90,90,90,90,90,90,90,90,90,90,90,90,90,90,90,90,90,90,90,90,90,90,90,90,90,90,90,90],"card_choices":[{"not_picked":["Dual Wield","True Grit"],"picked":"ReplayTheSpireMod:Corrosion Curse","floor":1},{"not_picked":["Twin Strike","Anger"],"picked":"Run Through","floor":3},{"not_picked":["Bludgeon","Dropkick"],"picked":"Armaments","floor":6},{"not_picked":["ReplayTheSpireMod:Strike From Hell","ReplayTheSpireMod:Corrosion Curse"],"picked":"ReplayReversal","floor":8},{"not_picked":["Clothesline","Twin Strike"],"picked":"Clash","floor":10},{"not_picked":["Wild Strike","Double Tap"],"picked":"Evolve","floor":11},{"not_picked":["Ghostly Armor","Carnage"],"picked":"Warcry","floor":13},{"not_picked":["hubris:StunningStrike","Eclipse"],"picked":"Juggernaut","floor":16},{"not_picked":["Hemokinesis","Rupture+1"],"picked":"Sword Boomerang","floor":18},{"not_picked":["ReplayTheSpireMod:Limb From Limb","Clash"],"picked":"infinitespire:OneForAll","floor":20},{"not_picked":["Armaments","Shrug It Off"],"picked":"ReplayTheSpireMod:Stacked","floor":21},{"not_picked":["Headbutt","Pommel Strike"],"picked":"True Grit+1","floor":22},{"not_picked":["Double Tap","Disarm"],"picked":"ReplayReversal","floor":24},{"not_picked":["ReplayTheSpireMod:Muscle Training","Headbutt"],"picked":"Pommel Strike+1","floor":29},{"not_picked":["Blood for Blood","Heavy Blade+1"],"picked":"Body Slam","floor":30},{"not_picked":["Clash","Perfected Strike+1"],"picked":"Warcry","floor":31},{"not_picked":["Demonic Infusion","Eclipse"],"picked":"Juggernaut","floor":33},{"not_picked":["Twin Strike","Perfected Strike+1"],"picked":"Fire Breathing+1","floor":35},{"not_picked":["Abandon+1","Clash"],"picked":"Spot Weakness+1","floor":36},{"not_picked":["Uppercut","True Grit","Abandon+1"],"picked":"SKIP","floor":38},{"not_picked":["Barricade","Warcry"],"picked":"Ghostly Armor","floor":40},{"not_picked":["Iron Wave+1","Body Slam"],"picked":"Power Through","floor":44},{"not_picked":["Evolve","Armaments"],"picked":"ReplayTheSpireMod:Corrosion Curse+1","floor":45},{"not_picked":["Twin Strike","Hemokinesis"],"picked":"Run Through","floor":48}],"player_experience":310811,"relics_obtained":[{"floor":6,"key":"Iron Hammer"},{"floor":8,"key":"White Beast Statue"},{"floor":9,"key":"The Courier"},{"floor":24,"key":"ReplayTheSpireMod:Spearhead"},{"floor":26,"key":"PreservedInsect"},{"floor":40,"key":"infinitespire:CursedDice"},{"floor":45,"key":"ReplayFunnel"},{"floor":47,"key":"Ring of Misfortune"},{"floor":47,"key":"Ring of Peace"}],"event_choices":[{"damage_healed":0,"gold_gain":0,"player_choice":"Got Potions","damage_taken":0,"max_hp_gain":0,"max_hp_loss":0,"event_name":"Lab","floor":5,"gold_loss":0},{"cards_removed":["Juggernaut"],"damage_healed":24,"gold_gain":0,"player_choice":"Offered Rare","damage_taken":0,"max_hp_gain":10,"max_hp_loss":0,"event_name":"Bonfire Elementals","floor":19,"gold_loss":0},{"damage_healed":0,"gold_gain":0,"player_choice":"Traded Relic","damage_taken":0,"relics_obtained":["Nloth\u0027s Gift"],"max_hp_gain":0,"max_hp_loss":0,"event_name":"N\u0027loth","floor":25,"relics_lost":["ReplayTheSpireMod:Spearhead"],"gold_loss":0},{"cards_removed":["Evolve"],"damage_healed":0,"gold_gain":0,"player_choice":"Removed Power","damage_taken":0,"max_hp_gain":0,"max_hp_loss":0,"event_name":"Falling","floor":37,"gold_loss":0},{"damage_healed":0,"gold_gain":0,"cards_transformed":["Strike_R"],"player_choice":"Transformed","damage_taken":0,"max_hp_gain":0,"max_hp_loss":0,"event_name":"Transmorgrifier","floor":39,"gold_loss":0,"cards_obtained":["Havoc"]}],"is_beta":false,"boss_relics":[{"not_picked":["Replay:Wanted Poster","Ectoplasm"],"picked":"Mark of Pain"},{"not_picked":["Electric Blood","Tiny House"],"picked":"hubris:ScarierMask"}],"items_purged_floors":[28,41],"is_endless":false,"potions_floor_spawned":[1,6,10,11,13,16,18,20,21,22,29,30,31,33,35,36,38,40,44,45,48],"killed_by":"hubris:GrandSnecko","ascension_level":0}}