{"host":"phniwng9zo19jwdb","time":1609153849,"event":{"mods":["AchievementEnabler","BaseMod","Colored Powertips","Faster Ascension Climbing","GifTheSpireLib","Minty Spire (QoL Compilation)","Permanent Neow","Rare Cards Sparkle","Somnambulant","StSLib"],"gold_per_floor":[114,125,200,214,164,164,198,198,198,233,233,245,261,277,277,348,348,360,360,270,281,15,15,46,406,406,439,449,482,492,504,504,504,504],"floor_reached":33,"playtime":1486,"items_purged":["Strike_R"],"score":589,"play_id":"1b6fdc15-9ba8-40e2-b276-4e562a35c057","local_time":"20201228121049","is_ascension_mode":true,"campfire_choices":[{"data":"Twin Strike","floor":6,"key":"SMITH"},{"data":"Strike_R","floor":11,"key":"PURGE"},{"floor":15,"key":"REST"},{"data":"Defend_R","floor":23,"key":"PURGE"},{"floor":32,"key":"REST"}],"circlet_count":0,"master_deck":["AscendersBane","Strike_R+1","Defend_R","Defend_R","Defend_R","Bash","Feed","Twin Strike+1","Iron Wave","Bludgeon","True Grit+1","Disarm+1","Exhume+1","True Grit+1","Metallicize","Fire Breathing","Dark Embrace","Battle Trance+1","Dark Shackles+1","Cleave","Warcry+1","Havoc+1","Battle Trance+1"],"relics":["Burning Blood","Shuriken","Toxic Egg 2","Matryoshka","Peace Pipe","Velvet Choker","ClockworkSouvenir","Strawberry","Bronze Scales","Blood Vial","Calipers","Paper Frog"],"acts_visited":["Exordium","TheCity"],"potions_floor_usage":[10,12,16,24,27],"damage_taken":[{"damage":1,"enemies":"Cultist","floor":1,"turns":4},{"damage":2,"enemies":"Jaw Worm","floor":2,"turns":3},{"damage":0,"enemies":"2 Louse","floor":4,"turns":5},{"damage":27,"enemies":"Gremlin Nob","floor":7,"turns":4},{"damage":20,"enemies":"Lagavulin","floor":10,"turns":7},{"damage":14,"enemies":"Exordium Thugs","floor":12,"turns":5},{"damage":9,"enemies":"Looter","floor":13,"turns":4},{"damage":19,"enemies":"Exordium Wildlife","floor":14,"turns":5},{"damage":25,"enemies":"Slime Boss","floor":16,"turns":10},{"damage":2,"enemies":"Chosen","floor":18,"turns":5},{"damage":0,"enemies":"3 Byrds","floor":21,"turns":7},{"damage":46,"enemies":"Slavers","floor":24,"turns":7},{"damage":12,"enemies":"Gremlin Leader","floor":27,"turns":7},{"damage":0,"enemies":"Shelled Parasite and Fungi","floor":28,"turns":7},{"damage":47,"enemies":"Slavers","floor":29,"turns":5},{"damage":5,"enemies":"Cultist and Chosen","floor":30,"turns":7},{"damage":1,"enemies":"Snecko","floor":31,"turns":5},{"damage":75,"enemies":"Automaton","floor":33,"turns":6}],"seed_played":"4040975423461651370","potions_obtained":[{"floor":4,"key":"HeartOfIron"},{"floor":7,"key":"DuplicationPotion"},{"floor":13,"key":"FearPotion"},{"floor":18,"key":"FearPotion"},{"floor":21,"key":"BloodPotion"},{"floor":24,"key":"SpeedPotion"}],"is_trial":false,"path_per_floor":["M","M","?","M","?","R","E","?","T","E","R","M","M","M","R","B",null,"M","?","?","M","$","R","E","?","T","E","M","E","M","M","R","B"],"character_chosen":"IRONCLAD","items_purchased":["ClockworkSouvenir","Dark Embrace"],"campfire_rested":2,"item_purchase_floors":[22,22],"current_hp_per_floor":[76,81,70,79,79,79,61,43,43,32,32,27,27,17,46,27,81,88,88,88,94,94,94,85,43,43,42,50,11,17,27,63,0,0],"gold":504,"neow_bonus":"ONE_RANDOM_RARE_CARD","is_daily":false,"chose_seed":false,"campfire_upgraded":1,"win_rate":0.0,"timestamp":1609153849,"path_taken":["M","M","?","M","?","R","E","?","T","E","R","M","M","M","R","BOSS","M","?","?","?","?","R","E","?","T","E","M","E","M","?","R","BOSS"],"items_purchased_type":["Relic","Card"],"build_version":"2020-12-22","purchased_purges":1,"victory":false,"max_hp_per_floor":[78,81,81,84,84,84,87,87,87,90,90,93,96,99,99,99,99,102,102,102,102,102,102,112,112,112,115,115,115,118,121,121,121,121],"card_choices":[{"not_picked":["Perfected Strike","Wild Strike"],"picked":"Twin Strike","floor":1},{"not_picked":["Wild Strike","Heavy Blade","Spot Weakness"],"picked":"SKIP","floor":2},{"not_picked":["Second Wind","Rage"],"picked":"Iron Wave","floor":4},{"not_picked":["Carnage","Sentinel"],"picked":"Bludgeon","floor":7},{"not_picked":["Cleave","Dropkick"],"picked":"True Grit+1","floor":10},{"not_picked":["Headbutt","Dual Wield+1","Clothesline"],"picked":"SKIP","floor":12},{"not_picked":["Perfected Strike","Second Wind+1","Dark Embrace"],"picked":"SKIP","floor":13},{"not_picked":["Pommel Strike","Twin Strike"],"picked":"Disarm+1","floor":14},{"not_picked":["Double Tap+1","Fiend Fire"],"picked":"Exhume+1","floor":16},{"not_picked":["Cleave","Dual Wield+1"],"picked":"True Grit+1","floor":18},{"not_picked":["Bloodletting+1","Anger"],"picked":"Fire Breathing","floor":21},{"not_picked":["Seeing Red+1","Inflame"],"picked":"Battle Trance+1","floor":24},{"not_picked":["Clothesline","Rage+1"],"picked":"Cleave","floor":27},{"not_picked":["Fiend Fire","Dark Embrace","Clash"],"picked":"SKIP","floor":28},{"not_picked":["Rage+1","Twin Strike"],"picked":"Warcry+1","floor":29},{"not_picked":["Reckless Charge","Clash"],"picked":"Havoc+1","floor":30},{"not_picked":["Fire Breathing+1","Spot Weakness+1"],"picked":"Battle Trance+1","floor":31}],"player_experience":22819,"relics_obtained":[{"floor":7,"key":"Shuriken"},{"floor":9,"key":"Matryoshka"},{"floor":10,"key":"Peace Pipe"},{"floor":24,"key":"Strawberry"},{"floor":26,"key":"Bronze Scales"},{"floor":26,"key":"Blood Vial"},{"floor":27,"key":"Calipers"},{"floor":29,"key":"Paper Frog"}],"event_choices":[{"damage_healed":0,"gold_gain":75,"player_choice":"Gather Gold","damage_taken":11,"max_hp_gain":0,"max_hp_loss":0,"event_name":"World of Goop","floor":3,"gold_loss":0},{"cards_removed":["Strike_R"],"damage_healed":0,"gold_gain":0,"player_choice":"Card Removal","damage_taken":0,"max_hp_gain":0,"max_hp_loss":0,"event_name":"The Cleric","floor":5,"gold_loss":50},{"damage_healed":0,"gold_gain":0,"player_choice":"Success","damage_taken":18,"relics_obtained":["Toxic Egg 2"],"max_hp_gain":0,"max_hp_loss":0,"event_name":"Scrap Ooze","floor":8,"gold_loss":0},{"damage_healed":0,"gold_gain":0,"player_choice":"Read","damage_taken":0,"max_hp_gain":0,"max_hp_loss":0,"event_name":"The Library","floor":19,"gold_loss":0,"cards_obtained":["Metallicize"]},{"cards_removed":["Strike_R"],"damage_healed":0,"gold_gain":0,"player_choice":"Upgrade and Remove","damage_taken":0,"max_hp_gain":0,"max_hp_loss":0,"event_name":"Designer","floor":20,"gold_loss":90,"cards_upgraded":["Strike_R"]},{"damage_healed":0,"gold_gain":360,"player_choice":"GOLD GOLD GOLD GOLD CARD ","damage_taken":42,"max_hp_gain":0,"max_hp_loss":0,"event_name":"Knowing Skull","floor":25,"potions_obtained":[],"gold_loss":0,"cards_obtained":["Dark Shackles"]}],"is_beta":false,"boss_relics":[{"not_picked":["Tiny House","Runic Cube"],"picked":"Velvet Choker"}],"items_purged_floors":[22],"is_endless":false,"potions_floor_spawned":[4,7,13,18,21,24],"killed_by":"Automaton","ascension_level":14}}