{"host":"yer03dsd277nstsn","time":1609129232,"event":{"mods":["BaseMod","Colored Powertips","Minty Spire (QoL Compilation)"],"gold_per_floor":[113,51,51,65,77,112,172,172,172,172,97,114,114,134,134,217,217,228,237,254,273,223,223,233,233,233],"floor_reached":25,"playtime":1824,"items_purged":["Strike_R","Strike_G"],"score":456,"play_id":"e15034c8-4479-4454-9e9a-a9af5dcc63be","local_time":"20201227222032","daily_mods":["Insanity","Chimera","Vintage","Diverse","Heirloom","Flight","Elite Swarm"],"is_ascension_mode":true,"campfire_choices":[{"floor":8.0,"key":"REST"},{"floor":10.0,"key":"REST"},{"floor":15.0,"key":"REST"},{"floor":23,"key":"REST"}],"circlet_count":0,"master_deck":["AscendersBane","Bash","Survivor","Zap","Eruption","Strike_B","Defend_R","Defend_G","Defend_P","Deflect","Bane","Chaos","Dropkick","Deflect","EmptyBody","Power Through","Darkness","Heavy Blade","Anger","Fasting2","SashWhip","Consume","Redo","Thunderclap","Deadly Poison","Flex","Stack","FearNoEvil","Cleave","Backflip","Wild Strike","Flex","Backflip","Stack","Streamline","Thunderclap","Armaments","Sweeping Beam","Leap","Deflect","Infernal Blade","Terror","Crippling Poison","Eviscerate","Carnage","PathToVictory","Backflip","Chill","Dagger Throw","Redo","Dagger Spray","Stack","Flex","Havoc","Catalyst","Scrape","Conclude","Iron Wave","True Grit","MasterReality","DeceiveReality","Seek+1","Hologram+1"],"relics":["Cracked Core","Calipers","HornCleat","Happy Flower","Omamori","InkBottle","PreservedInsect","Toxic Egg 2","CeramicFish","Symbiotic Virus","Calling Bell","Smiling Mask","Question Card","Torii","Art of War","Matryoshka","Anchor","Gremlin Horn"],"acts_visited":["Exordium","TheCity"],"potions_floor_usage":[],"damage_taken":[{"damage":2.0,"enemies":"Small Slimes","floor":1.0,"turns":2.0},{"damage":0.0,"enemies":"Jaw Worm","floor":4.0,"turns":3.0},{"damage":0.0,"enemies":"Cultist","floor":5.0,"turns":3.0},{"damage":25.0,"enemies":"Lagavulin","floor":6.0,"turns":5.0},{"damage":19.0,"enemies":"Lagavulin Event","floor":7.0,"turns":5.0},{"damage":5.0,"enemies":"Blue Slaver","floor":12.0,"turns":4.0},{"damage":6.0,"enemies":"Large Slime","floor":14.0,"turns":6.0},{"damage":26.0,"enemies":"The Guardian","floor":16.0,"turns":8.0},{"damage":0.0,"enemies":"2 Thieves","floor":18.0,"turns":4.0},{"damage":8.0,"enemies":"Spheric Guardian","floor":20.0,"turns":3.0},{"damage":21.0,"enemies":"Cultist and Chosen","floor":21.0,"turns":5.0},{"damage":25,"enemies":"Centurion and Healer","floor":24,"turns":7},{"damage":33,"enemies":"Snake Plant","floor":25,"turns":5}],"seed_played":"-4748560684587498474","potions_obtained":[{"floor":4.0,"key":"SteroidPotion"},{"floor":5.0,"key":"AttackPotion"},{"floor":24,"key":"SkillPotion"}],"is_trial":true,"path_per_floor":["M","?","?","M","M","E","?","R","T","R","$","M","$","M","R","B",null,"M","?","M","M","$","R","M","M"],"character_chosen":"DEFECT","items_purchased":[],"campfire_rested":4,"item_purchase_floors":[],"current_hp_per_floor":[62,62,62,62,62,37,18,39,39,60,60,55,55,49,70,44,64,64,64,56,35,35,56,31,0,0],"gold":233,"neow_bonus":"","is_daily":false,"chose_seed":false,"campfire_upgraded":0,"win_rate":0.0,"timestamp":1609129232,"path_taken":["M","?","?","?","M","E","?","R","T","R","$","M","$","M","R","BOSS","M","?","M","M","$","R","M","M"],"items_purchased_type":[],"build_version":"2020-12-22","purchased_purges":2,"victory":false,"max_hp_per_floor":[71,71,71,71,71,71,71,71,71,71,71,71,71,71,71,71,71,71,71,71,71,71,71,71,71,71],"card_choices":[{"not_picked":["Bludgeon","A Thousand Cuts"],"picked":"MasterReality","floor":6.0},{"not_picked":["Blade Dance","Redo"],"picked":"DeceiveReality","floor":7.0},{"not_picked":["Omniscience+1","Unload"],"picked":"Seek+1","floor":16.0}],"player_experience":374102,"relics_obtained":[{"floor":1.0,"key":"HornCleat"},{"floor":4.0,"key":"Happy Flower"},{"floor":5.0,"key":"Omamori"},{"floor":6.0,"key":"InkBottle"},{"floor":7.0,"key":"PreservedInsect"},{"floor":9.0,"key":"Toxic Egg 2"},{"floor":12.0,"key":"CeramicFish"},{"floor":14.0,"key":"Symbiotic Virus"},{"floor":17.0,"key":"Smiling Mask"},{"floor":17.0,"key":"Question Card"},{"floor":17.0,"key":"Torii"},{"floor":18.0,"key":"Art of War"},{"floor":20.0,"key":"Matryoshka"},{"floor":21.0,"key":"Anchor"},{"floor":24,"key":"Gremlin Horn"}],"event_choices":[{"damage_healed":0.0,"max_hp_gain":0.0,"max_hp_loss":0.0,"gold_gain":0.0,"event_name":"World of Goop","player_choice":"Left Gold","floor":2.0,"gold_loss":62.0,"damage_taken":0.0},{"damage_healed":0.0,"max_hp_gain":0.0,"max_hp_loss":0.0,"gold_gain":0.0,"event_name":"Match and Keep!","player_choice":"0 cards matched","floor":3.0,"gold_loss":0.0,"damage_taken":0.0,"cards_obtained":[]},{"damage_healed":0.0,"max_hp_gain":0.0,"max_hp_loss":0.0,"gold_gain":0.0,"event_name":"Dead Adventurer","player_choice":"Searched \u00272\u0027 times","floor":7.0,"gold_loss":0.0,"damage_taken":0.0},{"damage_healed":0.0,"max_hp_gain":0.0,"max_hp_loss":0.0,"gold_gain":0.0,"event_name":"The Library","player_choice":"Read","floor":19.0,"gold_loss":0.0,"damage_taken":0.0,"cards_obtained":["Hologram"]}],"is_beta":false,"boss_relics":[{"not_picked":["FrozenCore","Fusion Hammer"],"picked":"Calling Bell"}],"items_purged_floors":[11,22],"is_endless":true,"potions_floor_spawned":[4,5,7,12,18,21,24],"killed_by":"Snake Plant","ascension_level":20}}