{"host":"2v16lnvmrw72g3x8","time":1609165102,"event":{"mods":["BaseMod","Colored Map","Downfall","Friendly Minions","Minty Spire (QoL Compilation)","StSLib"],"gold_per_floor":[99,114,130,147,55,40,85,99,112,112,112,112,129,279,292,292,292,292],"floor_reached":16,"playtime":916,"items_purged":[],"score":94,"play_id":"6e1e8df5-8d68-4a8f-93cb-f57355c78694","local_time":"20201228221822","is_ascension_mode":false,"campfire_choices":[{"data":"champ:Execute","floor":1,"key":"SMITH"},{"data":"champ:Duel","floor":10,"key":"SMITH"}],"circlet_count":0,"master_deck":["champ:Strike","champ:Strike","champ:Strike","champ:Strike","champ:Defend","champ:Defend","champ:Defend","champ:Defend","champ:Execute+1","champ:Taunt","champ:FocusedBerserking","champ:PerfectForm","champ:Duel+1","champ:RecklessLeap","Slimebound:Icky"],"relics":["champ:ChampionCrown","champ:FightingForDummies"],"acts_visited":["Exordium"],"potions_floor_usage":[9,16],"damage_taken":[{"damage":8,"enemies":"Cultist","floor":2,"turns":3},{"damage":5,"enemies":"2 Louse","floor":3,"turns":2},{"damage":8,"enemies":"Small Slimes","floor":4,"turns":3},{"damage":20,"enemies":"downfall:FleeingMerchant","floor":5,"turns":4},{"damage":10,"enemies":"downfall:FleeingMerchant","floor":6,"turns":4},{"damage":15,"enemies":"Exordium Wildlife","floor":8,"turns":8},{"damage":60,"enemies":"Gremlin Gang","floor":9,"turns":8},{"damage":42,"enemies":"Exordium Thugs","floor":13,"turns":5},{"damage":29,"enemies":"3 Louse","floor":15,"turns":4},{"damage":48,"enemies":"downfall:Defect","floor":16,"turns":5}],"seed_played":"-849435292409974006","potions_obtained":[{"floor":3,"key":"Strength Potion"},{"floor":8,"key":"champ:OpenerPotion"},{"floor":9,"key":"DistilledChaos"},{"floor":13,"key":"PowerPotion"}],"is_trial":false,"path_per_floor":["R","M","M","M","$","$","T","M","M","R","?","?","M","?","M","B"],"character_chosen":"THE_CHAMP","items_purchased":["champ:Duel"],"campfire_rested":0,"item_purchase_floors":[5],"current_hp_per_floor":[99,99,99,96,91,91,91,91,65,65,65,65,48,48,39,0,0,0],"gold":292,"neow_bonus":"TEN_PERCENT_HP_BONUS","is_daily":false,"chose_seed":false,"campfire_upgraded":2,"win_rate":0.0,"timestamp":1609165102,"path_taken":["R","M","M","M","?","$","T","M","M","R","?","?","M","?","M","BOSS"],"items_purchased_type":["Card"],"build_version":"2020-12-22","purchased_purges":0,"victory":false,"max_hp_per_floor":[99,99,99,99,99,99,99,99,99,99,99,99,99,99,99,99,99,99],"card_choices":[{"not_picked":["champ:FalseCounter","champ:AdrenalArmor","champ:GladiatorsShout"],"picked":"SKIP","floor":2},{"not_picked":["champ:FanOfKnives","champ:AdrenalArmor"],"picked":"champ:FocusedBerserking","floor":3},{"not_picked":["champ:FightOn","champ:BerserkerStyle","champ:BerserkersShout"],"picked":"SKIP","floor":4},{"not_picked":["champ:Encircle","champ:GladiatorsShout"],"picked":"champ:PerfectForm","floor":5},{"not_picked":["champ:TornadoPunch","champ:HeartStrike","champ:BringItOn"],"picked":"SKIP","floor":6},{"not_picked":["champ:GutPunch","champ:Shatter"],"picked":"champ:RecklessLeap","floor":8},{"not_picked":["champ:FightOn","champ:Riposte","champ:CrookedStrike"],"picked":"SKIP","floor":9},{"not_picked":["champ:CrookedStrike","champ:HeartStrike","champ:FanOfKnives"],"picked":"SKIP","floor":13},{"not_picked":["champ:Circumvent","champ:DefensiveShout","champ:Backstep"],"picked":"SKIP","floor":15}],"player_experience":269865,"relics_obtained":[{"floor":7,"key":"champ:FightingForDummies"}],"event_choices":[],"is_beta":false,"boss_relics":[],"items_purged_floors":[],"is_endless":false,"potions_floor_spawned":[3,8,9,13],"killed_by":"downfall:Defect","ascension_level":0}}