{"host":"fuszjwm6fqgjjp4d","time":1609162187,"event":{"mods":["BaseMod","Bestiary","Colored Map","DeckTracker","Minty Spire (QoL Compilation)","Permanent Neow","Relic Sorter","Relic Stats","StSLib"],"gold_per_floor":[215,227,302,267,282,314,332,332,332,332,332,350,350,350,350],"floor_reached":14,"playtime":549,"items_purged":[],"score":180,"play_id":"46d92368-fe55-4683-976d-b6b8fa502e15","local_time":"20201228072947","is_ascension_mode":true,"campfire_choices":[{"data":"Footwork","floor":8.0,"key":"SMITH"},{"data":"Footwork","floor":10.0,"key":"SMITH"}],"circlet_count":0,"master_deck":["AscendersBane","Strike_G","Strike_G","Strike_G","Strike_G","Strike_G","Defend_G","Defend_G","Defend_G","Defend_G","Defend_G","Survivor","Neutralize","Backstab","Footwork+1","Backflip","Quick Slash","Footwork+1","Sucker Punch"],"relics":["Ring of the Snake","Dream Catcher","Centennial Puzzle"],"acts_visited":["Exordium"],"potions_floor_usage":[],"damage_taken":[{"damage":0.0,"enemies":"2 Louse","floor":1.0,"turns":4.0},{"damage":2.0,"enemies":"Jaw Worm","floor":2.0,"turns":4.0},{"damage":1.0,"enemies":"Small Slimes","floor":5.0,"turns":5.0},{"damage":6.0,"enemies":"3 Sentries","floor":6.0,"turns":17.0},{"damage":2.0,"enemies":"3 Louse","floor":7.0,"turns":4.0},{"damage":1.0,"enemies":"Exordium Wildlife","floor":12.0,"turns":7.0},{"damage":55,"enemies":"Lagavulin","floor":14,"turns":10}],"seed_played":"7188321548871543201","potions_obtained":[{"floor":2.0,"key":"EssenceOfSteel"},{"floor":6.0,"key":"SneckoOil"},{"floor":7.0,"key":"Block Potion"}],"is_trial":false,"path_per_floor":["M","M","?","?","M","E","M","R","T","R","?","M","?","E"],"character_chosen":"THE_SILENT","items_purchased":[],"campfire_rested":0,"item_purchase_floors":[],"current_hp_per_floor":[59,57,46,62,61,55,53,53,53,53,58,57,57,2,2],"gold":350,"neow_bonus":"HUNDRED_GOLD","is_daily":false,"chose_seed":false,"campfire_upgraded":2,"win_rate":0.0,"timestamp":1609162187,"path_taken":["M","M","?","?","M","E","M","R","T","R","?","M","?","E"],"items_purchased_type":[],"build_version":"2020-12-22","purchased_purges":0,"victory":false,"max_hp_per_floor":[66,66,66,66,66,66,66,66,66,66,71,71,71,71,71],"relic_stats":{"Dream Catcher":0,"Centennial Puzzle":[6],"counters":[7,51],"obtain_stats":[{"Dream Catcher":6,"Centennial Puzzle":9,"Ring of the Snake":0},{"Dream Catcher":4,"Centennial Puzzle":5,"Ring of the Snake":0},{"Dream Catcher":30,"Centennial Puzzle":34,"Ring of the Snake":0}],"Ring of the Snake":[14]},"card_choices":[{"not_picked":["Dagger Throw","Prepared"],"picked":"Backstab","floor":1.0},{"not_picked":["Caltrops","Tactician"],"picked":"Footwork","floor":2.0},{"not_picked":["Poisoned Stab","Dagger Spray"],"picked":"Backflip","floor":5.0},{"not_picked":["Flying Knee","Setup"],"picked":"Quick Slash","floor":6.0},{"not_picked":["Dagger Throw","Sucker Punch"],"picked":"Footwork","floor":7.0},{"not_picked":["Dagger Spray","Riddle With Holes"],"picked":"Sucker Punch","floor":12.0}],"player_experience":1230526,"relics_obtained":[{"floor":6.0,"key":"Dream Catcher"},{"floor":9.0,"key":"Centennial Puzzle"}],"event_choices":[{"damage_healed":0.0,"max_hp_gain":0.0,"max_hp_loss":0.0,"gold_gain":75.0,"event_name":"World of Goop","player_choice":"Gather Gold","floor":3.0,"gold_loss":0.0,"damage_taken":11.0},{"damage_healed":16.0,"max_hp_gain":0.0,"max_hp_loss":0.0,"gold_gain":0.0,"event_name":"The Cleric","player_choice":"Healed","floor":4.0,"gold_loss":35.0,"damage_taken":0.0},{"damage_healed":0.0,"max_hp_gain":5.0,"max_hp_loss":0.0,"gold_gain":0.0,"event_name":"Big Fish","player_choice":"Donut","floor":11.0,"gold_loss":0.0,"damage_taken":0.0},{"damage_healed":0.0,"max_hp_gain":0.0,"max_hp_loss":0.0,"gold_gain":0.0,"event_name":"Liars Game","player_choice":"Ignored","floor":13.0,"gold_loss":0.0,"damage_taken":0.0}],"is_beta":false,"boss_relics":[],"items_purged_floors":[],"is_endless":false,"potions_floor_spawned":[2,6,7],"killed_by":"Lagavulin","ascension_level":20}}