{"host":"0z6l31g9ps0v9zzp","time":1609163149,"event":{"mods":["Act Like it!","BaseMod","CapriCore","Gensokyo","Minty Spire (QoL Compilation)","Remilia£®¿Ÿ√◊¿Ú—«£©","StSLib"],"gold_per_floor":[118,118,118,118,138,138,138,167,167,195,117,42,62,62,62,137,137,306,306,306,306,318,318,318,318,318],"floor_reached":25,"playtime":1098,"items_purged":["Strike_RM"],"score":390,"play_id":"9f2f0b4f-1872-48a7-9cf7-f4f9ef459247","local_time":"20201228214549","daily_mods":["Heirloom","Flight"],"is_ascension_mode":true,"campfire_choices":[{"data":"ScarletShoot","floor":6,"key":"SMITH"},{"data":"1","floor":7,"key":"LIFT"},{"data":"2","floor":15,"key":"LIFT"},{"data":"3","floor":23,"key":"LIFT"},{"data":"QueenOfMidnight","floor":24,"key":"SMITH"}],"circlet_count":0,"master_deck":["AscendersBane","Strike_RM","Strike_RM+1","Strike_RM+1","Defend_RM","Defend_RM","Defend_RM","Defend_RM","RedMoon+1","ScarletShoot+1","QueenOfMidnight+1","TransientEternity"],"relics":["ScarletHat","Girya","Mango","Sundial","Whetstone","Eternal Feather","Letter Opener","APieceOfRedMist","Lantern","Gensokyo:DayTheSeaSplit"],"acts_visited":["Gensokyo:Gensokyo","Gensokyo:Gensokyoer"],"potions_floor_usage":[16,16,25],"damage_taken":[{"damage":0,"enemies":"Gensokyo:2_Kodama","floor":1,"turns":4},{"damage":6,"enemies":"Gensokyo:Gryphon","floor":5,"turns":7},{"damage":13,"enemies":"Gensokyo:Aya","floor":8,"turns":9},{"damage":19,"enemies":"Gensokyo:Mamizou","floor":10,"turns":10},{"damage":0,"enemies":"Gensokyo:3_Fairies","floor":13,"turns":5},{"damage":21,"enemies":"Gensokyo:Yukari","floor":16,"turns":19},{"damage":40,"enemies":"Gensokyo:2_Gloops","floor":18,"turns":7},{"damage":11,"enemies":"Gensokyo:AngelMirror","floor":22,"turns":4},{"damage":60,"enemies":"Gensokyo:Reisen","floor":25,"turns":5}],"seed_played":"-4196894193670861592","potions_obtained":[{"floor":1,"key":"SpeedPotion"},{"floor":10,"key":"Weak Potion"},{"floor":18,"key":"Explosive Potion"}],"is_trial":true,"path_per_floor":["M","?","?","T","M","R","R","E","T","E","COS","$","M","?","R","B",null,"M","?","?","?","M","R","R","E"],"character_chosen":"REMILIA","items_purchased":[],"campfire_rested":0,"item_purchase_floors":[],"current_hp_per_floor":[63,49,49,49,49,49,49,36,36,21,21,21,21,21,27,21,68,29,29,29,29,24,30,36,0,0],"gold":318,"neow_bonus":"","is_daily":false,"chose_seed":false,"campfire_upgraded":2,"win_rate":0.0,"timestamp":1609163149,"path_taken":["M","?","?","?","M","R","R","E","T","E","COS","?","?","?","R","BOSS","M","?","?","?","?","R","R","E"],"items_purchased_type":[],"build_version":"2020-12-22","purchased_purges":1,"victory":false,"max_hp_per_floor":[70,84,84,84,84,84,84,84,84,84,84,84,84,84,84,84,84,84,84,84,84,84,84,84,84,84],"card_choices":[{"not_picked":["MillenniumVampire","CharismaGuard","VampireKiss"],"picked":"SKIP","floor":1},{"not_picked":["VampireSweep","ScarletImprint","VampireClaw"],"picked":"SKIP","floor":5},{"not_picked":["VampireSweep","ScarletImprint","VampireClaw"],"picked":"SKIP","floor":5},{"not_picked":["ScarletGensokyo","BlasphemousPunishment","DevilSight"],"picked":"SKIP","floor":8},{"not_picked":["Maim","UnstableMagic","BloodyCatastrophe"],"picked":"SKIP","floor":10},{"not_picked":["EmergencyRegeneration","NightDance","MillenniumVampire"],"picked":"SKIP","floor":13},{"not_picked":["EquivalentExchange","HellCatastrophe"],"picked":"QueenOfMidnight","floor":16},{"not_picked":["EmergencyRegeneration","DevilSight","VampireKiss"],"picked":"SKIP","floor":18},{"not_picked":["MastersStateliness","RedRainbow","EndlessAdversity"],"picked":"SKIP","floor":22}],"player_experience":345472,"relics_obtained":[{"floor":4,"key":"Sundial"},{"floor":8,"key":"Whetstone"},{"floor":9,"key":"Eternal Feather"},{"floor":10,"key":"Letter Opener"}],"event_choices":[],"is_beta":false,"boss_relics":[{"not_picked":["SacredBark","Snecko Eye"],"picked":"APieceOfRedMist"}],"items_purged_floors":[12],"is_endless":false,"potions_floor_spawned":[1,10,18],"killed_by":"Gensokyo:Reisen","ascension_level":20}}