{"host":"q9718omregw4er46","time":1609182618,"event":{"mods":["BaseMod","Bestiary","Colored Powertips","Minty Spire (QoL Compilation)","Quick Restart","Relic Stats"],"gold_per_floor":[112,112,124,134,145,145,145,145],"floor_reached":7,"playtime":196,"items_purged":[],"score":86,"play_id":"1e7b9de1-9fb2-4f7a-82b3-8a33297fd8fd","local_time":"20201229001018","is_ascension_mode":true,"campfire_choices":[{"data":"Defragment","floor":6,"key":"SMITH"}],"circlet_count":0,"master_deck":["AscendersBane","Strike_B","Strike_B","Strike_B","Strike_B","Defend_B","Defend_B","Defend_B","Defend_B","Zap","Dualcast","Compile Driver","Defragment+1","Capacitor"],"relics":["Cracked Core","Strawberry"],"acts_visited":["Exordium"],"potions_floor_usage":[7],"damage_taken":[{"damage":4,"enemies":"Small Slimes","floor":1,"turns":3},{"damage":1,"enemies":"Cultist","floor":3,"turns":3},{"damage":2,"enemies":"Jaw Worm","floor":4,"turns":4},{"damage":31,"enemies":"Lots of Slimes","floor":5,"turns":6},{"damage":60,"enemies":"Gremlin Nob","floor":7,"turns":4}],"seed_played":"5529409059726318477","potions_obtained":[{"floor":2,"key":"EssenceOfDarkness"},{"floor":2,"key":"FocusPotion"}],"is_trial":false,"path_per_floor":["M","?","M","M","M","R","E"],"character_chosen":"DEFECT","items_purchased":[],"campfire_rested":0,"item_purchase_floors":[],"current_hp_per_floor":[67,67,66,64,33,33,0,0],"gold":145,"neow_bonus":"RANDOM_COMMON_RELIC","is_daily":false,"chose_seed":false,"campfire_upgraded":1,"win_rate":0.0,"timestamp":1609182618,"path_taken":["M","?","M","M","?","R","E"],"items_purchased_type":[],"build_version":"2020-12-22","purchased_purges":0,"victory":false,"max_hp_per_floor":[78,78,78,78,78,78,78,78],"relic_stats":{"counters":[5,20],"obtain_stats":[{"Strawberry":0,"Cracked Core":0},{"Strawberry":0,"Cracked Core":0},{"Strawberry":0,"Cracked Core":0}]},"card_choices":[{"not_picked":["Gash","Hologram"],"picked":"Compile Driver","floor":1},{"not_picked":["Reinforced Body","Gash","Stack"],"picked":"SKIP","floor":3},{"not_picked":["Ball Lightning","White Noise"],"picked":"Defragment","floor":4},{"not_picked":["Steam Power","Beam Cell"],"picked":"Capacitor","floor":5}],"player_experience":1136757,"relics_obtained":[],"event_choices":[{"damage_healed":0,"gold_gain":0,"player_choice":"Got Potions","damage_taken":0,"max_hp_gain":0,"max_hp_loss":0,"event_name":"Lab","floor":2,"gold_loss":0}],"is_beta":false,"boss_relics":[],"items_purged_floors":[],"is_endless":false,"potions_floor_spawned":[4],"killed_by":"Gremlin Nob","ascension_level":20}}