{"host":"kdt6w7ix8lwe69i9","time":1609115800,"event":{"mods":["Arknights The Spire","Bartender","BaseMod","Downfall","Fiend Mod","Jorbs\u0027s Wanderer Trilogy","Minty Spire (QoL Compilation)","Reimu（博丽灵梦）","Robot Space Explorer","StSLib","The Caster","The Cursed","The Disciple","The Dragon Tamer","The Druid","The Elementalist","The Forsaken","The Gatherer","The Judge","The Marked","TheBandit"],"gold_per_floor":[113,123,123,123,298,298,308,308,331,359,375,388,241,241,241,337,337,351,351,365,381,397,397,88,88,168,178,178,205,225,225,225,321,321,341,391,391,444,444,444,478,28,28,47,63,63,83,83,83,83,83],"floor_reached":50,"playtime":4389,"items_purged":[],"score":565,"play_id":"9ad5d438-80c8-4977-88f7-de5a1d8f3517","local_time":"20201227193640","is_ascension_mode":false,"campfire_choices":[{"floor":6,"key":"REST"},{"floor":15,"key":"REST"},{"floor":23,"key":"REST"},{"data":"theMarked:Indomitable","floor":25,"key":"SMITH"},{"floor":32,"key":"REST"},{"floor":40,"key":"REST"},{"floor":49,"key":"REST"}],"circlet_count":0,"master_deck":["theMarked:Strike+1","theMarked:Strike+1","theMarked:Strike+1","theMarked:Strike+1","theMarked:Strike+1","theMarked:Defend+1","theMarked:Defend+1","theMarked:Defend+1","theMarked:Defend+1","theMarked:SoldierOfQuellstein","theMarked:Aftermath","theMarked:ComboAttacks+1","Doubt","theMarked:EmpowerWeapon","theMarked:Indomitable+1","theMarked:ChainLightning","theMarked:Opportunist","theMarked:EmpowerWeapon","theMarked:BanishingStrike","theMarked:SoldierForm+1","theMarked:Static","theMarked:EmpowerWeapon","theMarked:Defy","theMarked:Improvise","theMarked:MagicAdept+1","theMarked:WastefulDefense","theMarked:BanishingWave","theMarked:ReduceFriction","theMarked:EnhanceMovement","theMarked:BanishingWave","theMarked:MuscleMemory","theMarked:MaelstromOfLightning+1","theMarked:GodGivenPower+1","theMarked:ResourceFulStrike+1","Transmutation","Panache","Dark Shackles","theMarked:Electrocute+1","theMarked:SwordAndMagic","theMarked:HeritageOfTheMarked","theMarked:Electrocute+1","theMarked:MuscleMemory"],"relics":["theMarked:BronzeBlade","Pocketwatch","Eternal Feather","Boot","Orichalcum","ats:Originium","theMarked:SpiritSword","Nloth\u0027s Gift","Mango","Meat on the Bone","ats:Originium","Oddly Smooth Stone","Lizard Tail","StoneCalendar","ats:Originium","Bag of Marbles","White Beast Statue","Strawberry","Letter Opener"],"acts_visited":["Exordium","TheCity","TheBeyond"],"potions_floor_usage":[7,12,16,18,27,29,38,38,45,50,50],"damage_taken":[{"damage":0,"enemies":"Cultist","floor":1,"turns":3},{"damage":7,"enemies":"2 Louse","floor":2,"turns":3},{"damage":0,"enemies":"Jaw Worm","floor":7,"turns":2},{"damage":13,"enemies":"Gremlin Nob","floor":10,"turns":3},{"damage":11,"enemies":"Red Slaver","floor":11,"turns":3},{"damage":0,"enemies":"Lots of Slimes","floor":12,"turns":2},{"damage":54,"enemies":"The Guardian","floor":16,"turns":9},{"damage":14,"enemies":"2 Thieves","floor":18,"turns":4},{"damage":0,"enemies":"Spheric Guardian","floor":20,"turns":2},{"damage":31,"enemies":"Centurion and Healer","floor":21,"turns":6},{"damage":18,"enemies":"Sentry and Sphere","floor":22,"turns":4},{"damage":4,"enemies":"Cultist and Chosen","floor":27,"turns":4},{"damage":48,"enemies":"Slavers","floor":29,"turns":5},{"damage":11,"enemies":"Snecko","floor":30,"turns":4},{"damage":49,"enemies":"Collector","floor":33,"turns":8},{"damage":13,"enemies":"Orb Walker","floor":35,"turns":3},{"damage":40,"enemies":"Mind Bloom Boss Battle","floor":36,"turns":6},{"damage":77,"enemies":"2 Orb Walkers","floor":38,"turns":5},{"damage":50,"enemies":"Giant Head","floor":41,"turns":7},{"damage":11,"enemies":"3 Shapes","floor":44,"turns":3},{"damage":27,"enemies":"3 Darklings","floor":45,"turns":3},{"damage":10,"enemies":"Spire Growth","floor":47,"turns":3},{"damage":103,"enemies":"Awakened One","floor":50,"turns":7}],"seed_played":"688484669640877096","potions_obtained":[{"floor":2,"key":"Fire Potion"},{"floor":10,"key":"AttackPotion"},{"floor":11,"key":"Explosive Potion"},{"floor":16,"key":"Explosive Potion"},{"floor":20,"key":"FearPotion"},{"floor":22,"key":"hexamod:EctoCoolerPotion"},{"floor":33,"key":"Strength Potion"},{"floor":35,"key":"GamblersBrew"},{"floor":44,"key":"LiquidBronze"},{"floor":45,"key":"sneckomod:MuddlingPotion"},{"floor":47,"key":"Weak Potion"}],"is_trial":false,"path_per_floor":["M","M","?","?","?","R","M","T","T","E","M","M","$","?","R","B",null,"M","?","M","M","M","R","$","R","T","M","?","E","M","?","R","B",null,"M","?","T","?","?","R","E","$","T","M","M","?","M","$","R","B"],"character_chosen":"THE_DEFAULT","items_purchased":["Orrery","Mango","White Beast Statue","Strawberry","theMarked:SwordAndMagic"],"campfire_rested":6,"item_purchase_floors":[13,24,42,42,42],"current_hp_per_floor":[49,42,42,28,28,49,49,49,49,36,25,25,25,25,58,4,70,56,56,56,25,7,43,57,72,72,68,52,16,17,17,61,24,89,76,48,48,28,18,65,27,34,34,35,20,20,22,22,74,0,0],"gold":83,"neow_bonus":"ONE_RARE_RELIC","is_daily":false,"chose_seed":false,"campfire_upgraded":1,"win_rate":0.0,"timestamp":1609115800,"path_taken":["M","M","?","?","?","R","M","?","T","E","M","?","?","?","R","BOSS","M","?","M","M","?","R","$","R","T","M","?","E","M","?","R","BOSS","M","?","?","?","?","R","E","?","T","?","M","?","M","$","R","BOSS"],"items_purchased_type":["Relic","Relic","Relic","Relic","Card"],"build_version":"2020-12-22","purchased_purges":0,"victory":false,"max_hp_per_floor":[70,70,70,70,70,70,70,70,70,70,70,70,70,70,70,70,70,70,70,70,70,70,70,84,84,84,84,89,89,89,89,89,89,89,89,89,89,89,89,89,89,96,96,96,96,96,96,96,96,96,96],"card_choices":[{"not_picked":["theMarked:RepellingDischarge","theMarked:TakeCover"],"picked":"theMarked:Aftermath","floor":1},{"not_picked":["theMarked:Opportunist","theMarked:ReduceFriction"],"picked":"theMarked:ComboAttacks","floor":2},{"not_picked":["theMarked:StartUp","theMarked:ElectricStrings"],"picked":"theMarked:EmpowerWeapon","floor":7},{"not_picked":["theMarked:ResourceFulStrike","theMarked:Static"],"picked":"theMarked:Indomitable","floor":10},{"not_picked":["theMarked:EmpowerWeapon","theMarked:ChannelForce"],"picked":"theMarked:ChainLightning","floor":11},{"not_picked":["theMarked:EmpowerWeapon","theMarked:PowerFlow"],"picked":"theMarked:Opportunist","floor":12},{"not_picked":["theMarked:Opportunist","theMarked:Parkour"],"picked":"theMarked:EmpowerWeapon","floor":13},{"not_picked":["theMarked:ChannelForce","theMarked:Frustration"],"picked":"theMarked:BanishingStrike","floor":13},{"not_picked":["theMarked:KeepCalmAndFightOn","theMarked:EnhancedHearing"],"picked":"theMarked:SoldierForm","floor":13},{"not_picked":["theMarked:Convert","theMarked:Electrocute"],"picked":"theMarked:Static","floor":13},{"not_picked":["theMarked:EnhanceMovement","theMarked:Seal"],"picked":"theMarked:EmpowerWeapon","floor":13},{"not_picked":["theMarked:TurnInvisible","theMarked:UnarmedFury"],"picked":"theMarked:Defy","floor":16},{"not_picked":["theMarked:Convert+1","theMarked:HeightenedSenses"],"picked":"theMarked:Improvise","floor":18},{"not_picked":["theMarked:TwofoldDefense","theMarked:Parkour"],"picked":"theMarked:MagicAdept+1","floor":20},{"not_picked":["theMarked:Electrocute","theMarked:Seal+1"],"picked":"theMarked:WastefulDefense","floor":21},{"not_picked":["theMarked:TunnelVision","theMarked:WastefulDefense"],"picked":"theMarked:BanishingWave","floor":22},{"not_picked":["theMarked:Static","theMarked:ElectricStrings"],"picked":"theMarked:ReduceFriction","floor":27},{"not_picked":["theMarked:LightningStrikesTwice+1","theMarked:HeightenedSenses"],"picked":"theMarked:EnhanceMovement","floor":29},{"not_picked":["theMarked:TunnelVision","theMarked:RepellingDischarge"],"picked":"theMarked:BanishingWave","floor":30},{"not_picked":["theMarked:Challenge","theMarked:Snap"],"picked":"theMarked:MuscleMemory","floor":33},{"not_picked":["theMarked:TwofoldDefense","theMarked:BanishingStrike"],"picked":"theMarked:MaelstromOfLightning+1","floor":35},{"not_picked":["theMarked:RepellingDischarge+1","theMarked:TwofoldDefense"],"picked":"theMarked:GodGivenPower+1","floor":36},{"not_picked":["theMarked:TwofoldDefense+1","theMarked:Panic+1"],"picked":"theMarked:ResourceFulStrike+1","floor":38},{"not_picked":["expansioncontent:QuickStudy","Mind Blast"],"picked":"Transmutation","floor":39},{"not_picked":["Magnetism","expansioncontent:Hexaburn"],"picked":"Panache","floor":39},{"not_picked":["The Bomb","Thinking Ahead"],"picked":"Dark Shackles","floor":39},{"not_picked":["theMarked:ChannelForce","theMarked:ReduceFriction+1"],"picked":"theMarked:Electrocute+1","floor":41},{"not_picked":["theMarked:BanishingStrike","theMarked:ResourceFulStrike+1"],"picked":"theMarked:HeritageOfTheMarked","floor":44},{"not_picked":["theMarked:Static+1","theMarked:Polarize+1"],"picked":"theMarked:Electrocute+1","floor":45},{"not_picked":["theMarked:Parkour","theMarked:ElectricStrings"],"picked":"theMarked:MuscleMemory","floor":47}],"player_experience":1625999,"relics_obtained":[{"floor":8,"key":"Eternal Feather"},{"floor":9,"key":"Boot"},{"floor":10,"key":"Orichalcum"},{"floor":10,"key":"ats:Originium"},{"floor":26,"key":"Meat on the Bone"},{"floor":29,"key":"ats:Originium"},{"floor":29,"key":"Oddly Smooth Stone"},{"floor":36,"key":"Lizard Tail"},{"floor":38,"key":"StoneCalendar"},{"floor":41,"key":"ats:Originium"},{"floor":41,"key":"Bag of Marbles"},{"floor":43,"key":"Letter Opener"}],"event_choices":[{"damage_healed":0,"gold_gain":0,"player_choice":"Entered Light","damage_taken":14,"max_hp_gain":0,"max_hp_loss":0,"event_name":"Shining Light","floor":4,"gold_loss":0,"cards_upgraded":["theMarked:ComboAttacks","theMarked:Strike"]},{"damage_healed":0,"gold_gain":175,"player_choice":"AGREE","damage_taken":0,"max_hp_gain":0,"max_hp_loss":0,"event_name":"Liars Game","floor":5,"gold_loss":0,"cards_obtained":["Doubt"]},{"damage_healed":0,"gold_gain":0,"player_choice":"Upgraded","damage_taken":0,"max_hp_gain":0,"max_hp_loss":0,"event_name":"Upgrade Shrine","floor":14,"gold_loss":0,"cards_upgraded":["theMarked:SoldierForm"]},{"damage_healed":0,"gold_gain":0,"player_choice":"Traded Relic","damage_taken":0,"relics_obtained":["Nloth\u0027s Gift"],"max_hp_gain":0,"max_hp_loss":0,"event_name":"N\u0027loth","floor":19,"relics_lost":["Orrery"],"gold_loss":0},{"damage_healed":0,"gold_gain":0,"player_choice":"Shed Blood","damage_taken":21,"max_hp_gain":5,"max_hp_loss":0,"event_name":"Forgotten Altar","floor":28,"gold_loss":0},{"damage_healed":0,"gold_gain":0,"player_choice":"Simplicity","damage_taken":0,"max_hp_gain":0,"max_hp_loss":0,"event_name":"Back to Basics","floor":31,"gold_loss":0,"cards_upgraded":["theMarked:Strike","theMarked:Strike","theMarked:Strike","theMarked:Strike","theMarked:Defend","theMarked:Defend","theMarked:Defend","theMarked:Defend"]},{"damage_healed":0,"gold_gain":0,"player_choice":"Fight","damage_taken":0,"max_hp_gain":0,"max_hp_loss":0,"event_name":"MindBloom","floor":36,"gold_loss":0},{"damage_healed":0,"gold_gain":0,"player_choice":"Fight","damage_taken":0,"max_hp_gain":0,"max_hp_loss":0,"event_name":"Mysterious Sphere","floor":38,"gold_loss":0},{"damage_healed":0,"gold_gain":0,"player_choice":"Memory 3","damage_taken":10,"max_hp_gain":0,"max_hp_loss":0,"event_name":"SensoryStone","floor":39,"gold_loss":0}],"is_beta":false,"boss_relics":[{"not_picked":["SacredBark","Fusion Hammer"],"picked":"theMarked:SpiritSword"},{"not_picked":["Black Star","Runic Dome"],"picked":"theMarked:BronzeBlade"}],"items_purged_floors":[],"is_endless":false,"potions_floor_spawned":[2,10,11,16,20,22,33,35,44,45,47],"killed_by":"Awakened One","ascension_level":0}}