{"host":"7vidw0fny0glz923","time":1609185772,"event":{"mods":["ATMod(°¢èªMod)","Act Like it!","BaseMod","Challenge The Spire","Downfall","Friendly Minions","HololiveMod","KinomotoSakuraMod(Ä¾Ö®±¾Ó£)","Kiyohime£¨Çå¼§£©","KomeijiMod","Lobotomy","LobotomyExtend","Marisa£¨ìFÓê¡¡Ä§ÀíÉ³£©","Minty Spire (QoL Compilation)","MostiFishMod","Pale of the Ancients","READ ME - Guardian Mod","Reimu£¨²©ÀöÁéÃÎ£©","Remilia£¨ÀÙÃ×ÀòÑÇ£©","Replay The Spire","RumiaBox-Â¶Ã×æ«µÄÉñÃØºÐ×Ó","Shop Mod","StSLib","TestMod","The Cursed","The Hierophant","The Jungle","The Poker Player","The Servant 0.9.4","Yakumo Yukari mod","Youmu£¨»êÆÇÑýÃÎ£©","[µØ¾«Ê×ÁìÅÀËþ]The Maniac","¡¾ÒÅÎï¿¨ÅÆ¡¿REMEMod"],"gold_per_floor":[114,164,184,184,194,225,225,250,250,250,263,263,277,297,297,378,378,389,407,427,185,185,209,228,245,245,271,271,171,190,206,206,283,283,301,301,311,328,343,376,376,251,274,306,320,320,170,189,189,189],"floor_reached":51,"playtime":2534,"items_purged":["Strike_P","Defend_P","Defend_P","Strike_P"],"score":1930,"play_id":"408ce511-e51b-43df-8ca7-db499d82e2b8","local_time":"20201228200252","is_ascension_mode":true,"campfire_choices":[{"data":"Eruption","floor":7,"key":"SMITH"},{"data":"TerribleSouvenir","floor":12,"key":"SMITH"},{"data":"AT_ChampionKick","floor":28,"key":"SMITH"},{"data":"Wallop","floor":32,"key":"SMITH"},{"floor":41,"key":"RECALL"},{"data":"CutThroughFate","floor":46,"key":"SMITH"},{"floor":49,"key":"REST"}],"circlet_count":0,"master_deck":["AscendersBane","Strike_P+1","Defend_P+1","Defend_P+1","Eruption+1","Vigilance","AT_FamilyPortrait+1","TerribleSouvenir+1","testmod-BloodBlade+1","QueenBee","Evaluate+1","CutThroughFate+1","SnowQueen","HappyTeddy","Wallop+1","DespairKnight","Tantrum+1","AT_ChampionKick+1","CutThroughFate+1","BowlingBash","BattleHymn","LessonLearned+1","BlackArmy","Protect+1","BlueStar"],"relics":["PureWater","testmod-TestBox","DaveBox","REME_ComplimentaryCards","AT_ATBox","EGODaCapo","CogitoBucket","RabbitCall","SynthV:TestCard","LetterFromLob","AT_BladeRuinedKing","Calipers","Hololive_LightStick","AT_SilvercatRing","ThirstyCross","BehaviorAdjustment","EasyGame_NEW","AspirationHeart","testmod-Charity","CultistMask","Akabeko","Pear","SkinProphecy","RedMistMask","Philosopher\u0027s Stone","ZombieArmy","Ccalipers","SSSystem"],"acts_visited":["Exordium","TheCity","TheBeyond"],"potions_floor_usage":[23,50,50,51],"damage_taken":[{"damage":0,"enemies":"Small Slimes","floor":1,"turns":3},{"damage":0,"enemies":"Cultist","floor":3,"turns":3},{"damage":0,"enemies":"Jaw Worm","floor":5,"turns":3},{"damage":0,"enemies":"Gremlin Nob","floor":6,"turns":2},{"damage":3,"enemies":"Lagavulin","floor":8,"turns":4},{"damage":0,"enemies":"2 Fungi Beasts","floor":11,"turns":3},{"damage":0,"enemies":"Exordium Thugs","floor":13,"turns":2},{"damage":0,"enemies":"Red Slaver","floor":14,"turns":2},{"damage":2,"enemies":"The Guardian","floor":16,"turns":4},{"damage":0,"enemies":"Chosen","floor":18,"turns":3},{"damage":0,"enemies":"Spheric Guardian","floor":19,"turns":4},{"damage":0,"enemies":"Snake Plant","floor":20,"turns":2},{"damage":0,"enemies":"Slavers","floor":23,"turns":2},{"damage":0,"enemies":"Cultist and Chosen","floor":24,"turns":3},{"damage":0,"enemies":"Snecko","floor":25,"turns":2},{"damage":0,"enemies":"Book of Stabbing","floor":27,"turns":2},{"damage":0,"enemies":"Shelled Parasite and Fungi","floor":30,"turns":5},{"damage":0,"enemies":"Centurion and Healer","floor":31,"turns":3},{"damage":0,"enemies":"Automaton","floor":33,"turns":4},{"damage":0,"enemies":"3 Shapes","floor":35,"turns":1},{"damage":0,"enemies":"3 Darklings","floor":37,"turns":2},{"damage":0,"enemies":"Jaw Worm Horde","floor":38,"turns":2},{"damage":12,"enemies":"Writhing Mass","floor":39,"turns":2},{"damage":0,"enemies":"R_Hoarder","floor":40,"turns":3},{"damage":0,"enemies":"Nemesis","floor":44,"turns":3},{"damage":0,"enemies":"4 Shapes","floor":45,"turns":3},{"damage":0,"enemies":"Transient","floor":48,"turns":3},{"damage":72,"enemies":"FixerMidnight","floor":50,"turns":4},{"damage":0,"enemies":"Malkuth","floor":51,"turns":5},{"damage":0,"enemies":"Yesod","floor":51,"turns":3},{"damage":0,"enemies":"Chesed","floor":51,"turns":4},{"damage":0,"enemies":"Hokma","floor":51,"turns":5},{"damage":0,"enemies":"Angela","floor":51,"turns":6}],"seed_played":"7221193214395130683","potions_obtained":[{"floor":5,"key":"AttackPotion"},{"floor":6,"key":"Block Potion"},{"floor":27,"key":"SteroidPotion"},{"floor":39,"key":"Ancient Potion"}],"is_trial":false,"path_per_floor":["M","?","M","?","M","E","R","E","T","?","M","R","M","M","R","B",null,"M","M","M","$","?","E","M","M","T","E","R","$","M","M","R","B",null,"M","?","M","M","M","E","R","$","T","E","M","R","$","M","R","B",null],"character_chosen":"WATCHER","items_purchased":["testmod-Charity"],"campfire_rested":1,"item_purchase_floors":[21],"current_hp_per_floor":[61,61,61,50,50,50,50,47,47,47,47,47,47,47,67,65,67,68,78,78,78,78,79,80,81,81,92,92,92,93,90,90,87,96,93,93,90,87,73,71,71,71,72,73,70,70,70,69,106,31],"gold":189,"neow_bonus":"","is_daily":false,"chose_seed":false,"campfire_upgraded":5,"win_rate":0.0,"timestamp":1609185772,"path_taken":["M","?","?","?","M","E","R","E","T","?","M","R","M","M","R","BOSS","M","M","M","$","?","E","M","M","T","E","R","?","?","M","R","BOSS","M","?","M","?","M","E","R","?","T","E","M","R","$","M","R","BOSS"],"items_purchased_type":["Relic"],"build_version":"2020-12-22","purchased_purges":4,"victory":true,"max_hp_per_floor":[68,68,68,68,68,68,68,68,68,68,68,68,68,68,68,68,68,68,78,78,78,78,79,80,81,81,92,92,92,93,96,96,99,99,102,102,105,108,111,114,114,114,115,120,123,123,123,126,126,128],"card_choices":[{"not_picked":["Scorched","Murderer"],"picked":"QueenBee","floor":1},{"not_picked":["Nirvana","Consecrate"],"picked":"Evaluate","floor":1},{"not_picked":["VoidDream","WallGazer","ShyLook"],"picked":"Singing Bowl","floor":3},{"not_picked":["Worship","PathToVictory","FollowUp","REME_Repentance"],"picked":"CutThroughFate","floor":3},{"not_picked":["OldLady","LaLuna"],"picked":"SnowQueen","floor":5},{"not_picked":["FlurryOfBlows","Prostrate","Protect","Swivel","WaveOfTheHand"],"picked":"SKIP","floor":5},{"not_picked":["Murderer","OSAHOGD","FairyFestival"],"picked":"Singing Bowl","floor":6},{"not_picked":["Meditate","Evaluate","AT_ChampionStep","FearNoEvil","Collect"],"picked":"SKIP","floor":6},{"not_picked":["NakedNest","Wellcheers"],"picked":"HappyTeddy","floor":8},{"not_picked":["DevaForm","AT_ChampionStep","Wireheading","Vengeance"],"picked":"Wallop","floor":8},{"not_picked":["Scarecrow","SpiderBud"],"picked":"DespairKnight","floor":11},{"not_picked":["Evaluate","Consecrate","InnerPeace","Replay:AtTheReady"],"picked":"Tantrum","floor":11},{"not_picked":["UniverseFragment","Variant","Bloodbath"],"picked":"Singing Bowl","floor":13},{"not_picked":["Evaluate","AT_RealFormLess","Prostrate","FlyingSleeves","Replay:Anticipation"],"picked":"SKIP","floor":13},{"not_picked":["FairyFestival","BigBadWolf","Funeral"],"picked":"Singing Bowl","floor":14},{"not_picked":["Evaluate","DeceiveReality","Protect","Worship","REME_MusicOfDeath"],"picked":"SKIP","floor":14},{"not_picked":["Laetitia","NakedNest","CrumblingArmor"],"picked":"Singing Bowl","floor":16},{"not_picked":["MostiFishMod:OutWit","Ragnarok","ConjureBlade","Blasphemy"],"picked":"AT_ChampionKick","floor":16},{"not_picked":["MeatLantern","SpiderBud","OSAHOGD"],"picked":"Singing Bowl","floor":18},{"not_picked":["CrushJoints","Replay:ManipulateFuture","PathToVictory","Crescendo"],"picked":"CutThroughFate","floor":18},{"not_picked":["Wellcheers","Scarecrow","BeautyBeast"],"picked":"Singing Bowl","floor":19},{"not_picked":["EmptyFist","ThirdEye","MostiFishMod:DustFall","Weave+1","Replay:BluntJabs"],"picked":"SKIP","floor":19},{"not_picked":["RedShoes","MHz","CherryBlossoms"],"picked":"Singing Bowl","floor":20},{"not_picked":["Replay:ManipulateFuture","SashWhip","EmptyMind+1","FlyingSleeves","Adaptation"],"picked":"SKIP","floor":20},{"not_picked":["VoidDream","BeautyBeast","CrumblingArmor"],"picked":"Singing Bowl","floor":23},{"not_picked":["Replay:Hum","Tantrum","AT_RealColorLess","ReachHeaven+1"],"picked":"BowlingBash","floor":23},{"not_picked":["Yin","PunishingBird","LittlePrince"],"picked":"Singing Bowl","floor":24},{"not_picked":["EmptyBody","CutThroughFate","Halt","MostiFishMod:Nomercy","FollowUp"],"picked":"SKIP","floor":24},{"not_picked":["FieryBird","WallGazer","SingingMachine"],"picked":"Singing Bowl","floor":25},{"not_picked":["JustLucky","CutThroughFate","SignatureMove","Halt","Protect+1"],"picked":"SKIP","floor":25},{"not_picked":["FieryBird","BeautyBeast","MHz"],"picked":"Singing Bowl","floor":27},{"not_picked":["Crescendo","REME_Repentance","Replay:ManipulateFuture","Wireheading","FlyingSleeves"],"picked":"SKIP","floor":27},{"not_picked":["UniverseFragment","BigBadWolf","LaLuna"],"picked":"Singing Bowl","floor":30},{"not_picked":["JustLucky+1","MostiFishMod:PathToVictory","PathToVictory","REME_Repentance","Crescendo+1"],"picked":"SKIP","floor":30},{"not_picked":["Alriune","WhiteNight","CrumblingArmor"],"picked":"Singing Bowl","floor":31},{"not_picked":["Halt","Protect","BowlingBash","SashWhip"],"picked":"BattleHymn","floor":31},{"not_picked":["BodiesMountain","CENSORED","WallGazer"],"picked":"Singing Bowl","floor":33},{"not_picked":["ConjureBlade","MostiFishMod:CyberBuddha","Ragnarok","MostiFishMod:OutWit"],"picked":"LessonLearned","floor":33},{"not_picked":["ShyLook","SpiderBud","BodiesMountain"],"picked":"Singing Bowl","floor":35},{"not_picked":["WhitesApple","Bloodbath"],"picked":"BlackArmy","floor":35},{"not_picked":["WaveOfTheHand","FlyingSleeves","AT_RealFormLess","BowlingBash+1","FollowUp"],"picked":"SKIP","floor":35},{"not_picked":["CherryBlossoms","Scarecrow","LittlePrince"],"picked":"Singing Bowl","floor":37},{"not_picked":["CrushJoints+1","Worship","EmptyBody","REME_Repentance","AT_ChampionStep"],"picked":"SKIP","floor":37},{"not_picked":["Murderer","Bloodbath","Wellcheers"],"picked":"Singing Bowl","floor":38},{"not_picked":["Fasting2","Sanctity","MostiFishMod:PathToVictory+1","Replay:BluntJabs"],"picked":"Protect+1","floor":38},{"not_picked":["GreedKing","SpiderBud","Laetitia"],"picked":"Singing Bowl","floor":39},{"not_picked":["Consecrate","AT_DivineConfetti","Fasting2","Prostrate","JustLucky"],"picked":"SKIP","floor":39},{"not_picked":["Scorched","Funeral","BodiesMountain"],"picked":"Singing Bowl","floor":40},{"not_picked":["Replay:Hum+1","EmptyBody+1","Conclude","JustLucky","SignatureMove"],"picked":"SKIP","floor":40},{"not_picked":["RedShoes","SilentOrchestra","GreedKing"],"picked":"Singing Bowl","floor":44},{"not_picked":["Replay:ManipulateFuture","Vault","Evaluate","Replay:Anticipation","WindmillStrike"],"picked":"SKIP","floor":44},{"not_picked":["LittlePrince","NakedNest","RedShoes"],"picked":"Singing Bowl","floor":45},{"not_picked":["JustLucky","REME_Repentance","Consecrate+1","AT_OneInchPunch","FollowUp"],"picked":"SKIP","floor":45},{"not_picked":["Murderer","Funeral"],"picked":"BlueStar","floor":48},{"not_picked":["Replay:DivineShield","MostiFishMod:KamiSmash","AT_OneInchPunch","Tantrum","Evaluate+1"],"picked":"SKIP","floor":48}],"player_experience":911202,"relics_obtained":[{"floor":1,"key":"SynthV:TestCard"},{"floor":1,"key":"LetterFromLob"},{"floor":6,"key":"Calipers"},{"floor":8,"key":"Hololive_LightStick"},{"floor":9,"key":"AT_SilvercatRing"},{"floor":23,"key":"Akabeko"},{"floor":27,"key":"Pear"},{"floor":33,"key":"RedMistMask"},{"floor":40,"key":"ZombieArmy"},{"floor":43,"key":"Ccalipers"},{"floor":44,"key":"SSSystem"}],"event_choices":[{"damage_healed":0,"gold_gain":50,"player_choice":"Pray","damage_taken":0,"max_hp_gain":0,"max_hp_loss":0,"event_name":"Golden Shrine","floor":2,"gold_loss":0},{"damage_healed":0,"gold_gain":0,"player_choice":"Success","damage_taken":11,"relics_obtained":["AT_BladeRuinedKing"],"max_hp_gain":0,"max_hp_loss":0,"event_name":"Scrap Ooze","floor":4,"gold_loss":0},{"damage_healed":0,"gold_gain":0,"player_choice":"Trade","damage_taken":0,"relics_obtained":["CultistMask"],"max_hp_gain":0,"max_hp_loss":0,"event_name":"FaceTrader","floor":22,"gold_loss":0},{"cards_removed":["Strike_P"],"damage_healed":0,"gold_gain":0,"player_choice":"Purged","damage_taken":0,"max_hp_gain":0,"max_hp_loss":0,"event_name":"Purifier","floor":36,"gold_loss":0}],"is_beta":false,"boss_relics":[{"not_picked":["SacredBark","testmod-KeyOfTheVoid"],"picked":"EasyGame_NEW"},{"not_picked":["Abe\u0027s Treasure","testmod-StringDisintegrator"],"picked":"Philosopher\u0027s Stone"}],"items_purged_floors":[21,29,42,47],"is_endless":false,"potions_floor_spawned":[5,6,11,13,14,19,27,31,33,35,38,39,48],"ascension_level":19}}