{"host":"UwU","time":1609160010,"event":{"mods":["AchievementEnabler","Act Like it!","Aspiration","Bard","BaseMod","Beaked The Cultist","Better Altar","Better Match","Better Note","Better Sensory Stone","Better Skull","Better Third Choice","BetterRewards","CCEM","Clawfect","Colored Map","Conspire","Downfall","GifTheSpireLib","Googly Eyes","Halation","Hallownest","Hermit","Highlight Path","Hubris","Hunter ??","Infinite Spire","Jedi Mod","Jorbs\u0027s Wanderer Trilogy","Mad Scientist","Marisa????????","Mimic Mod","Minty Spire (QoL Compilation)","Permanent Neow","Replay The Spire","Shade Mod","Shop Mod","Spicy Shops","StSLib","Stuff the Spire","The Administrix","The Blackbeard","The Bug Knight","The Construct","The Cursed","The Disciple","The Gatherer","The Hierophant","The Jungle","The Mystic","The Necromancer","The Problem Sleuth","The Runesmith","The Servant 0.9.4","The Spell Scribe","The Witch","Unceasing Turn Reminder","everything is the same but u backflip on backflip","slay the spire mod where everything is the same but ironclad has a cowboy hat"],"gold_per_floor":[119,119,133,152,169,204,204,231,255,286,286,0,13,23,23,119,119,134,134,134,147,147,147,147],"floor_reached":23,"playtime":1330,"items_purged":[],"score":236,"play_id":"a6f6104d-5571-448d-8dd7-dbb35b5cf795","local_time":"20201228075330","is_ascension_mode":false,"campfire_choices":[{"data":"jedi:fear","floor":11,"key":"SMITH"},{"data":"Infernal Blade","floor":15,"key":"SMITH"}],"circlet_count":0,"master_deck":["Strike_R","Strike_R","Strike_R","Strike_R","Defend_R","Defend_R","Defend_R","Defend_R","Bash","Armaments","Twin Strike","StuffTheSpire:BloodClot+1","Flex","True Grit","jedi:fear+1","Immolate+1","Heavy Blade","Anger","Infernal Blade+1","jedi:fear","Juggernaut","StuffTheSpire:Slingshot+1","RitualDagger+1"],"relics":["Burning Blood","Darkstone Periapt","infinitespire:FocusingShard","jedi:arcanewood","infinitespire:Lucky Rock","StuffTheSpire:DarkSteelAnvil","Guide Book"],"acts_visited":["Exordium","TheCity"],"potions_floor_usage":[6,8,8,8,16],"damage_taken":[{"damage":7,"enemies":"2 Louse","floor":1,"turns":4},{"damage":0,"enemies":"Jaw Worm","floor":3,"turns":3},{"damage":1,"enemies":"Cultist","floor":4,"turns":3},{"damage":9,"enemies":"2 Fungi Beasts","floor":5,"turns":3},{"damage":36,"enemies":"Gremlin Nob","floor":6,"turns":5},{"damage":13,"enemies":"Replay:BlueRogue","floor":8,"turns":4},{"damage":0,"enemies":"HollowMod:MossKnight","floor":10,"turns":7},{"damage":8,"enemies":"Red Slaver","floor":13,"turns":2},{"damage":10,"enemies":"Looter","floor":14,"turns":2},{"damage":45,"enemies":"Slime Boss","floor":16,"turns":9},{"damage":26,"enemies":"conspire:FuzzyDice","floor":18,"turns":6},{"damage":25,"enemies":"2 Thieves","floor":21,"turns":3},{"damage":42,"enemies":"Slavers","floor":23,"turns":3}],"seed_played":"7362138100205892412","potions_obtained":[{"floor":5,"key":"GamblersBrew"},{"floor":6,"key":"FearPotion"},{"floor":7,"key":"jedi:StrikingPotion"},{"floor":7,"key":"Energy Potion"},{"floor":8,"key":"Elixir"},{"floor":14,"key":"Regen Potion"}],"is_trial":false,"path_per_floor":["M","?","M","M","M","E","?","E","T","E","R","$","M","M","R","B",null,"M","?","AVR","M","?","E"],"character_chosen":"IRONCLAD","items_purchased":["StuffTheSpire:DarkSteelAnvil","Guide Book","Anger"],"campfire_rested":0,"item_purchase_floors":[12,12,12],"current_hp_per_floor":[79,79,80,80,77,47,47,40,40,46,46,46,44,40,40,16,80,60,60,60,41,41,0,0],"gold":147,"neow_bonus":"TRANSFORM_CARD","is_daily":false,"chose_seed":false,"campfire_upgraded":2,"win_rate":0.0,"timestamp":1609160010,"path_taken":["M","?","M","M","M","E","?","E","T","E","R","$","?","M","R","BOSS","M","?","AVR","M","?","E"],"items_purchased_type":["Relic","Relic","Card"],"build_version":"2020-11-17","purchased_purges":0,"victory":false,"max_hp_per_floor":[80,80,80,80,80,80,80,80,80,80,80,80,80,80,80,80,80,80,80,80,80,80,80,80],"card_choices":[{"not_picked":["Body Slam","Sword Boomerang"],"picked":"Twin Strike","floor":1},{"not_picked":["jedi:fear","Evolve"],"picked":"StuffTheSpire:BloodClot","floor":3},{"not_picked":["Thunderclap","StuffTheSpire:Incineration"],"picked":"Flex","floor":4},{"not_picked":["Flex","Body Slam"],"picked":"True Grit","floor":5},{"not_picked":["Ghostly Armor","Sword Boomerang"],"picked":"jedi:fear","floor":6},{"not_picked":["Rampage","jedi:fear"],"picked":"Immolate","floor":8},{"not_picked":["StuffTheSpire:Incineration","Defy Death"],"picked":"Heavy Blade","floor":10},{"not_picked":["Uppercut","Run Through"],"picked":"Infernal Blade","floor":13},{"not_picked":["Anger","Perfected Strike"],"picked":"jedi:fear","floor":14},{"not_picked":["Corruption","Fiend Fire"],"picked":"Juggernaut","floor":16},{"not_picked":["Clash","Body Slam"],"picked":"StuffTheSpire:Slingshot+1","floor":18},{"not_picked":["jedi:fear","infinitespire:OneForAll","Armaments"],"picked":"SKIP","floor":21}],"player_experience":14660,"relics_obtained":[{"floor":6,"key":"Darkstone Periapt"},{"floor":8,"key":"infinitespire:FocusingShard"},{"floor":9,"key":"jedi:arcanewood"},{"floor":10,"key":"infinitespire:Lucky Rock"}],"event_choices":[{"damage_healed":0,"gold_gain":0,"player_choice":"Got Potions","damage_taken":0,"max_hp_gain":0,"max_hp_loss":0,"event_name":"Lab","floor":7,"gold_loss":0},{"damage_healed":0,"gold_gain":0,"player_choice":"Take","damage_taken":0,"max_hp_gain":0,"max_hp_loss":0,"event_name":"betterNote:BetterNote","floor":19,"gold_loss":0,"cards_obtained":["RitualDagger"]}],"is_beta":true,"boss_relics":[{"not_picked":["Replay:Wanted Poster","halation:Yufonium","Cursed Key"]}],"items_purged_floors":[],"is_endless":false,"potions_floor_spawned":[5,6,8,14],"killed_by":"Slavers","ascension_level":0}}