{"host":"fbjkyf8096sobcph","time":1609197053,"event":{"mods":["2.2 Compatiblity","AchievementEnabler","Aspiration","BaseMod","Better Altar","Better Match","Better Note","Better Sensory Stone","Better Skull","Better Third Choice","BetterRewards","CCEM","Clawfect","Colored Map","Conspire","Downfall","GifTheSpireLib","Halation","Highlight Path","Hubris","Infinite Spire","Mimic Mod","Minty Spire (QoL Compilation)","Permanent Neow","Replay The Spire","Shop Mod","Spicy Shops","StSLib","Stuff the Spire","Unceasing Turn Reminder","Waifu the Spire","everything is the same but u backflip on backflip","slay the spire mod where everything is the same but ironclad has a cowboy hat"],"gold_per_floor":[0,20,20,20,43,55,106,118,145,205,230,262,124,46,65,169,169,169,179,197,182,182,282,308,308,322,339,95,106,106,125,135,236,236,236,246,246,246,246,246,295,295,305,305,305,167,283,208,227,227,227,359,18,18,18],"floor_reached":56,"playtime":4447,"items_purged":["Regret"],"score":1115,"play_id":"9d66f16e-411d-4d09-b926-f72e1eab406b","local_time":"20201229001053","is_ascension_mode":false,"campfire_choices":[{"floor":1,"key":"DIG"},{"floor":8,"key":"RECALL"},{"data":"expansioncontent:DashGenerateEvil","floor":13,"key":"SMITH"},{"data":"Regret","floor":18,"key":"PURGE"},{"data":"champ:LastStand","floor":30,"key":"SMITH"},{"data":"champ:Improvising","floor":35,"key":"SMITH"},{"data":"champ:MurderStrike","floor":40,"key":"SMITH"},{"data":"Replay:Fractal Strike","floor":42,"key":"SMITH"},{"data":"champ:CalledShot","floor":48,"key":"SMITH"},{"floor":54,"key":"REST"}],"circlet_count":0,"master_deck":["champ:Strike","champ:Strike","champ:Strike","champ:Strike","champ:Defend+1","champ:Execute","champ:Taunt+1","expansioncontent:DashGenerateEvil+1","champ:CalledShot","champ:GladiatorStyle","champ:GladiatorsShout","champ:Improvising+1","champ:Duel","champ:Haymaker","champ:PreciseThrust","champ:LastStand+1","champ:EndlessRage+1","champ:RapidStrikes+1","champ:ShieldWall+1","champ:StanceDance","champ:PreciseThrust","expansioncontent:DashGenerateEvil+1","champ:CalledShot+1","Seeing Red","champ:MurderStrike+1","champ:TornadoPunch+1","Replay:Fractal Strike+1","Escape Plan","Dodge and Roll","Reflex","champ:Haymaker+1","champ:GladiatorStyle+1","champ:RisingSlash+1","Parasite","champ:ArenaPreparation+1"],"relics":["hubris:RunicObelisk","CCEMRelics:Icicle","WristBlade","Emotion Chip","hubris:AncientText","GoldenEye","hubris:ChampionShield","DollysMirror","StuffTheSpire:ModemDavis","Iron Core","Lizard Tail","Bottled Tornado","Replay:Frozen Program","Ring of the Snake","infinitespire:Chaos","Toolbox","aspiration:PoetsPen_weak","halation:EternalFortune","halation:PromiseList","StuffTheSpire:TintedRock","SlaversCollar","StuffTheSpire:Barrel","Blood Vial","conspire:DeflatedDodgeball","Replay:Rubber Ducky","downfall:HeartBlessingGreen","Vajra","halation:LostSnail","Bottled Flame"],"acts_visited":["Exordium","TheCity","TheBeyond","TheEnding"],"potions_floor_usage":[7,12,16,29],"damage_taken":[{"damage":10,"enemies":"Small Slimes","floor":2,"turns":4},{"damage":14,"enemies":"Jaw Worm","floor":5,"turns":3},{"damage":15,"enemies":"2 Louse","floor":7,"turns":5},{"damage":9,"enemies":"2 Louse","floor":9,"turns":2},{"damage":10,"enemies":"Exordium Thugs","floor":11,"turns":5},{"damage":5,"enemies":"The Mushroom Lair","floor":12,"turns":4},{"damage":12,"enemies":"downfall:FleeingMerchant","floor":14,"turns":4},{"damage":1,"enemies":"Exordium Wildlife","floor":15,"turns":3},{"damage":23,"enemies":"downfall:Ironclad","floor":16,"turns":6},{"damage":24,"enemies":"Chosen","floor":19,"turns":5},{"damage":32,"enemies":"3 Byrds","floor":20,"turns":7},{"damage":9,"enemies":"downfall:FleeingMerchant","floor":21,"turns":4},{"damage":44,"enemies":"downfall:FleeingMerchant","floor":23,"turns":6},{"damage":11,"enemies":"Snecko","floor":26,"turns":3},{"damage":20,"enemies":"Shelled Parasite and Fungi","floor":27,"turns":5},{"damage":9,"enemies":"downfall:FleeingMerchant","floor":28,"turns":4},{"damage":13,"enemies":"Cultist and Chosen","floor":29,"turns":7},{"damage":9,"enemies":"Centurion and Healer","floor":31,"turns":8},{"damage":0,"enemies":"Snecko","floor":32,"turns":4},{"damage":8,"enemies":"downfall:Watcher","floor":33,"turns":8},{"damage":12,"enemies":"3 Darklings","floor":36,"turns":3},{"damage":0,"enemies":"3 Shapes","floor":43,"turns":2},{"damage":0,"enemies":"downfall:FleeingMerchant","floor":46,"turns":3},{"damage":0,"enemies":"R_Hoarder","floor":47,"turns":4},{"damage":13,"enemies":"Writhing Mass","floor":49,"turns":4},{"damage":49,"enemies":"downfall:Silent","floor":50,"turns":5},{"damage":33,"enemies":"downfall:CharBossMerchant","floor":52,"turns":4},{"damage":0,"enemies":"downfall:NeowBoss","floor":55,"turns":1}],"seed_played":"-1012132670855976414","potions_obtained":[{"floor":5,"key":"Fire Potion"},{"floor":9,"key":"Fire Potion"},{"floor":12,"key":"BlessingOfTheForge"},{"floor":16,"key":"SmokeBomb"},{"floor":20,"key":"Flashbang"},{"floor":23,"key":"champ:OpenerPotion"},{"floor":29,"key":"hexamod:EctoCoolerPotion"}],"is_trial":false,"path_per_floor":["R_BF","M","?","?","M","?","MIM","R","M","T","M","?","R","$","M","B",null,"R_BF","M","M","$","?","?","T","?","M","M","$","M","R","M","M","B",null,"R","M","?","?","?","R","T","R","M","?","AVR","$","E","R","M","B",null,"E","$","R","B",null],"character_chosen":"THE_CHAMP","items_purchased":["infinitespire:Chaos","Toolbox","StuffTheSpire:Barrel","Blood Vial","conspire:DeflatedDodgeball","halation:LostSnail","champ:ArenaPreparation+1","Bottled Flame"],"campfire_rested":1,"item_purchase_floors":[28,28,46,46,46,53,53,53],"current_hp_per_floor":[90,85,85,85,76,76,71,71,67,67,62,57,67,60,59,46,100,100,76,52,43,43,100,100,100,100,95,98,90,90,81,81,78,100,100,93,69,69,72,72,72,72,72,72,72,72,103,103,98,51,106,78,78,106,106],"gold":18,"neow_bonus":"RANDOM_COLORLESS_2","is_daily":false,"chose_seed":false,"campfire_upgraded":6,"win_rate":0.0,"timestamp":1609197053,"path_taken":["R_BF","M","?","?","M","?","MIM","R","?","?","M","?","R","?","M","BOSS","R_BF","M","M","$","?","?","T","?","M","M","?","?","R","M","M","BOSS","R","M","?","?","?","R","T","R","?","?","AVR","?","E","R","M","BOSS","E","$","R","BOSS"],"items_purchased_type":["Relic","Relic","Relic","Relic","Relic","Relic","Card","Relic"],"build_version":"2020-12-22","purchased_purges":1,"victory":true,"max_hp_per_floor":[90,90,90,90,90,90,90,90,90,90,90,90,100,100,100,100,100,100,100,100,100,100,100,100,100,100,100,100,100,100,100,100,100,100,100,100,100,100,103,103,103,103,103,103,103,103,103,103,106,106,106,106,106,106,106],"card_choices":[{"not_picked":["Master of Strategy","ReplayUltimateDefense"],"picked":"expansioncontent:DashGenerateEvil","floor":0},{"not_picked":["champ:TornadoPunch","champ:CrookedStrike"],"picked":"champ:CalledShot","floor":2},{"not_picked":["champ:FanOfKnives","champ:FocusedGladiator"],"picked":"champ:GladiatorStyle","floor":5},{"not_picked":["champ:Backstep","champ:Lariat"],"picked":"champ:GladiatorsShout","floor":7},{"not_picked":["champ:AdrenalArmor","champ:ViciousMockery"],"picked":"champ:Improvising","floor":9},{"not_picked":["champ:GutPunch","champ:PerfectedStrike"],"picked":"champ:Duel","floor":11},{"not_picked":["champ:BerserkersShout","champ:HeartStrike"],"picked":"champ:Haymaker","floor":14},{"not_picked":["champ:BringItOn","champ:DefensiveShout"],"picked":"champ:PreciseThrust","floor":15},{"not_picked":["champ:VampiricStrike","champ:SwordThrow"],"picked":"champ:LastStand","floor":16},{"not_picked":["champ:DefensiveShout+1","champ:BringItOn","champ:ArenaPreparation"],"picked":"SKIP","floor":19},{"not_picked":["champ:AdrenalArmor","champ:Shatter"],"picked":"champ:EndlessRage+1","floor":20},{"not_picked":["champ:Circumvent+1","champ:ShieldSlam"],"picked":"champ:RapidStrikes+1","floor":21},{"not_picked":["champ:Backstep","champ:BladeFlurry"],"picked":"champ:ShieldWall+1","floor":23},{"not_picked":["champ:FaceSlap","champ:AdrenalArmor+1"],"picked":"champ:StanceDance","floor":26},{"not_picked":["champ:FocusedBerserking","champ:FanOfKnives+1"],"picked":"champ:PreciseThrust","floor":27},{"not_picked":["champ:GutPunch+1","champ:TornadoPunch","champ:CrookedStrike+1"],"picked":"SKIP","floor":28},{"not_picked":["Anger","champ:FaceSlap"],"picked":"champ:Lariat","floor":29},{"not_picked":["champ:GladiatorsShout+1","champ:FocusedDefense"],"picked":"champ:CalledShot","floor":31},{"not_picked":["champ:DeathBlow","champ:GutPunch"],"picked":"Seeing Red","floor":32},{"not_picked":["champ:ShieldSlam","champ:SwordThrow"],"picked":"champ:MurderStrike","floor":33},{"not_picked":["champ:Circumvent+1","champ:FlashCut+1"],"picked":"champ:TornadoPunch+1","floor":36},{"not_picked":["ReplayTheSpireMod:Black Plague","hubris:InfiniteBlow"],"picked":"Replay:Fractal Strike","floor":37},{"not_picked":["champ:FaceSlap","champ:ArenaPreparation+1"],"picked":"champ:Haymaker+1","floor":43},{"not_picked":["champ:DefensiveShout","champ:BerserkersShout+1"],"picked":"champ:GladiatorStyle+1","floor":46},{"not_picked":["champ:IronFortress","champ:EndlessRage"],"picked":"champ:RisingSlash+1","floor":47},{"not_picked":["champ:RapidStrikes+1","champ:Lariat","champ:GutPunch"],"picked":"SKIP","floor":49},{"not_picked":["champ:CalledShot+1","champ:DefensiveStyle+1","champ:TornadoPunch"],"picked":"SKIP","floor":52}],"player_experience":241744,"relics_obtained":[{"floor":1,"key":"CCEMRelics:JestersCrown"},{"floor":6,"key":"Ring of Peace"},{"floor":6,"key":"Ring of Fury"},{"floor":7,"key":"StuffTheSpire:GrapeVine"},{"floor":12,"key":"Odd Mushroom"},{"floor":23,"key":"champ:BlackKnightHelmet"},{"floor":23,"key":"CCEMRelics:Sandal"},{"floor":24,"key":"Juzu Bracelet"},{"floor":41,"key":"halation:PromiseList"},{"floor":47,"key":"Replay:Rubber Ducky"},{"floor":49,"key":"halation:EternalFortune"},{"floor":52,"key":"Vajra"}],"event_choices":[{"damage_healed":0,"gold_gain":0,"player_choice":"Box","damage_taken":0,"relics_obtained":["MawBank"],"max_hp_gain":0,"max_hp_loss":0,"event_name":"Big Fish","floor":4,"gold_loss":0,"cards_obtained":["Regret"]},{"damage_healed":0,"gold_gain":0,"player_choice":"Fought Mushrooms","damage_taken":0,"max_hp_gain":0,"max_hp_loss":0,"event_name":"Mushrooms","floor":12,"gold_loss":0},{"cards_removed":["champ:Defend"],"damage_healed":0,"gold_gain":0,"player_choice":"Give","damage_taken":0,"max_hp_gain":0,"max_hp_loss":0,"event_name":"betterNote:BetterNote","floor":22,"gold_loss":0,"cards_obtained":["sneckomod:Strike"]},{"cards_removed":["champ:Lariat"],"damage_healed":0,"gold_gain":0,"player_choice":"Removed Skill","damage_taken":0,"max_hp_gain":0,"max_hp_loss":0,"event_name":"Falling","floor":44,"gold_loss":0}],"is_beta":false,"boss_relics":[{"not_picked":["Tiny House","conspire:SeveredTorchhead"],"picked":"aspiration:RitualDagger"},{"not_picked":["Replay:Bronze Core","halation:ForbiddenBikini"],"picked":"aspiration:PoetsPen_weak"}],"items_purged_floors":[14],"is_endless":false,"potions_floor_spawned":[5,9,12,16,20,23,26,27,29,31,43,47,49],"ascension_level":0}}