{"host":"avq773cl9g5msfol","time":1609133741,"event":{"mods":["AchievementEnabler","Act Like it!","Ascension Unlocker","Aspiration","Astrologer","Bard","Bartender","BaseMod","Better Altar","Better Match","Better Note","Better Sensory Stone","Better Skull","Better Third Choice","BetterRewards","CapriCore","Colored Map","Colored Powertips","Conspire","Dio Mod","Downfall","Elementarium","Energized Spire","Gensokyo","GifTheSpireLib","GungeonMod","Hallownest","Hermit","Highlight Path","Hubris","Humility","Infinite Spire","Jorbs\u0027s Wanderer Trilogy","Koishi","Magitek Elite","Marisa????????","Marked Mod","Menagerie","Minty Spire (QoL Compilation)","Pale of the Ancients","Potionbrewer","Quarter Circle Forward PUNCH!","Rare Cards Sparkle","Reimu??????","Relic Stats","Remilia??????","Replay The Spire","SacredBarkPlus","Shade Mod","Somnambulant","Spicy Shops","StSLib","Synergy Search","The Blue Laboratory","The Bug Knight","The Construct","The Cursed","The Exalted","The Hayseed","The Hierophant","The Immortal","The Judge","The Marked","The Mystic","The Problem Sleuth","The Runesmith","The Senshi","The Vixen","The Wild Card","TheArtist","TheFirefly","Wandering Minibosses","Yakumo Yukari mod","vexMod"],"gold_per_floor":[112,112,142,142,142,168,90,90,90,90,123,123,153,180,180,261,261,281,281,281,156,156,184,184,184,184,184,217,217,236,269,269,355,1021,1038,1055,1055,930,930,964,964,881,881,881,881,908,908,908,934,941,941],"floor_reached":52,"playtime":4266,"items_purged":[],"score":3234,"play_id":"5cb88ff0-0988-4f75-b73d-4eab02469ddf","local_time":"20201228123541","is_ascension_mode":true,"campfire_choices":[{"data":"hermit:Snapshot","floor":8,"key":"SMITH"},{"data":"hermit:CursedWeapon","floor":15,"key":"SMITH"},{"data":"hermit:Quickdraw","floor":25,"key":"SMITH"},{"floor":29,"key":"REST"},{"data":"hermit:TrackingShot","floor":32,"key":"SMITH"},{"data":"hermit:Determination","floor":41,"key":"SMITH"},{"data":"hermit:Covet","floor":44,"key":"SMITH"}],"circlet_count":0,"master_deck":["AscendersBane","hermit:Snapshot+1","hermit:Covet+1","hermit:Headshot+1","hermit:BigShot+1","hermit:LowProfile+1","hermit:Desperado+1","hermit:Roughhouse+1","hermit:Cheat+1","hermit:Cheat+1","hermit:Vantage+1","hermit:Dive+1","hermit:Malice+1","hermit:Glare+1","hermit:Scavenge+1","hermit:TakeAim+1","hermit:TakeAim+1","hermit:FlashPowder+1","hermit:Spite+1","hermit:Coalescence+1","hermit:SprayPray+1","hermit:TrackingShot+1","hermit:Adapt+1","Replay:SS_forest_6+1","Hallownest:skillSlugHide+1","Hallownest:skillSlugHide","Hallownest:skillSlugHide+1","Hallownest:skillSlugHide+1","Hallownest:skillSlugHide+1","hermit:CursedWeapon+1","hermit:RoundhouseKick+1","hermit:Quickdraw+1","hermit:Feint+1","hermit:Reprieve+1","Pride","Pride","Pride","hermit:Ricochet+1","hermit:Virtue+1","hermit:Determination+1","hermit:Glare","Decay","TheCursedMod:Dregs","infinitespire:FutureSight"],"relics":["hermit:Momento","Golden Egg","Quantum Egg","hubris:CuriousFeather","hubris:EmptyBottle","Membership Card","ClockworkSouvenir","PureWhite:ReiMu","PreservedInsect","Juzu Bracelet","WingedGreaves","ReplayTheSpireMod:Shallot","aspiration:SeaSaltIceCream","qcfpunch:Crimson_Sash","Hallownest:DreamNailRelic","infinitespire:CheckeredPen","ReplayTheSpireMod:TigerMarble","Guardian:PocketSentry","Replay:Mystery Machine","Bottled Flame","DemoMod:MeltedRock","aspiration:SecretTechniqueScroll","construct:RocketBooster","qcfpunch:Red_Cyclone_Teachings","Oddly Smooth Stone","wanderingMiniBosses:OtherGremlinHorn","Elementarium:ElementariumTrophy","DemoMod:GlassGuonStoneRelic","vexMod:RockOfEvil","Mirror","OrangePellets","qcfpunch:Broken_Tusk","Protect_Vest"],"acts_visited":["Hallownest:Greenpath","Elementarium:Elementarium","Gensokyo:Gensokyoest"],"potions_floor_usage":[16,31,31,31,31],"damage_taken":[{"damage":4,"enemies":"Hallownest:2_Tiktiks_and_1_Crawlid","floor":1,"turns":2},{"damage":6,"enemies":"Hallownest:eliteVengeflyKing","floor":6,"turns":2},{"damage":0,"enemies":"Hallownest:eliteCrystalGuardian","floor":11,"turns":2},{"damage":0,"enemies":"Hallownest:eliteMossKnight","floor":13,"turns":3},{"damage":2,"enemies":"Hallownest:eliteVengeflyKing","floor":14,"turns":2},{"damage":13,"enemies":"Hallownest:BossHornet","floor":16,"turns":7},{"damage":2,"enemies":"Elementarium:2_ELEMENTALS","floor":18,"turns":2},{"damage":2,"enemies":"Elementarium:WarGolem","floor":23,"turns":1},{"damage":2,"enemies":"Elementarium:ElementalPortal","floor":28,"turns":3},{"damage":3,"enemies":"Elementarium:Cyclone","floor":30,"turns":2},{"damage":3,"enemies":"Elementarium:VOID_CORRUPTION_AND_TAR_GOLEM","floor":31,"turns":6},{"damage":0,"enemies":"Elementarium:GoldenDragon","floor":33,"turns":8},{"damage":2,"enemies":"Gensokyo:3_Bats","floor":35,"turns":2},{"damage":2,"enemies":"Gensokyo:AncientGuardian","floor":36,"turns":1},{"damage":2,"enemies":"Gensokyo:Marisa","floor":40,"turns":1},{"damage":2,"enemies":"Gensokyo:Kasen","floor":46,"turns":3},{"damage":2,"enemies":"conspire:MimicChest","floor":49,"turns":1},{"damage":0,"enemies":"Gensokyo:Yuyuko","floor":50,"turns":6},{"damage":0,"enemies":"Gensokyo:Shinki","floor":51,"turns":10}],"seed_played":"4715720295963303186","potions_obtained":[{"floor":49,"key":"LiquidBronze"}],"is_trial":false,"path_per_floor":["M","$","?","?","?","E","$","R","T","R","E","?","E","?","R","B",null,"M","?","?","?","?","E","$","R","T","?","E","R","M","M","R_BF","B",null,"M","M","?","?","?","E","R","$","T","R","?","E","?","?","R_BF","B","B",null],"character_chosen":"HERMIT","items_purchased":["hermit:Dive","hermit:Malice","hermit:Glare","hermit:Scavenge","hubris:CuriousFeather","hermit:TakeAim","hermit:FlashPowder","hermit:Spite","hermit:Coalescence","hubris:EmptyBottle","Membership Card","hermit:SprayPray","Dexterity Potion","Block Potion","ClockworkSouvenir","PureWhite:ReiMu","PreservedInsect","Replay:SS_forest_6","OrangePellets"],"campfire_rested":1,"item_purchase_floors":[0,0,0,0,0,0,0,0,0,0,0,0,0,0,0,0,0,7,42],"current_hp_per_floor":[60,60,60,56,56,50,50,50,50,50,50,50,50,54,54,41,53,51,57,58,58,58,56,56,56,56,52,56,67,70,68,68,68,69,67,65,65,65,66,64,64,64,64,64,64,66,66,66,64,64,64],"gold":941,"neow_bonus":"","is_daily":false,"chose_seed":false,"campfire_upgraded":6,"win_rate":0.0,"timestamp":1609133741,"path_taken":["M","$","?","?","?","E","$","R","T","R","E","?","E","?","R","BOSS","M","?","?","?","?","E","?","R","T","?","E","R","M","M","R_BF","BOSS","M","M","?","?","?","E","R","?","T","R","?","E","?","?","R_BF","BOSS","BOSS"],"items_purchased_type":["Card","Card","Card","Card","Relic","Card","Card","Card","Card","Relic","Relic","Card","Potion","Potion","Relic","Relic","Relic","Card","Relic"],"build_version":"2020-12-22","purchased_purges":0,"victory":true,"max_hp_per_floor":[71,71,71,71,71,71,71,71,71,71,71,71,71,71,71,71,71,71,71,71,71,71,71,71,71,71,71,71,71,71,71,71,71,71,71,71,71,71,71,71,71,71,71,71,71,71,71,71,71,71,71],"relic_stats":{"OrangePellets":[4],"counters":[43,147],"PreservedInsect":347,"Juzu Bracelet":4,"obtain_stats":[{"Golden Egg":0,"infinitespire:BottledMercury":43,"DemoMod:GlassGuonStoneRelic":11,"wanderingMiniBosses:OtherGremlinHorn":31,"vexMod:RockOfEvil":34,"Replay:Wanted Poster":34,"Replay:Ringing Soul":26,"conspire:GlowingRock":6,"DemoMod:MeltedRock":14,"qcfpunch:Red_Cyclone_Teachings":26,"vexMod:RetaliationKit":31,"Girya":9,"construct:RocketBooster":24,"Choco_Feather":8,"Oddly Smooth Stone":28,"wanderingMiniBosses:MasterThiefsPresence":22,"Guardian:PocketSentry":11,"aspiration:SeaSaltIceCream":4,"War Paint":29,"OrangePellets":42,"Bottled Flame":13,"ReplayTheSpireMod:Shallot":4,"Elementarium:ElementariumTrophy":33,"qcfpunch:Broken_Tusk":46,"Pandora\u0027s Box":0,"ReplayTheSpireMod:TigerMarble":9,"Mirror":40,"hermit:Momento":0,"StoneCalendar":40,"Juzu Bracelet":0,"Hallownest:DreamNailRelic":3,"Mythril_Glove":38,"hubris:EmptyBottle":0,"Replay:Mystery Machine":13,"qcfpunch:Crimson_Sash":4,"ClockworkSouvenir":0,"DemoMod:SevenLeafClover":0,"Frozen Eye":29,"AntiCross":6,"hubris:CuriousFeather":0,"WingedGreaves":2,"Hallownest:SalubrasBlessingRelic":10,"infinitespire:CursedDice":43,"aspiration:RunicSpoon":0,"Quantum Egg":2,"PreservedInsect":0,"Protect_Vest":49,"aspiration:SecretTechniqueScroll":17,"infinitespire:CheckeredPen":6,"PureWhite:ReiMu":26,"vexMod:HeadHunter":0,"Membership Card":0,"DemoMod:VorpalBullet":24},{"Golden Egg":0,"infinitespire:BottledMercury":21,"DemoMod:GlassGuonStoneRelic":4,"wanderingMiniBosses:OtherGremlinHorn":35,"vexMod:RockOfEvil":36,"Replay:Wanted Poster":17,"Replay:Ringing Soul":11,"conspire:GlowingRock":2,"DemoMod:MeltedRock":29,"qcfpunch:Red_Cyclone_Teachings":32,"vexMod:RetaliationKit":16,"Girya":3,"construct:RocketBooster":32,"Choco_Feather":3,"Oddly Smooth Stone":33,"wanderingMiniBosses:MasterThiefsPresence":10,"Guardian:PocketSentry":27,"aspiration:SeaSaltIceCream":25,"War Paint":14,"OrangePellets":39,"Bottled Flame":28,"ReplayTheSpireMod:Shallot":25,"Elementarium:ElementariumTrophy":36,"qcfpunch:Broken_Tusk":40,"Pandora\u0027s Box":24,"ReplayTheSpireMod:TigerMarble":26,"Mirror":39,"hermit:Momento":0,"StoneCalendar":20,"Juzu Bracelet":0,"Hallownest:DreamNailRelic":1,"Mythril_Glove":19,"hubris:EmptyBottle":24,"Replay:Mystery Machine":28,"qcfpunch:Crimson_Sash":25,"ClockworkSouvenir":24,"DemoMod:SevenLeafClover":0,"Frozen Eye":13,"AntiCross":2,"hubris:CuriousFeather":24,"WingedGreaves":25,"Hallownest:SalubrasBlessingRelic":3,"infinitespire:CursedDice":21,"aspiration:RunicSpoon":0,"Quantum Egg":1,"PreservedInsect":24,"Protect_Vest":41,"aspiration:SecretTechniqueScroll":6,"infinitespire:CheckeredPen":26,"PureWhite:ReiMu":11,"vexMod:HeadHunter":0,"Membership Card":24,"DemoMod:VorpalBullet":11},{"Golden Egg":0,"infinitespire:BottledMercury":74,"DemoMod:GlassGuonStoneRelic":10,"wanderingMiniBosses:OtherGremlinHorn":115,"vexMod:RockOfEvil":123,"Replay:Wanted Poster":52,"Replay:Ringing Soul":34,"conspire:GlowingRock":6,"DemoMod:MeltedRock":94,"qcfpunch:Red_Cyclone_Teachings":104,"vexMod:RetaliationKit":45,"Girya":9,"construct:RocketBooster":104,"Choco_Feather":9,"Oddly Smooth Stone":107,"wanderingMiniBosses:MasterThiefsPresence":29,"Guardian:PocketSentry":89,"aspiration:SeaSaltIceCream":85,"War Paint":39,"OrangePellets":127,"Bottled Flame":92,"ReplayTheSpireMod:Shallot":85,"Elementarium:ElementariumTrophy":123,"qcfpunch:Broken_Tusk":130,"Pandora\u0027s Box":83,"ReplayTheSpireMod:TigerMarble":87,"Mirror":127,"hermit:Momento":0,"StoneCalendar":71,"Juzu Bracelet":0,"Hallownest:DreamNailRelic":1,"Mythril_Glove":60,"hubris:EmptyBottle":83,"Replay:Mystery Machine":92,"qcfpunch:Crimson_Sash":85,"ClockworkSouvenir":83,"DemoMod:SevenLeafClover":0,"Frozen Eye":37,"AntiCross":6,"hubris:CuriousFeather":83,"WingedGreaves":85,"Hallownest:SalubrasBlessingRelic":9,"infinitespire:CursedDice":74,"aspiration:RunicSpoon":0,"Quantum Egg":1,"PreservedInsect":83,"Protect_Vest":131,"aspiration:SecretTechniqueScroll":16,"infinitespire:CheckeredPen":87,"PureWhite:ReiMu":34,"vexMod:HeadHunter":0,"Membership Card":83,"DemoMod:VorpalBullet":34}]},"card_choices":[{"not_picked":["hermit:Dive","hermit:Glare"],"picked":"hermit:TrackingShot","floor":1},{"not_picked":["hermit:Showdown","hermit:Manifest"],"picked":"hermit:Adapt","floor":6},{"not_picked":["hermit:EyeOfTheStorm","hermit:TrackingShot","hermit:Feint"],"picked":"SKIP","floor":11},{"not_picked":["hermit:Grudge","hermit:LuckOfTheDraw"],"picked":"hermit:CursedWeapon","floor":13},{"not_picked":["hermit:LoneWolf","hermit:CalledShot","hermit:Quickdraw"],"picked":"SKIP","floor":14},{"not_picked":["hermit:Dissolve","hermit:Adapt"],"picked":"hermit:RoundhouseKick","floor":16},{"not_picked":["hermit:Horror","hermit:EyeOfTheStorm"],"picked":"hermit:Quickdraw","floor":18},{"not_picked":["hermit:Dive","hermit:Manifest","hermit:FullyLoaded+1"],"picked":"SKIP","floor":23},{"not_picked":["hermit:SprayPray+1","hermit:Virtue"],"picked":"hermit:Feint+1","floor":28},{"not_picked":["hermit:Horror","hermit:CalledShot","hermit:Manifest+1"],"picked":"SKIP","floor":30},{"not_picked":["hermit:Coalescence","hermit:HoleUp","hermit:Feint"],"picked":"SKIP","floor":31},{"not_picked":["hermit:Coalescence","hermit:HoleUp","hermit:Feint"],"picked":"SKIP","floor":31},{"not_picked":["hermit:BlackWind","hermit:HeroicBravado"],"picked":"hermit:Reprieve","floor":33},{"not_picked":["hermit:Scavenge","hermit:LuckOfTheDraw","hermit:Feint"],"picked":"SKIP","floor":35},{"not_picked":["hermit:Showdown","hermit:ShadowCloak"],"picked":"hermit:Ricochet+1","floor":36},{"not_picked":["hermit:Enervate+1","hermit:LoneWolf+1"],"picked":"hermit:Virtue+1","floor":38},{"not_picked":["hermit:LowProfile","hermit:Showdown"],"picked":"hermit:Determination","floor":40},{"not_picked":["hermit:HoleUp","hermit:Brawl+1"],"picked":"hermit:Glare","floor":46},{"not_picked":["infinitespire:Starlight","ReplayTheSpireMod:Book of Names"],"picked":"infinitespire:FutureSight","floor":48}],"player_experience":1233614,"relics_obtained":[{"floor":6,"key":"infinitespire:CheckeredPen"},{"floor":9,"key":"ReplayTheSpireMod:TigerMarble"},{"floor":11,"key":"Guardian:PocketSentry"},{"floor":13,"key":"Replay:Mystery Machine"},{"floor":14,"key":"DemoMod:MeltedRock"},{"floor":23,"key":"Juzu Bracelet"},{"floor":26,"key":"qcfpunch:Red_Cyclone_Teachings"},{"floor":28,"key":"Oddly Smooth Stone"},{"floor":31,"key":"wanderingMiniBosses:OtherGremlinHorn"},{"floor":40,"key":"Mirror"},{"floor":46,"key":"qcfpunch:Broken_Tusk"},{"floor":49,"key":"Protect_Vest"}],"event_choices":[{"damage_healed":12,"gold_gain":0,"player_choice":"Rest","damage_taken":0,"max_hp_gain":0,"max_hp_loss":0,"event_name":"Elementarium:HeartOfTheVoid","floor":19,"gold_loss":0},{"damage_healed":2,"gold_gain":0,"player_choice":"LEAVE ","damage_taken":0,"relics_obtained":[],"max_hp_gain":0,"max_hp_loss":0,"event_name":"betterSkull:BetterSkull","floor":20,"gold_loss":0,"cards_upgraded":[]},{"damage_healed":0,"gold_gain":0,"player_choice":"2","damage_taken":0,"max_hp_gain":0,"max_hp_loss":0,"event_name":"betterMatch:BetterMatch","floor":21,"gold_loss":0,"cards_obtained":[]},{"damage_healed":0,"gold_gain":0,"player_choice":"Pray","damage_taken":0,"max_hp_gain":0,"max_hp_loss":0,"event_name":"Elementarium:VoidShrine","floor":22,"gold_loss":0,"cards_upgraded":["Hallownest:skillSlugHide"]},{"damage_healed":0,"gold_gain":0,"player_choice":"Leave","damage_taken":0,"max_hp_gain":0,"max_hp_loss":0,"event_name":"conspire:Investor","floor":27,"gold_loss":0},{"damage_healed":0,"gold_gain":0,"player_choice":"2","damage_taken":0,"max_hp_gain":0,"max_hp_loss":0,"event_name":"betterMatch:BetterMatch","floor":38,"gold_loss":0,"cards_obtained":["betterMatch:UncommonCard"]},{"damage_healed":2,"gold_gain":0,"player_choice":"LEAVE ","damage_taken":0,"relics_obtained":[],"max_hp_gain":0,"max_hp_loss":0,"event_name":"betterSkull:BetterSkull","floor":39,"gold_loss":0,"cards_upgraded":[]}],"is_beta":false,"boss_relics":[{"not_picked":["conspire:RoyalGoblet","aspiration:RunicSpoon"],"picked":"aspiration:SecretTechniqueScroll"},{"not_picked":["Replay:Grab Bag","energizedSpire:OgreHead"],"picked":"vexMod:RockOfEvil"}],"items_purged_floors":[],"is_endless":false,"potions_floor_spawned":[6,16,23,31,49],"ascension_level":20}}