{"host":"0z6l31g9ps0v9zzp","time":1609125886,"event":{"mods":["Act Like it!","BaseMod","CapriCore","Gensokyo","Minty Spire (QoL Compilation)","StSLib","Yakumo Yukari mod"],"gold_per_floor":[437,437,455,455,302,337,135,145,220,233,233,233,265,365,365,461,461,480,480,480,380,380,415,449,449,449,449,449,449,449,283,283,385,385,401,401,401,401,401,401,401,401,401,401,418,78,29,29,29,29,29,29,10,36,36],"floor_reached":56,"playtime":2108,"items_purged":["AT_purpleEX","Shame","AT_purpleEX+1"],"score":1404,"play_id":"4145682b-ed29-41cd-9084-92ffa8aaf513","local_time":"20201228112446","daily_mods":["Heirloom","Flight"],"is_ascension_mode":false,"campfire_choices":[{"floor":11.0,"key":"REST"},{"data":"Observe_purple_2","floor":12.0,"key":"SMITH"},{"data":"LoveAcrossDimensions_purple","floor":15.0,"key":"SMITH"},{"floor":25.0,"key":"DIG"},{"floor":27.0,"key":"DIG"},{"floor":28.0,"key":"DIG"},{"floor":29.0,"key":"DIG"},{"floor":32.0,"key":"DIG"},{"floor":40.0,"key":"DIG"},{"floor":41.0,"key":"RECALL"},{"floor":42.0,"key":"DIG"},{"floor":44.0,"key":"DIG"},{"floor":49,"key":"DIG"},{"floor":52,"key":"DIG"}],"circlet_count":0,"master_deck":["Defend_purpleEX+1","Defend_purpleEX","Defend_purpleEX+1","Defend_purpleEX","Observe_purple_1","Observe_purple_2+1","Clumsy","WorldDissolvedintheRealm_purple","LoveAcrossDimensions_purple+1","DimensionStaggered_purple","WangLiang_OokamiKakushi_purple+1","PurpleNeedle_purple","Fancifulhole_purple+1","Computing_the_future_purpleEX","OmniscientAndOmnipotent_Monster_purple+1","Gensokyo:ReactiveArmor","RuleDissolution_purple+1"],"relics":["Boundary_crack","Memoryfragments_purpleEX","Old Coin","Gensokyo:NagashiBinaDoll","Centennial Puzzle","Kunai","Ancient Tea Set","Blood Vial","Shovel","Sozu","Gensokyo:MosesMiracle","Girya","Unceasing Top","Thread and Needle","Meat on the Bone","Bag of Marbles","Ice Cream","Molten Egg 2","Coffee Dripper","CaptainsWheel","Pen Nib","Toxic Egg 2","The Courier","Antimatter_spacedebris","Membership Card","PreservedInsect","Bottled Flame","Anchor","Eternal Feather","Incense Burner"],"acts_visited":["Gensokyo:Gensokyo","Gensokyo:Gensokyoer","Gensokyo:Gensokyoest","TheEnding"],"potions_floor_usage":[55],"damage_taken":[{"damage":9.0,"enemies":"Gensokyo:Python","floor":1.0,"turns":6.0},{"damage":1.0,"enemies":"Gensokyo:3_Fairies","floor":3.0,"turns":5.0},{"damage":55.0,"enemies":"Gensokyo:Cirno","floor":6.0,"turns":7.0},{"damage":2.0,"enemies":"Gensokyo:Gryphon","floor":8.0,"turns":4.0},{"damage":0.0,"enemies":"Gensokyo:Python_and_Kodama","floor":10.0,"turns":4.0},{"damage":12.0,"enemies":"Gensokyo:Mamizou","floor":13.0,"turns":8.0},{"damage":10.0,"enemies":"Gensokyo:Yukari","floor":16.0,"turns":8.0},{"damage":0.0,"enemies":"Gensokyo:Chomper","floor":18.0,"turns":4.0},{"damage":34.0,"enemies":"Gensokyo:Koishi","floor":23.0,"turns":5.0},{"damage":42.0,"enemies":"Gensokyo:Tenshi","floor":24.0,"turns":4.0},{"damage":13.0,"enemies":"Gensokyo:Kaguya","floor":33.0,"turns":5.0},{"damage":0.0,"enemies":"Gensokyo:AncientGuardian","floor":35.0,"turns":4.0},{"damage":0.0,"enemies":"Gensokyo:3_Bats","floor":45.0,"turns":4.0},{"damage":0,"enemies":"Gensokyo:Yuyuko","floor":50,"turns":4},{"damage":32,"enemies":"Shield and Spear","floor":54,"turns":5},{"damage":59,"enemies":"The Heart","floor":55,"turns":6}],"seed_played":"-6865093627694803562","potions_obtained":[{"floor":6.0,"key":"EntropicBrew"},{"floor":8.0,"key":"Strength Potion"},{"floor":13.0,"key":"Ancient Potion"},{"floor":16.0,"key":"BlessingOfTheForge"}],"is_trial":true,"path_per_floor":["M","?","M","?","$","E","COS","M","T","M","R","R","E","?","R","B",null,"M","?","?","$","?","E","E","R","T","R","R","R","?","COS","R","B",null,"M","?","?","?","?","R","R","R","T","R","M","$","COS","?","R","B",null,"R","$","E","B",null],"character_chosen":"Youkari","items_purchased":["WorldDissolvedintheRealm_purple","Membership Card","PreservedInsect","Bottled Flame","RuleDissolution_purple+1"],"campfire_rested":1,"item_purchase_floors":[5,46,46,46,53],"current_hp_per_floor":[64,64,65,65,65,10,10,8,8,9,30,30,20,20,20,14,70,70,70,70,70,70,36,28,28,28,28,28,28,28,28,28,31,70,70,70,42,42,42,42,42,42,42,42,47,47,47,47,47,47,70,70,70,68,33],"gold":36,"neow_bonus":"","is_daily":false,"chose_seed":false,"campfire_upgraded":2,"win_rate":0.0,"timestamp":1609125886,"path_taken":["M","?","?","?","?","E","COS","?","T","?","R","R","E","?","R","BOSS","M","?","?","$","?","E","E","R","T","R","R","R","?","COS","R","BOSS","M","?","?","?","?","R","R","R","T","R","?","?","COS","?","R","BOSS","R","$","E","BOSS"],"items_purchased_type":["Card","Relic","Relic","Relic","Card"],"build_version":"2020-12-22","purchased_purges":3,"victory":true,"max_hp_per_floor":[70,70,70,70,70,70,70,70,70,70,70,70,70,70,70,70,70,70,70,70,70,70,70,70,70,70,70,70,70,70,70,70,70,70,70,70,70,70,70,70,70,70,70,70,70,70,70,70,70,70,70,70,70,70,70],"card_choices":[{"not_picked":["Charmbait_purple","StateDuplicate_purple","Worldmountain_purple"],"picked":"SKIP","floor":1.0},{"not_picked":["ExistenceContinue_purple","RuleDissolution_purple","Realm_recovery_purpleEX"],"picked":"SKIP","floor":3.0},{"not_picked":["RuleDissolution_purple","Extrememeaning_purpleEX","Line_surface_state_purple"],"picked":"SKIP","floor":6.0},{"not_picked":["Worldmountain_purple","Mirror_FormAndEmptin_purple"],"picked":"LoveAcrossDimensions_purple","floor":8.0},{"not_picked":["WorldDissolvedintheRealm_purple","AdvanceAttack_purple","Mirror_FormAndEmptin_purple"],"picked":"SKIP","floor":10.0},{"not_picked":["Realm_recovery_purpleEX","ButterflyHabitatTemple_purple"],"picked":"DimensionStaggered_purple","floor":13.0},{"not_picked":["Monsters_DoubleDeathButterfly_purple","WangLiang_LineAndCurveDreams_purple"],"picked":"WangLiang_OokamiKakushi_purple","floor":16.0},{"not_picked":["StateDuplicate_purple","SharpContractionReality_purple","Line_surface_state_purple"],"picked":"SKIP","floor":18.0},{"not_picked":["DimensionStaggered_purple","AdvanceAttack_purple","StateErode_purple"],"picked":"SKIP","floor":23.0},{"not_picked":["AdvanceAttack_purple","Mirror_WaveAndshot_purple","MonsterNeedle_purple"],"picked":"SKIP","floor":24.0},{"not_picked":["MagicEyes_LaplaceDemon_purple","LoveAcrossDimensions_purple"],"picked":"Fancifulhole_purple+1","floor":33.0},{"not_picked":["ProofOfUnderstanding_purple","MagicEyes_LaplaceDemon_purple"],"picked":"Computing_the_future_purpleEX","floor":35.0},{"not_picked":["Realm_recovery_purpleEX+1","Line_surface_state_purple+1"],"picked":"OmniscientAndOmnipotent_Monster_purple+1","floor":35.0},{"not_picked":["StateErode_purple+1","D_absorption_purple+1","SharpContractionReality_purple+1"],"picked":"SKIP","floor":45.0},{"not_picked":["MeetDecomposer_purple+1","WatchEChange_purple+1","StateErode_purple+1"],"picked":"SKIP","floor":54}],"player_experience":281480,"relics_obtained":[{"floor":6.0,"key":"Centennial Puzzle"},{"floor":9.0,"key":"Kunai"},{"floor":13.0,"key":"Blood Vial"},{"floor":23.0,"key":"Girya"},{"floor":24.0,"key":"Unceasing Top"},{"floor":25.0,"key":"Thread and Needle"},{"floor":27.0,"key":"Meat on the Bone"},{"floor":28.0,"key":"Bag of Marbles"},{"floor":29.0,"key":"Ice Cream"},{"floor":32.0,"key":"Molten Egg 2"},{"floor":33.0,"key":"Gensokyo:MosesMiracle"},{"floor":40.0,"key":"Pen Nib"},{"floor":42.0,"key":"Toxic Egg 2"},{"floor":43.0,"key":"The Courier"},{"floor":44.0,"key":"Antimatter_spacedebris"},{"floor":49,"key":"Anchor"},{"floor":52,"key":"Eternal Feather"},{"floor":54,"key":"Incense Burner"}],"event_choices":[],"is_beta":false,"boss_relics":[{"not_picked":["Astrolabe","Runic Pyramid"],"picked":"Sozu"},{"not_picked":["Busted Crown","Calling Bell"],"picked":"Coffee Dripper"}],"items_purged_floors":[5,21,46],"is_endless":false,"potions_floor_spawned":[6,8,13,16,23,45],"ascension_level":0}}