{"host":"a5lz0e76zb3fcwkm","time":1609158252,"event":{"mods":["AchievementEnabler","BaseMod","Colored Map","Colored Powertips","Minty Spire (QoL Compilation)","StSLib","SuperFastMode"],"gold_per_floor":[368,368,45,45,57,90,90,106,106,106,123,138,152,48,48,125,125,139,157,173,223,47,79,79,79,79,24,24,24,43,56,56,130,130,144,156,170,170,221,221,221],"floor_reached":40,"playtime":891,"items_purged":["Pain","Strike_R"],"score":816,"play_id":"51a8dbb1-c1c7-4da4-8d7c-bf39740a8a94","local_time":"20201228212412","is_ascension_mode":true,"campfire_choices":[{"data":"Wild Strike","floor":7,"key":"SMITH"},{"data":"Inflame","floor":15,"key":"SMITH"},{"floor":24,"key":"REST"},{"data":"Bloodletting","floor":28,"key":"SMITH"},{"floor":32,"key":"REST"}],"circlet_count":0,"master_deck":["AscendersBane","Strike_R","Strike_R","Strike_R+1","Defend_R","Defend_R","Defend_R","Defend_R","Bash+1","Wild Strike+1","Battle Trance","Combust","Inflame+1","Heavy Blade","Shrug It Off","Impervious","Twin Strike+1","Blood for Blood","Blood for Blood","Bloodletting+1","Rupture"],"relics":["Burning Blood","Bag of Preparation","Lantern","Pantograph","Whetstone","WarpedTongs","Cursed Key","Anchor","Pear","Runic Cube","Dead Branch"],"acts_visited":["Exordium","TheCity","TheBeyond"],"potions_floor_usage":[13,19,23,30,33,33,37],"damage_taken":[{"damage":8.0,"enemies":"2 Louse","floor":1.0,"turns":4.0},{"damage":0,"enemies":"Small Slimes","floor":5,"turns":4},{"damage":32,"enemies":"Gremlin Nob","floor":6,"turns":4},{"damage":1,"enemies":"Cultist","floor":8,"turns":3},{"damage":23,"enemies":"Large Slime","floor":11,"turns":4},{"damage":15,"enemies":"Looter","floor":12,"turns":3},{"damage":15,"enemies":"Lots of Slimes","floor":13,"turns":3},{"damage":31,"enemies":"Slime Boss","floor":16,"turns":7},{"damage":12,"enemies":"Shell Parasite","floor":18,"turns":3},{"damage":22,"enemies":"3 Byrds","floor":19,"turns":4},{"damage":19,"enemies":"Centurion and Healer","floor":20,"turns":5},{"damage":19,"enemies":"Book of Stabbing","floor":23,"turns":4},{"damage":33,"enemies":"Shelled Parasite and Fungi","floor":30,"turns":4},{"damage":26,"enemies":"Cultist and Chosen","floor":31,"turns":6},{"damage":47,"enemies":"Collector","floor":33,"turns":7},{"damage":19,"enemies":"3 Darklings","floor":35,"turns":5},{"damage":3,"enemies":"Orb Walker","floor":36,"turns":2},{"damage":30,"enemies":"Transient","floor":37,"turns":6},{"damage":28,"enemies":"2 Orb Walkers","floor":39,"turns":4},{"damage":16,"enemies":"Nemesis","floor":40,"turns":4}],"seed_played":"6794957470570038487","potions_obtained":[{"floor":5,"key":"Regen Potion"},{"floor":11,"key":"BloodPotion"},{"floor":16,"key":"PowerPotion"},{"floor":19,"key":"CultistPotion"},{"floor":31,"key":"ColorlessPotion"},{"floor":36,"key":"FearPotion"},{"floor":39,"key":"FearPotion"}],"is_trial":false,"path_per_floor":["M","?","$","?","M","E","R","M","T","?","M","M","M","$","R","B",null,"M","M","M","?","$","E","R","?","T","$","R","?","M","M","R","B",null,"M","M","M","?","?","E"],"character_chosen":"IRONCLAD","items_purchased":["Bag of Preparation","Lantern","Shrug It Off","Blood for Blood","BloodPotion"],"campfire_rested":2,"item_purchase_floors":[3,3,14,22,27],"current_hp_per_floor":[66,59,59,64,70,44,44,49,49,49,32,23,28,28,28,28,62,56,54,41,41,41,28,49,28,38,38,38,38,28,8,33,17,68,55,58,34,34,12,0,0],"gold":221,"neow_bonus":"TWO_FIFTY_GOLD","is_daily":false,"chose_seed":false,"campfire_upgraded":3,"win_rate":0.0,"timestamp":1609158252,"path_taken":["M","?","$","?","M","E","R","M","T","?","M","M","?","$","R","BOSS","M","M","M","?","$","E","R","?","T","$","R","?","M","M","R","BOSS","M","M","?","?","?","E"],"items_purchased_type":["Relic","Relic","Card","Card","Potion"],"build_version":"2020-12-22","purchased_purges":2,"victory":false,"max_hp_per_floor":[68,68,68,73,73,73,73,73,73,73,73,73,73,73,73,73,73,73,73,73,73,73,73,73,78,88,88,88,85,85,85,85,85,85,85,85,85,81,81,81,81],"card_choices":[{"not_picked":["Clothesline","Warcry"],"picked":"Wild Strike","floor":1.0},{"not_picked":["Flame Barrier","Thunderclap","Headbutt"],"picked":"SKIP","floor":5},{"not_picked":["Iron Wave","Twin Strike","Juggernaut"],"picked":"SKIP","floor":6},{"not_picked":["Armaments","Clothesline"],"picked":"Battle Trance","floor":8},{"not_picked":["Armaments","True Grit"],"picked":"Combust","floor":11},{"not_picked":["Seeing Red","Armaments"],"picked":"Inflame","floor":12},{"not_picked":["Twin Strike","Armaments"],"picked":"Heavy Blade","floor":13},{"not_picked":["Bludgeon","Double Tap"],"picked":"Impervious","floor":16},{"not_picked":["Metallicize","Warcry"],"picked":"Twin Strike+1","floor":18},{"not_picked":["Wild Strike","Flame Barrier","Clash"],"picked":"SKIP","floor":19},{"not_picked":["Rampage","Offering"],"picked":"Blood for Blood","floor":20},{"not_picked":["Wild Strike","Clothesline+1"],"picked":"Bloodletting","floor":23},{"not_picked":["Intimidate","Thunderclap"],"picked":"Rupture","floor":30},{"not_picked":["Pummel","Flex","Brutality"],"picked":"SKIP","floor":31},{"not_picked":["Searing Blow","Entrench","Cleave"],"picked":"SKIP","floor":35},{"not_picked":["Armaments","Clothesline","Wild Strike"],"picked":"SKIP","floor":36},{"not_picked":["Clothesline","Clash+1","Body Slam+1"],"picked":"SKIP","floor":37}],"player_experience":1654457,"relics_obtained":[{"floor":6,"key":"Pantograph"},{"floor":9,"key":"Whetstone"},{"floor":23,"key":"Anchor"},{"floor":26,"key":"Pear"},{"floor":39,"key":"Dead Branch"}],"event_choices":[{"cards_removed":["Strike_R"],"damage_healed":0.0,"max_hp_gain":0.0,"max_hp_loss":0.0,"gold_gain":0.0,"event_name":"Golden Wing","player_choice":"Card Removal","floor":2.0,"gold_loss":0.0,"damage_taken":7.0},{"damage_healed":0,"gold_gain":0,"player_choice":"Donut","damage_taken":0,"max_hp_gain":5,"max_hp_loss":0,"event_name":"Big Fish","floor":4,"gold_loss":0},{"damage_healed":0,"gold_gain":0,"player_choice":"Rummage","damage_taken":0,"relics_obtained":["WarpedTongs"],"max_hp_gain":0,"max_hp_loss":0,"event_name":"Accursed Blacksmith","floor":10,"gold_loss":0,"cards_obtained":["Pain"]},{"damage_healed":0,"gold_gain":50,"player_choice":"Stole From Cult","damage_taken":0,"max_hp_gain":0,"max_hp_loss":0,"event_name":"Nest","floor":21,"gold_loss":0},{"damage_healed":0,"gold_gain":0,"player_choice":"Shed Blood","damage_taken":26,"max_hp_gain":5,"max_hp_loss":0,"event_name":"Forgotten Altar","floor":25,"gold_loss":0},{"cards_removed":["Parasite"],"damage_healed":0,"gold_gain":0,"player_choice":"Removed Curses","damage_taken":0,"max_hp_gain":0,"max_hp_loss":0,"event_name":"Fountain of Cleansing","floor":29,"gold_loss":0},{"damage_healed":0,"gold_gain":0,"player_choice":"Max HP","damage_taken":0,"max_hp_gain":0,"max_hp_loss":4,"event_name":"Winding Halls","floor":38,"gold_loss":0},{"damage_healed":0,"gold_gain":0,"player_choice":"Fight","damage_taken":0,"max_hp_gain":0,"max_hp_loss":0,"event_name":"Mysterious Sphere","floor":39,"gold_loss":0}],"is_beta":false,"boss_relics":[{"not_picked":["Black Star","Philosopher\u0027s Stone"],"picked":"Cursed Key"},{"not_picked":["SacredBark","Busted Crown"],"picked":"Runic Cube"}],"items_purged_floors":[14,22],"is_endless":false,"potions_floor_spawned":[5,11,16,19,20,31,36,39],"killed_by":"Nemesis","ascension_level":20}}