{"host":"ejlkif6fbtpy1quk","time":1609172979,"event":{"mods":["BaseMod","BetterRewards","Minty Spire (QoL Compilation)","StSLib"],"gold_per_floor":[113,113,128,53,71,99,99,133,133,146,180,180,198,198,198,299,299,319,335,347,53,53,53,70,88,88,105,105,320,351,367,367,367,367],"floor_reached":33,"playtime":2141,"items_purged":["Decay"],"score":303,"play_id":"2a400ff2-a90e-408a-8ac3-861154ae7ef8","local_time":"20201228172939","is_ascension_mode":true,"campfire_choices":[{"floor":7,"key":"REST"},{"floor":15,"key":"REST"},{"floor":23,"key":"REST"},{"floor":28,"key":"REST"},{"floor":32,"key":"REST"}],"circlet_count":0,"master_deck":["Strike_R","Strike_R","Strike_R","Strike_R","Strike_R","Defend_R","Defend_R","Defend_R","Defend_R","Bash","Heavy Blade","Sword Boomerang","Twin Strike","Twin Strike","Cleave","Anger","Limit Break","J.A.X.","Cleave+1","Twin Strike+1"],"relics":["Burning Blood","Pocketwatch","Gremlin Horn","Kunai","Sundial","Bag of Marbles","Molten Egg 2","Busted Crown","Blood Vial","Frozen Eye","Mummified Hand","Old Coin","Paper Frog"],"acts_visited":["Exordium","TheCity"],"potions_floor_usage":[16,16,25,27,30,33],"damage_taken":[{"damage":23,"enemies":"Small Slimes","floor":1,"turns":4},{"damage":7,"enemies":"Cultist","floor":3,"turns":4},{"damage":1,"enemies":"2 Louse","floor":5,"turns":3},{"damage":30,"enemies":"3 Sentries","floor":6,"turns":10},{"damage":15,"enemies":"Gremlin Nob","floor":8,"turns":4},{"damage":11,"enemies":"Lots of Slimes","floor":10,"turns":3},{"damage":36,"enemies":"Lagavulin","floor":11,"turns":6},{"damage":4,"enemies":"Blue Slaver","floor":13,"turns":3},{"damage":37,"enemies":"Hexaghost","floor":16,"turns":5},{"damage":5,"enemies":"3 Byrds","floor":18,"turns":5},{"damage":30,"enemies":"Spheric Guardian","floor":19,"turns":4},{"damage":49,"enemies":"Centurion and Healer","floor":20,"turns":8},{"damage":21,"enemies":"Sentry and Sphere","floor":24,"turns":4},{"damage":24,"enemies":"Snake Plant","floor":25,"turns":2},{"damage":25,"enemies":"Shelled Parasite and Fungi","floor":27,"turns":4},{"damage":11,"enemies":"Slavers","floor":30,"turns":2},{"damage":7,"enemies":"Chosen and Byrds","floor":31,"turns":4},{"damage":68,"enemies":"Automaton","floor":33,"turns":6}],"seed_played":"-824236436219499630","potions_obtained":[{"floor":1,"key":"Swift Potion"},{"floor":5,"key":"BlessingOfTheForge"},{"floor":11,"key":"SteroidPotion"},{"floor":18,"key":"BloodPotion"},{"floor":25,"key":"Energy Potion"},{"floor":27,"key":"Strength Potion"},{"floor":31,"key":"BlessingOfTheForge"}],"is_trial":false,"path_per_floor":["M","?","M","$","M","E","R","E","T","M","E","?","M","?","R","B",null,"M","M","M","$","?","R","M","M","T","M","R","?","E","M","R","B"],"character_chosen":"IRONCLAD","items_purchased":["Blood Vial","Frozen Eye"],"campfire_rested":5,"item_purchase_floors":[21,21],"current_hp_per_floor":[63,63,62,62,67,43,67,58,58,53,23,23,25,25,49,18,80,80,56,13,13,13,37,24,24,24,7,31,31,28,29,53,0,0],"gold":367,"neow_bonus":"ONE_RARE_RELIC","is_daily":false,"chose_seed":false,"campfire_upgraded":0,"win_rate":0.0,"timestamp":1609172979,"path_taken":["M","?","M","$","M","E","R","E","T","?","E","?","M","?","R","BOSS","M","?","M","$","?","R","M","M","T","M","R","?","E","M","R","BOSS"],"items_purchased_type":["Relic","Relic"],"build_version":"2020-12-22","purchased_purges":1,"victory":false,"max_hp_per_floor":[80,80,80,80,80,80,80,80,80,80,80,80,80,80,80,80,80,80,80,80,80,80,80,80,80,80,80,80,80,80,80,80,80,80],"card_choices":[{"not_picked":["Perfected Strike","True Grit"],"picked":"Heavy Blade","floor":1},{"not_picked":["Shockwave","Flame Barrier"],"picked":"Sword Boomerang","floor":3},{"not_picked":["Whirlwind","Heavy Blade"],"picked":"Twin Strike","floor":5},{"not_picked":["Disarm","Wild Strike","Barricade"],"picked":"SKIP","floor":6},{"not_picked":["Havoc","True Grit"],"picked":"Twin Strike","floor":8},{"not_picked":["Dual Wield","Searing Blow"],"picked":"Cleave","floor":10},{"not_picked":["Thunderclap","Brutality"],"picked":"Anger","floor":11},{"not_picked":["Fire Breathing","Havoc","Iron Wave"],"picked":"SKIP","floor":13},{"not_picked":["Reaper+1","Exhume"],"picked":"Limit Break","floor":16},{"not_picked":["Shrug It Off"],"picked":"SKIP","floor":18},{"not_picked":["Iron Wave+1"],"picked":"SKIP","floor":19},{"not_picked":["Uppercut+1"],"picked":"SKIP","floor":20},{"not_picked":["Disarm"],"picked":"SKIP","floor":24},{"not_picked":[],"picked":"Cleave+1","floor":25},{"not_picked":["Dropkick+1"],"picked":"SKIP","floor":27},{"not_picked":["True Grit"],"picked":"SKIP","floor":30},{"not_picked":[],"picked":"Twin Strike+1","floor":31}],"player_experience":77620,"relics_obtained":[{"floor":6,"key":"Gremlin Horn"},{"floor":8,"key":"Kunai"},{"floor":9,"key":"Sundial"},{"floor":11,"key":"Bag of Marbles"},{"floor":26,"key":"Mummified Hand"},{"floor":30,"key":"Paper Frog"}],"event_choices":[{"damage_healed":0,"gold_gain":0,"cards_transformed":["Regret"],"player_choice":"Transformed","damage_taken":0,"max_hp_gain":0,"max_hp_loss":0,"event_name":"Transmorgrifier","floor":2,"gold_loss":0,"cards_obtained":["Decay"]},{"damage_healed":0,"gold_gain":0,"player_choice":"Fled","damage_taken":0,"max_hp_gain":0,"max_hp_loss":0,"event_name":"Scrap Ooze","floor":12,"gold_loss":0},{"damage_healed":0,"gold_gain":0,"player_choice":"Gave Potion","damage_taken":0,"relics_obtained":["Molten Egg 2"],"max_hp_gain":0,"max_hp_loss":0,"event_name":"WeMeetAgain","floor":14,"gold_loss":0},{"damage_healed":0,"gold_gain":0,"player_choice":"Obtain J.A.X.","damage_taken":0,"max_hp_gain":0,"max_hp_loss":0,"event_name":"Drug Dealer","floor":22,"gold_loss":0,"cards_obtained":["J.A.X."]},{"damage_healed":0,"gold_gain":0,"player_choice":"Obtained Relic","damage_taken":0,"relics_obtained":["Old Coin"],"max_hp_gain":0,"max_hp_loss":0,"event_name":"Addict","floor":29,"gold_loss":85}],"is_beta":false,"boss_relics":[{"not_picked":["Runic Pyramid","Coffee Dripper"],"picked":"Busted Crown"}],"items_purged_floors":[4],"is_endless":false,"potions_floor_spawned":[1,5,10,11,18,25,27,31],"killed_by":"Automaton","ascension_level":1}}