{"host":"dhyczjm99amxd3qx","time":1609133371,"event":{"mods":["BaseMod","Colored Map","Googly Eyes","Highlight Path","Minty Spire (QoL Compilation)","Quick Restart","StSLib"],"gold_per_floor":[119,194,208,228,246,280,294,322,322,322,21,54,66,123,123,227,227,244,244,262,262,275,303,314,346,346,365,396,415,431,37,37,136,136,150,168,0,0,19,52,52,79,126,155,30,63,63,81,81,81],"floor_reached":51,"playtime":4008,"items_purged":["Strike_B","Strike_B","Defend_B"],"score":969,"play_id":"8f3e879b-240e-472f-a5ef-388ae7126ea6","local_time":"20201228002931","is_ascension_mode":true,"campfire_choices":[{"data":"Hello World","floor":15.0,"key":"SMITH"},{"floor":32.0,"key":"REST"},{"data":"Thunder Strike","floor":41.0,"key":"SMITH"},{"data":"Storm","floor":49.0,"key":"SMITH"}],"circlet_count":0,"master_deck":["Defend_B","Defend_B+1","Defend_B+1","Zap","Cold Snap","Double Energy","Defragment","Hello World+1","Finesse","Storm+1","Ball Lightning","Compile Driver","Streamline+1","Melter+1","Aggregate+1","Storm+1","Ball Lightning","Heatsinks+1","Redo+1","Doom and Gloom","Beam Cell","Turbo+1","Thunder Strike+1","Aggregate+1","White Noise+1"],"relics":["Cracked Core","Cables","Lizard Tail","Pear","Bag of Preparation","Anchor","Torii","Mercury Hourglass","Astrolabe","Omamori","Toy Ornithopter","Gremlin Horn","Potion Belt","FossilizedHelix","Busted Crown","Red Mask","Centennial Puzzle","War Paint","Orichalcum","Blood Vial","Nunchaku","MealTicket"],"acts_visited":["Exordium","TheCity","TheBeyond"],"potions_floor_usage":[50,50],"damage_taken":[{"damage":0.0,"enemies":"Cultist","floor":1.0,"turns":3.0},{"damage":0.0,"enemies":"Jaw Worm","floor":3.0,"turns":4.0},{"damage":0.0,"enemies":"2 Louse","floor":4.0,"turns":2.0},{"damage":5.0,"enemies":"Large Slime","floor":5.0,"turns":6.0},{"damage":30.0,"enemies":"3 Sentries","floor":6.0,"turns":7.0},{"damage":6.0,"enemies":"Blue Slaver","floor":7.0,"turns":3.0},{"damage":6.0,"enemies":"Gremlin Nob","floor":8.0,"turns":4.0},{"damage":8.0,"enemies":"3 Sentries","floor":12.0,"turns":7.0},{"damage":2.0,"enemies":"Lots of Slimes","floor":13.0,"turns":3.0},{"damage":1.0,"enemies":"3 Sentries","floor":14.0,"turns":4.0},{"damage":3.0,"enemies":"Hexaghost","floor":16.0,"turns":8.0},{"damage":0.0,"enemies":"Spheric Guardian","floor":18.0,"turns":1.0},{"damage":0.0,"enemies":"Shell Parasite","floor":20.0,"turns":2.0},{"damage":7.0,"enemies":"Centurion and Healer","floor":22.0,"turns":4.0},{"damage":11.0,"enemies":"Gremlin Leader","floor":23.0,"turns":4.0},{"damage":2.0,"enemies":"Chosen and Byrds","floor":24.0,"turns":4.0},{"damage":3.0,"enemies":"Book of Stabbing","floor":25.0,"turns":5.0},{"damage":23.0,"enemies":"Snake Plant","floor":27.0,"turns":3.0},{"damage":30.0,"enemies":"Slavers","floor":28.0,"turns":3.0},{"damage":8.0,"enemies":"Centurion and Healer","floor":29.0,"turns":3.0},{"damage":1.0,"enemies":"Chosen and Byrds","floor":30.0,"turns":3.0},{"damage":34.0,"enemies":"Champ","floor":33.0,"turns":8.0},{"damage":0.0,"enemies":"Orb Walker","floor":35.0,"turns":2.0},{"damage":0.0,"enemies":"3 Shapes","floor":36.0,"turns":1.0},{"damage":0.0,"enemies":"Transient","floor":39.0,"turns":5.0},{"damage":29.0,"enemies":"Giant Head","floor":40.0,"turns":7.0},{"damage":0.0,"enemies":"Reptomancer","floor":42.0,"turns":3.0},{"damage":14.0,"enemies":"Nemesis","floor":44.0,"turns":7.0},{"damage":0.0,"enemies":"Giant Head","floor":46.0,"turns":5.0},{"damage":3.0,"enemies":"Sphere and 2 Shapes","floor":48.0,"turns":2.0},{"damage":0,"enemies":"Donu and Deca","floor":50,"turns":4}],"seed_played":"-8667779727694847462","potions_obtained":[{"floor":1.0,"key":"Weak Potion"},{"floor":3.0,"key":"ColorlessPotion"},{"floor":5.0,"key":"Regen Potion"},{"floor":12.0,"key":"FocusPotion"},{"floor":16.0,"key":"EssenceOfSteel"},{"floor":22.0,"key":"DistilledChaos"},{"floor":24.0,"key":"BlessingOfTheForge"},{"floor":28.0,"key":"Explosive Potion"},{"floor":30.0,"key":"Explosive Potion"},{"floor":36.0,"key":"LiquidBronze"},{"floor":40.0,"key":"EssenceOfSteel"},{"floor":42.0,"key":"FearPotion"},{"floor":46.0,"key":"Dexterity Potion"}],"is_trial":false,"path_per_floor":["M","?","M","M","M","E","M","E","T","?","$","E","M","?","R","B",null,"M","?","M","?","M","E","M","E","T","M","E","M","M","$","R","B",null,"M","M","?","?","M","E","R","E","T","E","$","E","?","M","R","B",null],"character_chosen":"DEFECT","items_purchased":["Anchor","Finesse","FossilizedHelix"],"campfire_rested":1,"item_purchase_floors":[11,11,31],"current_hp_per_floor":[82,71,71,71,66,51,45,39,49,42,42,34,32,31,31,28,92,92,92,92,92,85,74,72,69,69,46,16,13,12,12,39,5,92,92,92,92,92,92,63,63,73,73,61,61,63,63,62,62,74],"gold":81,"neow_bonus":"TEN_PERCENT_HP_BONUS","is_daily":false,"chose_seed":false,"campfire_upgraded":3,"win_rate":0.0,"timestamp":1609133371,"path_taken":["M","?","M","M","M","E","M","E","T","?","$","E","M","?","R","BOSS","M","?","M","?","M","E","?","E","T","M","E","M","M","?","R","BOSS","M","M","?","?","?","E","R","E","T","E","$","E","?","M","R","BOSS"],"items_purchased_type":["Relic","Card","Relic"],"build_version":"2020-12-22","purchased_purges":3,"victory":true,"max_hp_per_floor":[82,82,82,82,82,82,82,82,92,92,92,92,92,92,92,92,92,92,92,92,92,92,92,92,92,92,92,92,92,92,92,92,92,92,92,92,92,92,92,92,92,92,92,92,92,92,92,92,92,92],"card_choices":[{"not_picked":["Auto Shields","Recycle"],"picked":"Cold Snap","floor":1.0},{"not_picked":["Sweeping Beam","Force Field","Reinforced Body"],"picked":"SKIP","floor":3.0},{"not_picked":["Rebound","Turbo"],"picked":"Double Energy","floor":4.0},{"not_picked":["Conserve Battery","Coolheaded"],"picked":"Defragment","floor":5.0},{"not_picked":["Barrage","Streamline","Sweeping Beam"],"picked":"SKIP","floor":6.0},{"not_picked":["Turbo","Sweeping Beam","Coolheaded"],"picked":"SKIP","floor":7.0},{"not_picked":["Biased Cognition","Sweeping Beam"],"picked":"Hello World","floor":8.0},{"not_picked":["Blizzard","Leap"],"picked":"Storm","floor":12.0},{"not_picked":["Turbo","Coolheaded"],"picked":"Ball Lightning","floor":13.0},{"not_picked":["Conserve Battery","Barrage"],"picked":"Compile Driver","floor":14.0},{"not_picked":["Glacier","Capacitor","Conserve Battery"],"picked":"SKIP","floor":18.0},{"not_picked":["Leap","Go for the Eyes"],"picked":"Cold Snap","floor":20.0},{"not_picked":["Stack+1","Coolheaded"],"picked":"Storm+1","floor":22.0},{"not_picked":["Streamline","Rebound+1"],"picked":"Ball Lightning","floor":23.0},{"not_picked":["Leap+1","Hyperbeam","Compile Driver"],"picked":"SKIP","floor":24.0},{"not_picked":["Barrage","Steam"],"picked":"Heatsinks+1","floor":25.0},{"not_picked":["Barrage","Streamline+1"],"picked":"Redo+1","floor":27.0},{"not_picked":["Steam+1","Skim"],"picked":"Doom and Gloom","floor":28.0},{"not_picked":["Steam Power","Skim+1"],"picked":"Beam Cell","floor":29.0},{"not_picked":["Cold Snap+1","Doom and Gloom"],"picked":"Turbo+1","floor":30.0},{"not_picked":["Seek","Reboot"],"picked":"Thunder Strike","floor":33.0},{"not_picked":["Compile Driver+1"],"picked":"SKIP","floor":35.0},{"not_picked":["Blizzard+1"],"picked":"SKIP","floor":36.0},{"not_picked":["Barrage"],"picked":"SKIP","floor":39.0},{"not_picked":["Streamline+1"],"picked":"SKIP","floor":40.0},{"not_picked":["Beam Cell"],"picked":"SKIP","floor":42.0},{"not_picked":["Chaos"],"picked":"SKIP","floor":44.0},{"not_picked":["Sweeping Beam+1"],"picked":"SKIP","floor":46.0},{"not_picked":[],"picked":"White Noise+1","floor":48.0}],"player_experience":125619,"relics_obtained":[{"floor":6.0,"key":"Cables"},{"floor":8.0,"key":"Lizard Tail"},{"floor":9.0,"key":"Pear"},{"floor":12.0,"key":"Torii"},{"floor":14.0,"key":"Mercury Hourglass"},{"floor":23.0,"key":"Omamori"},{"floor":25.0,"key":"Toy Ornithopter"},{"floor":26.0,"key":"Gremlin Horn"},{"floor":28.0,"key":"Potion Belt"},{"floor":40.0,"key":"War Paint"},{"floor":42.0,"key":"Orichalcum"},{"floor":43.0,"key":"Blood Vial"},{"floor":44.0,"key":"Nunchaku"},{"floor":46.0,"key":"MealTicket"}],"event_choices":[{"damage_healed":0.0,"max_hp_gain":0.0,"max_hp_loss":0.0,"gold_gain":75.0,"event_name":"World of Goop","player_choice":"Gather Gold","floor":2.0,"gold_loss":0.0,"damage_taken":11.0},{"damage_healed":0.0,"max_hp_gain":0.0,"max_hp_loss":0.0,"gold_gain":0.0,"event_name":"Scrap Ooze","player_choice":"Success","floor":10.0,"gold_loss":0.0,"damage_taken":7.0,"relics_obtained":["Bag of Preparation"]},{"damage_healed":0.0,"max_hp_gain":0.0,"max_hp_loss":0.0,"gold_gain":30.0,"event_name":"Dead Adventurer","player_choice":"Searched \u00273\u0027 times","floor":14.0,"gold_loss":0.0,"damage_taken":0.0},{"damage_healed":0.0,"max_hp_gain":0.0,"max_hp_loss":0.0,"gold_gain":0.0,"event_name":"Ghosts","player_choice":"Ignored","floor":19.0,"gold_loss":0.0,"damage_taken":0.0},{"damage_healed":0.0,"max_hp_gain":0.0,"max_hp_loss":0.0,"gold_gain":0.0,"event_name":"Wheel of Change","player_choice":"Full Heal","floor":21.0,"gold_loss":0.0,"damage_taken":0.0},{"damage_healed":0.0,"max_hp_gain":0.0,"max_hp_loss":0.0,"gold_gain":0.0,"event_name":"Tomb of Lord Red Mask","player_choice":"Paid","floor":37.0,"gold_loss":168.0,"damage_taken":0.0,"relics_obtained":["Red Mask"]},{"cards_removed":["Cold Snap"],"damage_healed":0.0,"max_hp_gain":0.0,"max_hp_loss":0.0,"gold_gain":0.0,"event_name":"WeMeetAgain","player_choice":"Gave Card","floor":38.0,"gold_loss":0.0,"damage_taken":0.0,"relics_obtained":["Centennial Puzzle"]},{"damage_healed":0.0,"max_hp_gain":0.0,"max_hp_loss":0.0,"gold_gain":0.0,"event_name":"Duplicator","player_choice":"Copied","floor":47.0,"gold_loss":0.0,"damage_taken":0.0,"cards_obtained":["Aggregate"]}],"is_beta":false,"boss_relics":[{"not_picked":["Runic Pyramid","Velvet Choker"],"picked":"Astrolabe"},{"not_picked":["FrozenCore","Inserter"],"picked":"Busted Crown"}],"items_purged_floors":[11,31,45],"is_endless":false,"potions_floor_spawned":[1,3,5,12,16,22,24,28,30,36,40,42,46],"ascension_level":1}}