{"host":"31s8hzukbhz1k6i6","time":1609188142,"event":{"mods":["BaseMod","Colored Map","Minty Spire (QoL Compilation)","Relic Stats","UnlockEverythingMod"],"gold_per_floor":[110,130,141,62,75,75,94,119,145,145,175,190,190,225,225,328,328,308,320,335,335,189,189,189],"floor_reached":23,"playtime":1553,"items_purged":["Strike_B+1"],"score":320,"play_id":"c3810a40-000e-469a-91a7-6e446187dd1b","local_time":"20201228124222","is_ascension_mode":true,"campfire_choices":[{"floor":6,"key":"REST"},{"floor":10,"key":"REST"},{"floor":15,"key":"REST"}],"circlet_count":0,"master_deck":["AscendersBane","Strike_B+1","Strike_B+1","Strike_B+1","Defend_B+1","Defend_B+1","Defend_B+1","Defend_B+1","Zap","Dualcast","Genetic Algorithm","Streamline","Undo","Sweeping Beam","Cold Snap","Consume","Coolheaded","Buffer","Leap+1","Coolheaded","Coolheaded+1","Defragment"],"relics":["Fusion Hammer","Gremlin Horn","Regal Pillow","Lantern","Potion Belt","Bag of Marbles","Nuclear Battery"],"acts_visited":["Exordium","TheCity"],"potions_floor_usage":[23],"damage_taken":[{"damage":8,"enemies":"Jaw Worm","floor":1,"turns":4},{"damage":5,"enemies":"Cultist","floor":2,"turns":4},{"damage":5,"enemies":"Small Slimes","floor":3,"turns":4},{"damage":9,"enemies":"3 Louse","floor":5,"turns":4},{"damage":1,"enemies":"Red Slaver","floor":7,"turns":4},{"damage":20,"enemies":"Lagavulin","floor":8,"turns":7},{"damage":23,"enemies":"Gremlin Nob","floor":11,"turns":5},{"damage":11,"enemies":"Exordium Wildlife","floor":12,"turns":5},{"damage":4,"enemies":"Lagavulin","floor":14,"turns":9},{"damage":58,"enemies":"Slime Boss","floor":16,"turns":16},{"damage":17,"enemies":"2 Thieves","floor":18,"turns":4},{"damage":0,"enemies":"Shell Parasite","floor":19,"turns":9},{"damage":1,"enemies":"Centurion and Healer","floor":20,"turns":13},{"damage":56,"enemies":"Gremlin Leader","floor":23,"turns":11}],"seed_played":"-939716130128143747","potions_obtained":[{"floor":1,"key":"AttackPotion"},{"floor":8,"key":"PowerPotion"},{"floor":11,"key":"Dexterity Potion"},{"floor":14,"key":"SpeedPotion"},{"floor":16,"key":"SneckoOil"},{"floor":18,"key":"AttackPotion"},{"floor":20,"key":"Dexterity Potion"}],"is_trial":false,"path_per_floor":["M","M","M","$","M","R","M","E","T","R","E","M","?","E","R","B",null,"M","M","M","?","$","E"],"character_chosen":"DEFECT","items_purchased":["Undo","Defragment"],"campfire_rested":3,"item_purchase_floors":[4,22],"current_hp_per_floor":[60,55,50,50,41,63,62,42,42,75,52,41,41,37,74,16,60,43,43,42,42,42,0,0],"gold":189,"neow_bonus":"BOSS_RELIC","is_daily":false,"chose_seed":false,"campfire_upgraded":0,"win_rate":0.0,"timestamp":1609188142,"path_taken":["M","M","M","$","M","R","M","E","T","R","E","M","?","E","R","BOSS","M","M","M","?","$","E"],"items_purchased_type":["Card","Card"],"build_version":"2020-12-22","purchased_purges":1,"victory":false,"max_hp_per_floor":[75,75,75,75,75,75,75,75,75,75,75,75,75,75,75,75,75,75,75,75,75,75,75,75],"relic_stats":{"Regal Pillow":26,"Gremlin Horn":[14,14],"counters":[14,99],"obtain_stats":[{"Potion Belt":13,"Regal Pillow":9,"Lantern":11,"Gremlin Horn":8,"Fusion Hammer":0,"Bag of Marbles":14,"Cracked Core":0,"Nuclear Battery":17},{"Potion Belt":8,"Regal Pillow":6,"Lantern":7,"Gremlin Horn":6,"Fusion Hammer":0,"Bag of Marbles":9,"Cracked Core":0,"Nuclear Battery":10},{"Potion Belt":37,"Regal Pillow":27,"Lantern":32,"Gremlin Horn":27,"Fusion Hammer":0,"Bag of Marbles":46,"Cracked Core":0,"Nuclear Battery":62}]},"card_choices":[{"not_picked":["Loop","Leap"],"picked":"Genetic Algorithm","floor":1},{"not_picked":["Rebound","Steam"],"picked":"Streamline","floor":2},{"not_picked":["Streamline","Redo","White Noise"],"picked":"SKIP","floor":3},{"not_picked":["Tempest","Beam Cell"],"picked":"Sweeping Beam","floor":5},{"not_picked":["Steam","Go for the Eyes"],"picked":"Cold Snap","floor":7},{"not_picked":["Redo","Loop"],"picked":"Consume","floor":8},{"not_picked":["Leap","Force Field","Steam"],"picked":"SKIP","floor":11},{"not_picked":["Scrape","Blizzard"],"picked":"Coolheaded","floor":12},{"not_picked":["Streamline","Fusion","Reboot"],"picked":"SKIP","floor":14},{"not_picked":["Thunder Strike","Meteor Strike"],"picked":"Buffer","floor":16},{"not_picked":["Force Field","Redo"],"picked":"Leap+1","floor":18},{"not_picked":["Rebound","Steam+1"],"picked":"Coolheaded","floor":19},{"not_picked":["Fusion+1","BootSequence+1"],"picked":"Coolheaded+1","floor":20}],"player_experience":53940,"relics_obtained":[{"floor":8,"key":"Gremlin Horn"},{"floor":9,"key":"Regal Pillow"},{"floor":11,"key":"Lantern"},{"floor":14,"key":"Bag of Marbles"}],"event_choices":[{"damage_healed":0,"gold_gain":0,"player_choice":"Gave Potion","damage_taken":0,"relics_obtained":["Potion Belt"],"max_hp_gain":0,"max_hp_loss":0,"event_name":"WeMeetAgain","floor":13,"gold_loss":0},{"damage_healed":0,"gold_gain":0,"player_choice":"Simplicity","damage_taken":0,"max_hp_gain":0,"max_hp_loss":0,"event_name":"Back to Basics","floor":21,"gold_loss":0,"cards_upgraded":["Strike_B","Strike_B","Strike_B","Strike_B","Defend_B","Defend_B","Defend_B","Defend_B"]}],"is_beta":false,"boss_relics":[{"not_picked":["Black Star","Runic Dome"],"picked":"Nuclear Battery"}],"items_purged_floors":[22],"is_endless":false,"potions_floor_spawned":[1,8,11,12,14,16,18,20],"killed_by":"Gremlin Leader","ascension_level":10}}