{"host":"og6lam4kt3nibbw0","time":1609175530,"event":{"mods":["AchievementEnabler","BaseMod","Colored Map","DeckTracker","Highlight Path","Keyboard Shortcuts","Minty Spire (QoL Compilation)","Permanent Neow","Quick Restart","StSLib","SuperFastMode"],"gold_per_floor":[19,38,48,123,123,123,123,135,162,191,191,209,209,220,220,297,297,316,316,78,94,94,94,127,127,152,182,182,18,18,29,29,108,108,120,135,187,204,75,75,75,75],"floor_reached":41,"playtime":1159,"items_purged":["Stack","Rebound"],"score":908,"play_id":"9f02306b-514e-41c3-9447-f5995cdd5bdd","local_time":"20201229021210","is_ascension_mode":true,"campfire_choices":[{"data":"Thunder Strike","floor":6.0,"key":"SMITH"},{"floor":11.0,"key":"REST"},{"floor":13.0,"key":"REST"},{"data":"White Noise","floor":15.0,"key":"SMITH"},{"data":"Electrodynamics","floor":23.0,"key":"SMITH"},{"data":"Glacier","floor":25.0,"key":"SMITH"},{"floor":32.0,"key":"RECALL"},{"floor":40.0,"key":"REST"}],"circlet_count":0,"master_deck":["AscendersBane","Zap","Dualcast","Thunder Strike+1","Storm+1","Storm+1","Storm+1","Self Repair","FTL","Glacier+1","Stack","Storm","Turbo","Self Repair","White Noise+1","BootSequence","Electrodynamics+1","Storm","Compile Driver","Machine Learning","Lockon","Defragment+1","Defragment+1","Turbo+1","BootSequence","Coolheaded"],"relics":["FrozenCore","Dream Catcher","Potion Belt","Pandora\u0027s Box","CaptainsWheel","TheAbacus","Juzu Bracelet","Orichalcum","Strawberry","Orrery","Ginger"],"acts_visited":["Exordium","TheCity","TheBeyond"],"potions_floor_usage":[41],"damage_taken":[{"damage":16.0,"enemies":"Small Slimes","floor":1.0,"turns":4.0},{"damage":12.0,"enemies":"Jaw Worm","floor":2.0,"turns":3.0},{"damage":13.0,"enemies":"2 Louse","floor":3.0,"turns":2.0},{"damage":14.0,"enemies":"Red Slaver","floor":8.0,"turns":3.0},{"damage":24.0,"enemies":"Lagavulin","floor":10.0,"turns":4.0},{"damage":6.0,"enemies":"Exordium Wildlife","floor":12.0,"turns":2.0},{"damage":17.0,"enemies":"Exordium Thugs","floor":14.0,"turns":2.0},{"damage":14.0,"enemies":"The Guardian","floor":16.0,"turns":5.0},{"damage":23.0,"enemies":"Shell Parasite","floor":18.0,"turns":3.0},{"damage":12.0,"enemies":"2 Thieves","floor":21.0,"turns":2.0},{"damage":32.0,"enemies":"Slavers","floor":24.0,"turns":3.0},{"damage":11.0,"enemies":"Book of Stabbing","floor":27.0,"turns":4.0},{"damage":0.0,"enemies":"Sentry and Sphere","floor":31.0,"turns":2.0},{"damage":4.0,"enemies":"Champ","floor":33.0,"turns":5.0},{"damage":10.0,"enemies":"3 Shapes","floor":35.0,"turns":3.0},{"damage":1.0,"enemies":"Orb Walker","floor":36.0,"turns":2.0},{"damage":47.0,"enemies":"2 Orb Walkers","floor":37.0,"turns":3.0},{"damage":32.0,"enemies":"Jaw Worm Horde","floor":38.0,"turns":4.0},{"damage":47,"enemies":"Reptomancer","floor":41,"turns":2}],"seed_played":"7643137675137353464","potions_obtained":[{"floor":1.0,"key":"Dexterity Potion"},{"floor":2.0,"key":"Swift Potion"},{"floor":12.0,"key":"Energy Potion"},{"floor":14.0,"key":"Dexterity Potion"},{"floor":24.0,"key":"Fire Potion"},{"floor":27.0,"key":"PowerPotion"},{"floor":36.0,"key":"Swift Potion"},{"floor":37.0,"key":"Energy Potion"}],"is_trial":false,"path_per_floor":["M","M","M","?","?","R","?","M","T","E","R","M","R","M","R","B",null,"M","T","$","M","?","R","E","R","T","E","?","$","?","M","R","B",null,"M","M","?","M","$","R","E"],"character_chosen":"DEFECT","items_purchased":["TheAbacus","Orrery","Coolheaded"],"campfire_rested":3,"item_purchase_floors":[20,29,39],"current_hp_per_floor":[62,57,51,40,40,40,40,33,33,16,41,42,67,57,57,57,78,62,62,62,57,57,57,32,32,32,42,42,42,60,67,67,77,88,85,84,44,19,19,46,0,0],"gold":75,"neow_bonus":"TWENTY_PERCENT_HP_BONUS","is_daily":false,"chose_seed":false,"campfire_upgraded":4,"win_rate":0.0,"timestamp":1609175530,"path_taken":["M","M","M","?","?","R","?","M","T","E","R","M","R","M","R","BOSS","M","?","$","M","?","R","E","R","T","E","?","$","?","M","R","BOSS","M","M","?","M","$","R","E"],"items_purchased_type":["Relic","Relic","Card"],"build_version":"2020-12-22","purchased_purges":2,"victory":false,"max_hp_per_floor":[85,85,85,85,85,85,85,85,85,85,85,85,85,85,85,85,85,85,85,85,85,85,85,85,85,85,92,92,92,92,92,92,92,92,92,92,92,92,92,92,92,92],"card_choices":[{"not_picked":["Heatsinks","Glacier"],"picked":"Self Repair","floor":1.0},{"not_picked":["Stack","Gash"],"picked":"FTL","floor":2.0},{"not_picked":["Blizzard","Compile Driver"],"picked":"Glacier","floor":3.0},{"not_picked":["Barrage","Rebound"],"picked":"Storm","floor":8.0},{"not_picked":["Barrage","Go for the Eyes"],"picked":"Turbo","floor":10.0},{"not_picked":["Hologram","Tempest"],"picked":"Self Repair","floor":11.0},{"not_picked":["Fusion","Sweeping Beam","Redo"],"picked":"SKIP","floor":12.0},{"not_picked":["Reinforced Body","Chill"],"picked":"White Noise","floor":13.0},{"not_picked":["Streamline","Turbo"],"picked":"BootSequence","floor":14.0},{"not_picked":["Echo Form","Amplify"],"picked":"Electrodynamics","floor":16.0},{"not_picked":["Beam Cell","Blizzard","Cold Snap"],"picked":"SKIP","floor":18.0},{"not_picked":["Cold Snap","Rebound","Go for the Eyes"],"picked":"SKIP","floor":21.0},{"not_picked":["Barrage","Coolheaded","Creative AI"],"picked":"SKIP","floor":24.0},{"not_picked":["Go for the Eyes","Storm","Reinforced Body"],"picked":"SKIP","floor":27.0},{"not_picked":["Turbo","Compile Driver"],"picked":"Machine Learning","floor":29.0},{"not_picked":["Undo","Ball Lightning"],"picked":"Lockon","floor":29.0},{"not_picked":["Storm","Lockon","Barrage"],"picked":"SKIP","floor":31.0},{"not_picked":["Barrage+1","Cold Snap"],"picked":"Defragment+1","floor":35.0},{"not_picked":["Hologram","Streamline"],"picked":"Defragment+1","floor":36.0},{"not_picked":["Tempest","Ball Lightning"],"picked":"Turbo+1","floor":37.0},{"not_picked":["Ball Lightning","Go for the Eyes"],"picked":"BootSequence","floor":38.0}],"player_experience":804255,"relics_obtained":[{"floor":10.0,"key":"Potion Belt"},{"floor":19.0,"key":"CaptainsWheel"},{"floor":24.0,"key":"Juzu Bracelet"},{"floor":26.0,"key":"Orichalcum"},{"floor":27.0,"key":"Strawberry"},{"floor":37.0,"key":"Ginger"}],"event_choices":[{"damage_healed":0.0,"max_hp_gain":0.0,"max_hp_loss":0.0,"gold_gain":75.0,"event_name":"World of Goop","player_choice":"Gather Gold","floor":4.0,"gold_loss":0.0,"damage_taken":11.0},{"damage_healed":0.0,"max_hp_gain":0.0,"max_hp_loss":0.0,"gold_gain":0.0,"cards_transformed":["Strike_B"],"event_name":"Living Wall","player_choice":"Change","floor":5.0,"gold_loss":0.0,"damage_taken":0.0,"cards_obtained":["Stack"]},{"damage_healed":0.0,"max_hp_gain":0.0,"max_hp_loss":0.0,"gold_gain":0.0,"event_name":"WeMeetAgain","player_choice":"Gave Potion","floor":7.0,"gold_loss":0.0,"damage_taken":0.0,"relics_obtained":["Dream Catcher"]},{"damage_healed":0.0,"max_hp_gain":0.0,"max_hp_loss":0.0,"gold_gain":0.0,"event_name":"N\u0027loth","player_choice":"Ignored","floor":22.0,"gold_loss":0.0,"damage_taken":0.0},{"cards_removed":["Multi-Cast"],"damage_healed":0.0,"max_hp_gain":0.0,"max_hp_loss":0.0,"gold_gain":0.0,"event_name":"Back to Basics","player_choice":"Elegance","floor":28.0,"gold_loss":0.0,"damage_taken":0.0},{"damage_healed":18.0,"max_hp_gain":0.0,"max_hp_loss":0.0,"gold_gain":0.0,"event_name":"The Library","player_choice":"Heal","floor":30.0,"gold_loss":0.0,"damage_taken":0.0},{"damage_healed":0.0,"max_hp_gain":0.0,"max_hp_loss":0.0,"gold_gain":0.0,"event_name":"Mysterious Sphere","player_choice":"Fight","floor":37.0,"gold_loss":0.0,"damage_taken":0.0}],"is_beta":false,"boss_relics":[{"not_picked":["Velvet Choker","Runic Dome"],"picked":"Pandora\u0027s Box"},{"not_picked":["Empty Cage","Cursed Key"],"picked":"FrozenCore"}],"items_purged_floors":[20,39],"is_endless":false,"potions_floor_spawned":[1,2,12,14,24,27,36,37],"killed_by":"Reptomancer","ascension_level":20}}