{"host":"zksvs3x2ysy9npnz","time":1609195282,"event":{"mods":["Aspiration","BaseMod","Beaked The Cultist","BetterRewards","Clockwork Mod","Conspire","Downfall","Duelist Mod","Energized Spire","Fiend Mod","Friendly Minions","Gremlin Mod","Halation","Hermit","Highlight Path","Hubris","Hunter ??","Infinite Spire","Jedi Mod","Minty Spire (QoL Compilation)","Permanent Neow","Quick Restart","Relic Stats","Replay The Spire","Shop Mod","StSLib","SuperFastMode","The Blackbeard","The Bladedancer","The Construct","thorton"],"gold_per_floor":[115,135,54,54,54,54,87,87,87,117,132,145,145,162,162,239,239,256,256,256,269,215,248,248,248,248,275,275,340,280,294,294,373,373,393,393,393,68,68,68,98,115,138,138,154,189,206,221,221,221,221,221,20,52,52],"floor_reached":56,"playtime":5358,"items_purged":["infinitespire:Oblivion"],"score":1993,"play_id":"8e1e4840-b47f-449f-b89c-d34a30317bbe","local_time":"20201228234122","is_ascension_mode":true,"campfire_choices":[{"data":"blademaster:ThunderSlash","floor":6.0,"key":"SMITH"},{"data":"blademaster:EnchantedCuirass","floor":13.0,"key":"SMITH"},{"data":"blademaster:DragonStrike","floor":15.0,"key":"SMITH"},{"data":"blademaster:Empower","floor":24.0,"key":"SMITH"},{"floor":28.0,"key":"RECALL"},{"data":"blademaster:Meditate","floor":32.0,"key":"SMITH"},{"data":"Madness","floor":40.0,"key":"SMITH"},{"data":"blademaster:StanceMastery","floor":44,"key":"SMITH"},{"data":"Madness","floor":49,"key":"SMITH"},{"data":"blademaster:EyeOfTheTornado","floor":52,"key":"SMITH"}],"circlet_count":0,"master_deck":["AscendersBane","blademaster:Strike","blademaster:Strike","blademaster:Strike","blademaster:Strike","blademaster:Defend","blademaster:Defend","blademaster:Defend","blademaster:Defend+1","blademaster:RagingBlow","blademaster:HighVoltage","blademaster:DragonStrike+1","blademaster:LightningCrash","blademaster:ThunderSlash+1","blademaster:ThunderSlash","blademaster:Cut","blademaster:EnchantedCuirass+1","blademaster:Reversal","blademaster:Sharpen","blademaster:Flurry+1","blademaster:StanceMastery+1","blademaster:CloudOfSteel","expansioncontent:GoopSpray","blademaster:Empower+1","blademaster:IcyWind+1","blademaster:Safeguard","blademaster:Meditate+1","blademaster:EyeOfTheTornado+1","blademaster:AncestralHealing","blademaster:Blindside","blademaster:Discharge","Madness+1","Madness+1","infinitespire:Collect","blademaster:Frontflip","hubris:DuctTapeCard","blademaster:UnrelentingWind","blademaster:AwakeningDefend+1","Apotheosis","Blind","blademaster:Frontflip+1"],"relics":["blademaster:DancersAmulet","Ring of the Snake","hubris:ToyBattleship","halation:EternalFortune","Mercury Hourglass","White Beast Statue","hubris:MysteriousPyramids","halation:VictoryRuler","Happy Flower","aspiration:HiddenCompartment","Replay:Bronze Core","hubris:BundleOfHerbs","halation:PinkSoulGem","MerchantsRug","Replay:Rubber Ducky","Pen Nib"],"acts_visited":["Exordium","TheCity","TheBeyond","TheEnding"],"potions_floor_usage":[42,50,55,55],"damage_taken":[{"damage":2.0,"enemies":"2 Louse","floor":1.0,"turns":5.0},{"damage":1.0,"enemies":"Cultist","floor":2.0,"turns":4.0},{"damage":2.0,"enemies":"Gremlin Nob","floor":7.0,"turns":3.0},{"damage":17.0,"enemies":"Lagavulin","floor":10.0,"turns":6.0},{"damage":7.0,"enemies":"Jaw Worm","floor":11.0,"turns":2.0},{"damage":3.0,"enemies":"Looter","floor":12.0,"turns":2.0},{"damage":0.0,"enemies":"2 Fungi Beasts","floor":14.0,"turns":3.0},{"damage":0.0,"enemies":"The Guardian","floor":16.0,"turns":9.0},{"damage":0.0,"enemies":"Shell Parasite","floor":18.0,"turns":4.0},{"damage":3.0,"enemies":"3 Byrds","floor":21.0,"turns":3.0},{"damage":20.0,"enemies":"theDuelist:KaibaA2","floor":23.0,"turns":4.0},{"damage":17.0,"enemies":"Gremlin Leader","floor":27.0,"turns":7.0},{"damage":8.0,"enemies":"Snake Plant","floor":31.0,"turns":6.0},{"damage":40.0,"enemies":"Collector","floor":33.0,"turns":10.0},{"damage":7.0,"enemies":"3 Shapes","floor":35.0,"turns":7.0},{"damage":12,"enemies":"Nemesis","floor":41,"turns":7},{"damage":1,"enemies":"Orb Walker","floor":42,"turns":4},{"damage":3,"enemies":"4 Shapes","floor":45,"turns":3},{"damage":0,"enemies":"Giant Head","floor":46,"turns":7},{"damage":17,"enemies":"Spire Growth","floor":47,"turns":4},{"damage":0,"enemies":"3 Darklings","floor":48,"turns":3},{"damage":82,"enemies":"Time Eater","floor":50,"turns":14},{"damage":24,"enemies":"Shield and Spear","floor":54,"turns":4},{"damage":103,"enemies":"The Heart","floor":55,"turns":9}],"seed_played":"-9011518502540256637","potions_obtained":[{"floor":2.0,"key":"Ancient Potion"},{"floor":7.0,"key":"Swift Potion"},{"floor":10.0,"key":"Toxic Potion"},{"floor":11.0,"key":"Block Potion"},{"floor":14.0,"key":"EntropicBrew"},{"floor":16.0,"key":"Fire Potion"},{"floor":27.0,"key":"Death Potion"},{"floor":29.0,"key":"BlessingOfTheForge"},{"floor":31.0,"key":"Adrenaline Potion"},{"floor":33.0,"key":"Block Potion"},{"floor":35.0,"key":"Strength Potion"},{"floor":42,"key":"Guardian:BlockOnCardUsePotion"},{"floor":45,"key":"Slimebound:ThreeZeroPotion"}],"is_trial":false,"path_per_floor":["M","M","$","?","?","R","E","T","T","E","M","M","R","M","R","B",null,"M","AVR","?","M","$","E","R","?","T","E","R","?","?","M","R","B",null,"M","?","AVR","$","?","R","E","M","T","R","M","E","M","M","R","B",null,"R","$","E","B",null],"character_chosen":"THE_BLADEMASTER","items_purchased":["blademaster:ThunderSlash","blademaster:Cut","blademaster:Safeguard","hubris:DuctTape","blademaster:Frontflip","PowerPotion","MerchantsRug","Apotheosis","Replay:Rubber Ducky","Strength Potion","Blind"],"campfire_rested":0,"item_purchase_floors":[3,3,22,38,38,38,53,53,53,53,53],"current_hp_per_floor":[66,65,65,62,65,65,63,63,63,46,45,48,48,48,48,54,72,81,81,81,81,81,67,67,75,75,76,76,44,44,42,42,41,71,70,60,60,60,60,60,72,80,80,80,84,84,84,84,84,81,83,83,83,72,67],"gold":52,"neow_bonus":"NOSTALGIA","is_daily":false,"chose_seed":false,"campfire_upgraded":9,"win_rate":0.0,"timestamp":1609195282,"path_taken":["M","M","$","?","?","R","E","?","T","E","M","M","R","?","R","BOSS","M","AVR","?","M","$","E","R","?","T","E","R","?","?","M","R","BOSS","M","?","AVR","?","?","R","E","?","T","R","M","E","M","M","R","BOSS","R","$","E","BOSS"],"items_purchased_type":["Card","Card","Card","Relic","Card","Potion","Relic","Card","Relic","Potion","Card"],"build_version":"2020-12-22","purchased_purges":1,"victory":true,"max_hp_per_floor":[75,75,75,75,78,78,78,78,78,78,78,78,78,78,78,78,78,81,81,81,81,81,81,81,81,81,81,81,81,81,81,81,81,81,81,81,81,81,81,81,84,84,84,84,84,84,84,84,84,84,84,84,84,84,84],"relic_stats":{"Happy Flower":[28],"counters":[24,128],"Pen Nib":[3],"obtain_stats":[{"blademaster:RandomStancePerk":46,"Juzu Bracelet":43,"hubris:MysteriousPyramids":10,"Replay:Rubber Ducky":53,"Replay:Bronze Core":34,"halation:VictoryRuler":19,"blademaster:LightningChargePerk":54,"halation:PromiseList":41,"blademaster:FinisherDrawCardPerk":41,"blademaster:ComboEveryTurnPerk":7,"Ring of the Snake":0,"MerchantsRug":53,"Happy Flower":23,"hubris:DuctTape":38,"aspiration:Nostalgia":0,"blademaster:BonusComboPerk":23,"ReplayTheSpireMod:SealedPack":17,"Pen Nib":54,"War Paint":27,"aspiration:HiddenCompartment":26,"White Beast Statue":9,"Mercury Hourglass":7,"Replay:Baseball":29,"halation:EternalFortune":5,"hubris:BundleOfHerbs":37,"hubris:ToyBattleship":4,"blademaster:StanceHealPerk":10,"blademaster:DancersAmulet":0,"blademaster:WindChargePerk":27,"halation:PinkSoulGem":39,"halation:Trompette":46},{"blademaster:RandomStancePerk":19,"Juzu Bracelet":17,"hubris:MysteriousPyramids":4,"Replay:Rubber Ducky":22,"Replay:Bronze Core":14,"halation:VictoryRuler":9,"blademaster:LightningChargePerk":23,"halation:PromiseList":16,"blademaster:FinisherDrawCardPerk":16,"blademaster:ComboEveryTurnPerk":3,"Ring of the Snake":0,"MerchantsRug":22,"Happy Flower":11,"hubris:DuctTape":15,"aspiration:Nostalgia":0,"blademaster:BonusComboPerk":11,"ReplayTheSpireMod:SealedPack":8,"Pen Nib":23,"War Paint":12,"aspiration:HiddenCompartment":11,"White Beast Statue":3,"Mercury Hourglass":3,"Replay:Baseball":12,"halation:EternalFortune":2,"hubris:BundleOfHerbs":15,"hubris:ToyBattleship":2,"blademaster:StanceHealPerk":4,"blademaster:DancersAmulet":0,"blademaster:WindChargePerk":12,"halation:PinkSoulGem":15,"halation:Trompette":19},{"blademaster:RandomStancePerk":94,"Juzu Bracelet":84,"hubris:MysteriousPyramids":18,"Replay:Rubber Ducky":115,"Replay:Bronze Core":67,"halation:VictoryRuler":37,"blademaster:LightningChargePerk":119,"halation:PromiseList":80,"blademaster:FinisherDrawCardPerk":80,"blademaster:ComboEveryTurnPerk":12,"Ring of the Snake":0,"MerchantsRug":115,"Happy Flower":44,"hubris:DuctTape":73,"aspiration:Nostalgia":0,"blademaster:BonusComboPerk":44,"ReplayTheSpireMod:SealedPack":33,"Pen Nib":119,"War Paint":51,"aspiration:HiddenCompartment":44,"White Beast Statue":12,"Mercury Hourglass":12,"Replay:Baseball":51,"halation:EternalFortune":9,"hubris:BundleOfHerbs":73,"hubris:ToyBattleship":9,"blademaster:StanceHealPerk":18,"blademaster:DancersAmulet":0,"blademaster:WindChargePerk":51,"halation:PinkSoulGem":73,"halation:Trompette":94}],"Ring of the Snake":[52],"Mercury Hourglass":[457]},"card_choices":[{"not_picked":["blademaster:AwakeningStrike","blademaster:BloodyBlow"],"picked":"blademaster:DragonStrike","floor":1.0},{"not_picked":["blademaster:Thrust","blademaster:AwakeningDefend"],"picked":"blademaster:LightningCrash","floor":2.0},{"not_picked":["blademaster:Frenzy","blademaster:Quickness"],"picked":"blademaster:EnchantedCuirass","floor":7.0},{"not_picked":["blademaster:BladeMastery","blademaster:DeadlyDance"],"picked":"blademaster:Reversal","floor":10.0},{"not_picked":["blademaster:AspectOfWind","blademaster:SlyStabs"],"picked":"blademaster:Sharpen","floor":11.0},{"not_picked":["blademaster:AirSlash","blademaster:Reversal","blademaster:AspectOfLightning"],"picked":"SKIP","floor":12.0},{"not_picked":["blademaster:Havoc","blademaster:Quickstep"],"picked":"blademaster:Flurry","floor":14.0},{"not_picked":["blademaster:ColdBlood","blademaster:RollingTyphoon"],"picked":"blademaster:StanceMastery","floor":16.0},{"not_picked":["Clockwork:Tinker","theDuelist:FinalFlame"],"picked":"Clockwork:WarmUp","floor":17.0},{"not_picked":["blademaster:FuryOfTheElements","blademaster:FlockOfBlades"],"picked":"blademaster:CloudOfSteel","floor":17.0},{"not_picked":["Replay:Parry","Specialist"],"picked":"expansioncontent:GoopSpray","floor":17.0},{"not_picked":["ReplayTheSpireMod:Echoes of Time","infinitespire:Collect"],"picked":"infinitespire:Oblivion","floor":17.0},{"not_picked":["blademaster:CullingStrike","blademaster:WindSlash"],"picked":"blademaster:Empower","floor":18.0},{"not_picked":["blademaster:Quickstep","blademaster:Slice"],"picked":"blademaster:IcyWind+1","floor":21.0},{"not_picked":["blademaster:Havoc","blademaster:DeadlyDance"],"picked":"blademaster:Meditate","floor":23.0},{"not_picked":["blademaster:FuriousStrike","blademaster:ColdBlood"],"picked":"blademaster:EyeOfTheTornado","floor":27.0},{"not_picked":["blademaster:ParryingStrike","blademaster:AspectOfLightning+1"],"picked":"blademaster:AncestralHealing","floor":29.0},{"not_picked":["blademaster:Quickstep","blademaster:Hailwind","blademaster:BladeMastery"],"picked":"SKIP","floor":31.0},{"not_picked":["blademaster:FlockOfBlades","blademaster:RollingTyphoon"],"picked":"blademaster:Blindside","floor":33.0},{"not_picked":["blademaster:Frontflip","blademaster:DragonStrike+1"],"picked":"blademaster:Discharge","floor":35.0},{"not_picked":["blademaster:Cut","blademaster:Sunder"],"picked":"blademaster:UnrelentingWind","floor":41},{"not_picked":["blademaster:Flurry+1","blademaster:WindSlash","blademaster:BloodyBlow"],"picked":"SKIP","floor":42},{"not_picked":["blademaster:ThunderSlash","blademaster:Flurry+1","blademaster:CombatPrep"],"picked":"SKIP","floor":45},{"not_picked":["blademaster:BladeCross","blademaster:Flurry","blademaster:WindSlash"],"picked":"SKIP","floor":46},{"not_picked":["blademaster:Sunder+1","blademaster:DaggerAndCloak"],"picked":"blademaster:AwakeningDefend+1","floor":47},{"not_picked":["blademaster:AwakeningStrike+1","blademaster:Cut","blademaster:FlockOfBlades"],"picked":"SKIP","floor":48},{"not_picked":["blademaster:Frenzy","blademaster:Blindside"],"picked":"blademaster:Frontflip+1","floor":54}],"player_experience":2273552,"relics_obtained":[{"floor":7.0,"key":"Mercury Hourglass"},{"floor":7.0,"key":"blademaster:ComboEveryTurnPerk"},{"floor":9.0,"key":"White Beast Statue"},{"floor":10.0,"key":"hubris:MysteriousPyramids"},{"floor":10.0,"key":"blademaster:StanceHealPerk"},{"floor":18.0,"key":"halation:EternalFortune"},{"floor":23.0,"key":"Happy Flower"},{"floor":23.0,"key":"blademaster:BonusComboPerk"},{"floor":26.0,"key":"aspiration:HiddenCompartment"},{"floor":27.0,"key":"War Paint"},{"floor":27.0,"key":"blademaster:WindChargePerk"},{"floor":29.0,"key":"Replay:Baseball"},{"floor":41,"key":"halation:EternalFortune"},{"floor":41,"key":"halation:PromiseList"},{"floor":41,"key":"blademaster:FinisherDrawCardPerk"},{"floor":43,"key":"Juzu Bracelet"},{"floor":46,"key":"halation:Trompette"},{"floor":46,"key":"blademaster:RandomStancePerk"},{"floor":54,"key":"Pen Nib"},{"floor":54,"key":"blademaster:LightningChargePerk"}],"event_choices":[{"damage_healed":0.0,"max_hp_gain":0.0,"max_hp_loss":0.0,"gold_gain":0.0,"event_name":"Scrap Ooze","player_choice":"Success","floor":4.0,"gold_loss":0.0,"damage_taken":3.0,"relics_obtained":["hubris:ToyBattleship"]},{"damage_healed":0.0,"max_hp_gain":0.0,"max_hp_loss":0.0,"gold_gain":0.0,"event_name":"Winding Halls","player_choice":"Embrace Madness","floor":36.0,"gold_loss":0.0,"damage_taken":10.0,"cards_obtained":["Madness","Madness"]}],"is_beta":false,"boss_relics":[{"not_picked":["jedi:paperlyon","Runic Dome"],"picked":"ReplayTheSpireMod:SealedPack"},{"not_picked":["Pandora\u0027s Box","Snecko Eye"],"picked":"Replay:Bronze Core"}],"items_purged_floors":[19],"is_endless":false,"potions_floor_spawned":[2,7,10,11,12,14,16,18,21,23,27,31,33,35,41,42,45,46,47,48,54],"ascension_level":13}}