{"host":"nz11ypxva4e39b7q","time":1609166373,"event":{"mods":["BaseMod","Colored Map","Downfall","Minty Spire (QoL Compilation)","StSLib"],"gold_per_floor":[99,114,132,132,132,282,282,207,307,339,68,68,93,107,118,215,215,215,215,195,295,148,175,175,185,30,62,62,81,117,129,164,285,297,234,267,279,291,303,340,428,468,503,515,515,515],"floor_reached":44,"playtime":3358,"items_purged":["hexamod:Strike+1"],"score":545,"play_id":"f488d276-881f-440e-bb1b-cb8b479539ed","local_time":"20201228153933","is_ascension_mode":false,"campfire_choices":[{"floor":1.0,"key":"RECALL"},{"data":"hexamod:HauntingEcho","floor":8,"key":"SMITH"},{"data":"hexamod:TimeOfNeed","floor":18,"key":"SMITH"},{"data":"expansioncontent:DashGenerateEvil","floor":28,"key":"SMITH"},{"data":"hexamod:ApocalypticArmor","floor":35,"key":"SMITH"}],"circlet_count":0,"master_deck":["hexamod:Strike+1","hexamod:Defend+1","hexamod:Defend+1","hexamod:Defend+1","hexamod:Float+1","hexamod:HexaLevel","hexamod:HauntingEcho+1","hexamod:FastForward","hexamod:ApocalypticArmor+1","hexamod:StepThrough","expansioncontent:DashGenerateEvil+1","hexamod:SoulSteal","hexamod:TimeOfNeed+1","hexamod:ThirdSeal","hexamod:SkipABeat","hexamod:SpectersWail+1","hexamod:NecessarySacrifice+1","hexamod:SecondSeal","hexamod:Hexaguard","hexamod:FifthSeal","hexamod:FourthSeal","hexamod:FirstSeal","expansioncontent:DefensiveMode","expansioncontent:Collect","hexamod:SixthSeal"],"relics":["hexamod:SpiritBrand","Pear","downfall:HeartBlessingRed","StoneCalendar","Happy Flower","Runic Dome","hexamod:CandleOfCauterizing","MutagenicStrength","hexamod:JarOfFuel","Pantograph","Mummified Hand","OrangePellets","Eternal Feather","MawBank","hexamod:IceCube","downfall:HeartBlessingGreen","Gremlin Horn"],"acts_visited":["Exordium","TheCity","TheBeyond"],"potions_floor_usage":[20,23,30,33,42,44],"damage_taken":[{"damage":0.0,"enemies":"Small Slimes","floor":2.0,"turns":4.0},{"damage":0,"enemies":"Jaw Worm","floor":3,"turns":3},{"damage":18,"enemies":"downfall:Heads","floor":9,"turns":7},{"damage":6,"enemies":"Lagavulin","floor":10,"turns":5},{"damage":0,"enemies":"downfall:FleeingMerchant","floor":11,"turns":4},{"damage":5,"enemies":"Gremlin Nob","floor":13,"turns":4},{"damage":6,"enemies":"2 Louse","floor":14,"turns":2},{"damage":0,"enemies":"Large Slime","floor":15,"turns":4},{"damage":2,"enemies":"downfall:Defect","floor":16,"turns":5},{"damage":0,"enemies":"downfall:FleeingMerchant","floor":20,"turns":7},{"damage":15,"enemies":"downfall:Augmenter","floor":21,"turns":6},{"damage":0,"enemies":"Book of Stabbing","floor":23,"turns":4},{"damage":0,"enemies":"Chosen","floor":25,"turns":3},{"damage":14,"enemies":"Slavers","floor":27,"turns":4},{"damage":18,"enemies":"Snake Plant","floor":29,"turns":3},{"damage":12,"enemies":"Book of Stabbing","floor":30,"turns":4},{"damage":0,"enemies":"Shelled Parasite and Fungi","floor":32,"turns":3},{"damage":8,"enemies":"downfall:Silent","floor":33,"turns":7},{"damage":0,"enemies":"3 Darklings","floor":36,"turns":2},{"damage":0,"enemies":"Orb Walker","floor":42,"turns":3},{"damage":46,"enemies":"Spire Growth","floor":43,"turns":7},{"damage":24,"enemies":"Reptomancer","floor":44,"turns":3}],"seed_played":"8982547155235985190","potions_obtained":[{"floor":3,"key":"hexamod:DoubleChargePotion"},{"floor":15,"key":"Weak Potion"},{"floor":16,"key":"Dexterity Potion"},{"floor":25,"key":"SkillPotion"},{"floor":29,"key":"Fire Potion"},{"floor":33,"key":"FearPotion"},{"floor":43,"key":"hexamod:EctoCoolerPotion"}],"is_trial":false,"path_per_floor":["R","M","M","?","?","?","T","R","?","E","$","?","E","M","M","B",null,"R","?","$","?","$","E","T","M","$","E","R","M","E","?","M","B",null,"R","M","?","?","$","?","T","M","M","E"],"character_chosen":"THE_SPIRIT","items_purchased":["hexamod:StepThrough","expansioncontent:DashGenerateEvil","hexamod:CandleOfCauterizing","hexamod:JarOfFuel","OrangePellets"],"campfire_rested":0,"item_purchase_floors":[11,11,20,22,26],"current_hp_per_floor":[63,63,63,63,63,63,73,73,55,49,49,49,44,38,38,36,73,73,73,73,58,58,58,58,58,58,44,53,35,23,23,23,40,73,73,73,66,56,56,56,56,63,24,0,0,0],"gold":515,"neow_bonus":"THREE_RARE_CARDS","is_daily":false,"chose_seed":false,"campfire_upgraded":4,"win_rate":0.0,"timestamp":1609166373,"path_taken":["R","M","M","?","?","?","T","R","?","E","?","?","E","?","M","BOSS","R","?","?","?","?","E","T","M","$","E","R","M","E","?","M","BOSS","R","M","?","?","$","?","T","?","M","E"],"items_purchased_type":["Card","Card","Relic","Relic","Relic"],"build_version":"2020-12-22","purchased_purges":1,"victory":false,"max_hp_per_floor":[63,63,63,63,63,63,73,73,73,73,73,73,73,73,73,73,73,73,73,73,73,73,73,73,73,73,73,73,73,73,73,73,73,73,73,73,73,73,73,73,73,73,73,73,73,73],"card_choices":[{"not_picked":["hexamod:ParanormalForm","hexamod:VolcanoVisage"],"picked":"hexamod:HexaLevel","floor":0.0},{"not_picked":["hexamod:InspiringFlames","hexamod:BacktrackSmack","hexamod:ShieldOfDarkness"],"picked":"SKIP","floor":2.0},{"not_picked":["hexamod:GhostflameBarrier","hexamod:RecurringNightmare"],"picked":"hexamod:HauntingEcho","floor":3},{"not_picked":["hexamod:GhostOfSpirePast","hexamod:FastForward","hexamod:PhantomFireball"],"picked":"SKIP","floor":10},{"not_picked":["hexamod:InspiringFlames","hexamod:Again"],"picked":"hexamod:ApocalypticArmor","floor":11},{"not_picked":["hexamod:GhostLash","hexamod:SuperheatedStrike","hexamod:FastForward"],"picked":"SKIP","floor":13},{"not_picked":["hexamod:RetreatToShadows","hexamod:GhostShield","hexamod:HeatMetal"],"picked":"SKIP","floor":14},{"not_picked":["hexamod:NightmareStrike","hexamod:SuperheatedStrike"],"picked":"hexamod:SoulSteal","floor":15},{"not_picked":["hexamod:CrushingStance","hexamod:ApocalypticArmor"],"picked":"hexamod:TimeOfNeed","floor":16},{"not_picked":["hexamod:Hexaguard","hexamod:WildfireWeapon"],"picked":"hexamod:ThirdSeal","floor":20},{"not_picked":["hexamod:BacktrackSmack","hexamod:NightmareStrike"],"picked":"hexamod:SpectersWail+1","floor":23},{"not_picked":["hexamod:GhostLash","hexamod:NecessarySacrifice","hexamod:GiftsFromTheDead"],"picked":"SKIP","floor":23},{"not_picked":["hexamod:BacktrackSmack","hexamod:ShieldOfDarkness"],"picked":"hexamod:NecessarySacrifice+1","floor":25},{"not_picked":["hexamod:BurningTouch+1","hexamod:HeatShield+1","hexamod:RadiantFlame"],"picked":"SKIP","floor":25},{"not_picked":["hexamod:TurnItUp","hexamod:SkipABeat","hexamod:GhostflameBarrier"],"picked":"SKIP","floor":27},{"not_picked":["hexamod:HeatMetal+1","hexamod:ExtraCrispy","hexamod:ShieldOfDarkness+1"],"picked":"SKIP","floor":27},{"not_picked":["hexamod:PhantomCloak+1","hexamod:NightmareStrike+1"],"picked":"hexamod:SecondSeal","floor":29},{"not_picked":["hexamod:SpectersWail","hexamod:GhostOfSpirePast","hexamod:RainOfEmbers+1"],"picked":"SKIP","floor":29},{"not_picked":["hexamod:NightmareStrike","hexamod:SpectersWail","hexamod:RetreatToShadows"],"picked":"SKIP","floor":30},{"not_picked":["hexamod:NightmareStrike","hexamod:HeatMetal","hexamod:AdvancingGuard+1"],"picked":"SKIP","floor":30},{"not_picked":["hexamod:NecessarySacrifice","hexamod:InspiringFlames"],"picked":"hexamod:Hexaguard","floor":32},{"not_picked":["hexamod:SpectralAdrenaline","hexamod:HauntingEcho","hexamod:Rewind"],"picked":"SKIP","floor":32},{"not_picked":["hexamod:TimeOfNeed","hexamod:UnlimitedPower"],"picked":"hexamod:FifthSeal","floor":33},{"not_picked":["hexamod:ThirdSeal","hexamod:SecondSeal"],"picked":"hexamod:FourthSeal","floor":36},{"not_picked":["hexamod:HeatMetal+1","hexamod:BacktrackSmack","hexamod:NightmareGuise+1"],"picked":"SKIP","floor":36},{"not_picked":["expansioncontent:Flail","expansioncontent:SlimeTackle"],"picked":"expansioncontent:DefensiveMode","floor":38},{"not_picked":["expansioncontent:CaCaw","expansioncontent:GoopSpray"],"picked":"expansioncontent:Collect","floor":38},{"not_picked":["hexamod:FourthSeal","hexamod:ThirdSeal","hexamod:SecondSeal"],"picked":"SKIP","floor":42},{"not_picked":["hexamod:FlamesFromBeyond","hexamod:GhostShield+1","hexamod:NightmareGuise"],"picked":"SKIP","floor":42},{"not_picked":["hexamod:SpectersWail+1","hexamod:Again+1","hexamod:HauntingEcho+1"],"picked":"SKIP","floor":42},{"not_picked":["hexamod:FirstSeal","hexamod:ThirdSeal"],"picked":"hexamod:SixthSeal","floor":43},{"not_picked":["hexamod:RainOfEmbers","hexamod:FifthSeal","hexamod:SwordOfDarkness"],"picked":"SKIP","floor":43},{"not_picked":["hexamod:NightmareStrike+1","hexamod:Firestarter+1","hexamod:GhostOfSpirePast+1"],"picked":"SKIP","floor":43}],"player_experience":1145139,"relics_obtained":[{"floor":7,"key":"Pear"},{"floor":10,"key":"StoneCalendar"},{"floor":13,"key":"Happy Flower"},{"floor":21,"key":"MutagenicStrength"},{"floor":23,"key":"Pantograph"},{"floor":24,"key":"Mummified Hand"},{"floor":27,"key":"Eternal Feather"},{"floor":30,"key":"MawBank"},{"floor":41,"key":"Gremlin Horn"}],"event_choices":[{"cards_removed":["Regret"],"damage_healed":0,"gold_gain":0,"player_choice":"Card Removal","damage_taken":0,"max_hp_gain":0,"max_hp_loss":0,"event_name":"The Cleric","floor":5,"gold_loss":0},{"cards_removed":["hexamod:Strike"],"damage_healed":0,"gold_gain":0,"player_choice":"Offered Basic","damage_taken":0,"max_hp_gain":0,"max_hp_loss":0,"event_name":"Bonfire Elementals","floor":12,"gold_loss":0},{"damage_healed":0,"gold_gain":0,"player_choice":"Simplicity","damage_taken":0,"max_hp_gain":0,"max_hp_loss":0,"event_name":"Back to Basics","floor":19,"gold_loss":0,"cards_upgraded":["hexamod:Strike","hexamod:Strike","hexamod:Defend","hexamod:Defend"]},{"cards_removed":["hexamod:Strike"],"damage_healed":0,"gold_gain":0,"player_choice":"Purged","damage_taken":0,"max_hp_gain":0,"max_hp_loss":0,"event_name":"Purifier","floor":31,"gold_loss":0}],"is_beta":false,"boss_relics":[{"not_picked":["Cursed Key","Snecko Eye"],"picked":"Runic Dome"},{"not_picked":["Fusion Hammer","Astrolabe"],"picked":"hexamod:IceCube"}],"items_purged_floors":[20],"is_endless":false,"potions_floor_spawned":[3,15,16,25,29,33],"killed_by":"Reptomancer","ascension_level":0}}