{"host":"wy23tj84iquxuyyu","time":1609124320,"event":{"mods":["Aspiration","BaseMod","Better Note","Colored Map","Fireblade Mod","Hermit","Marked Mod","Minty Spire (QoL Compilation)","Random Character Button","Rare Cards Sparkle","Relic Stats","Replay The Spire","Retaliation","Spicy Shops","StSLib","The Cursed","The Death Knight","The Necromancer","Trackpad"],"gold_per_floor":[115,130,205,222,239,239,265,265,265,265,330,342,342,342],"floor_reached":13,"playtime":951,"items_purged":[],"score":85,"play_id":"8ed88864-16e6-498a-b094-a7759e58b983","local_time":"20201227215840","is_ascension_mode":false,"campfire_choices":[{"data":"Replay:ManipulateFuture","floor":6,"key":"SMITH"},{"floor":8,"key":"REST"},{"data":"ThirdEye","floor":10,"key":"SMITH"}],"circlet_count":0,"master_deck":["Strike_P","Strike_P","Strike_P","Strike_P","Defend_P","Defend_P","Defend_P","Defend_P","Eruption","Vigilance","ReplayTheSpireMod:Private Reserves","Replay:Cycle","ThirdEye+1","Replay:ManipulateFuture+1","Weave","Replay:ManipulateFuture"],"relics":["PureWater","Pen Nib","trackpad:AdjectivePendant","trackpad:SappingStone"],"acts_visited":["Exordium"],"potions_floor_usage":[7,7,11],"damage_taken":[{"damage":0,"enemies":"Cultist","floor":1,"turns":4},{"damage":1,"enemies":"2 Louse","floor":2,"turns":4},{"damage":0,"enemies":"Jaw Worm","floor":4,"turns":4},{"damage":2,"enemies":"2 Fungi Beasts","floor":5,"turns":7},{"damage":10,"enemies":"Lagavulin","floor":7,"turns":7},{"damage":67,"enemies":"Lagavulin Event","floor":11,"turns":10},{"damage":0,"enemies":"Gremlin Gang","floor":12,"turns":6},{"damage":6,"enemies":"Gremlin Nob","floor":13,"turns":2}],"seed_played":"-5738227935004515014","potions_obtained":[{"floor":4,"key":"LiquidMemories"},{"floor":5,"key":"PowerPotion"},{"floor":7,"key":"GamblersBrew"},{"floor":11,"key":"Venom Potion"}],"is_trial":false,"path_per_floor":["M","M","?","M","M","R","E","R","T","R","?","M","E"],"character_chosen":"WATCHER","items_purchased":[],"campfire_rested":1,"item_purchase_floors":[],"current_hp_per_floor":[72,71,60,60,58,58,48,69,69,69,2,2,0,0],"gold":342,"neow_bonus":"RANDOM_COLORLESS","is_daily":false,"chose_seed":false,"campfire_upgraded":2,"win_rate":0.0,"timestamp":1609124320,"path_taken":["M","M","?","M","M","R","E","R","T","R","?","?","E"],"items_purchased_type":[],"build_version":"2020-12-22","purchased_purges":0,"victory":false,"max_hp_per_floor":[72,72,72,72,72,72,72,72,72,72,72,72,72,72],"relic_stats":{"counters":[8,44],"Pen Nib":[3],"obtain_stats":[{"trackpad:SappingStone":11,"Pen Nib":7,"trackpad:AdjectivePendant":9,"PureWater":0},{"trackpad:SappingStone":5,"Pen Nib":5,"trackpad:AdjectivePendant":5,"PureWater":0},{"trackpad:SappingStone":26,"Pen Nib":26,"trackpad:AdjectivePendant":26,"PureWater":0}]},"card_choices":[{"not_picked":["Specialist","Finesse"],"picked":"ReplayTheSpireMod:Private Reserves","floor":0},{"not_picked":["Halt","ReachHeaven"],"picked":"Replay:Cycle","floor":1},{"not_picked":["ReachHeaven","WheelKick"],"picked":"ThirdEye","floor":2},{"not_picked":["Evaluate","MentalFortress"],"picked":"Replay:ManipulateFuture","floor":4},{"not_picked":["WindmillStrike","Consecrate","EmptyBody"],"picked":"SKIP","floor":5},{"not_picked":["SpiritShield","PathToVictory","InnerPeace"],"picked":"SKIP","floor":7},{"not_picked":["MarkedMod:Acupuncture","PathToVictory"],"picked":"Weave","floor":11},{"not_picked":["Pray","Replay:AtTheReady"],"picked":"Replay:ManipulateFuture","floor":12}],"player_experience":840158,"relics_obtained":[{"floor":7,"key":"Pen Nib"},{"floor":9,"key":"trackpad:AdjectivePendant"}],"event_choices":[{"damage_healed":0,"gold_gain":75,"player_choice":"Gather Gold","damage_taken":11,"max_hp_gain":0,"max_hp_loss":0,"event_name":"World of Goop","floor":3,"gold_loss":0},{"damage_healed":0,"gold_gain":0,"player_choice":"Searched \u00272\u0027 times","damage_taken":0,"relics_obtained":["trackpad:SappingStone"],"max_hp_gain":0,"max_hp_loss":0,"event_name":"Dead Adventurer","floor":11,"gold_loss":0}],"is_beta":false,"boss_relics":[],"items_purged_floors":[],"is_endless":false,"potions_floor_spawned":[4,5,7,11],"killed_by":"Gremlin Nob","ascension_level":0}}