{"host":"qj91dvco5uhu9oti","time":1609156586,"event":{"mods":["BaseMod","Colored Map","Keyboard Shortcuts","Minty Spire (QoL Compilation)","Permanent Neow","Quick Restart","Relic Stats","StSLib","SuperFastMode","everything is the same but u backflip on backflip"],"gold_per_floor":[118,134,134,148,164,164,164,164],"floor_reached":7,"playtime":172,"items_purged":[],"score":86,"play_id":"91a1dd16-f92f-4f98-88d9-ff0b5e0dd1e9","local_time":"20201228205626","is_ascension_mode":true,"campfire_choices":[{"data":"Armaments","floor":6,"key":"SMITH"}],"circlet_count":0,"master_deck":["AscendersBane","Strike_R","Strike_R","Strike_R","Strike_R","Strike_R","Defend_R","Defend_R","Defend_R","Defend_R","Bash","Barricade","Armaments+1","Disarm","Flame Barrier"],"relics":["Burning Blood"],"acts_visited":["Exordium"],"potions_floor_usage":[7],"damage_taken":[{"damage":7,"enemies":"2 Louse","floor":1,"turns":5},{"damage":7,"enemies":"Jaw Worm","floor":2,"turns":3},{"damage":9,"enemies":"Cultist","floor":4,"turns":4},{"damage":24,"enemies":"2 Fungi Beasts","floor":5,"turns":8},{"damage":40,"enemies":"Gremlin Nob","floor":7,"turns":5}],"seed_played":"-5953743466667641188","potions_obtained":[{"floor":1,"key":"SneckoOil"},{"floor":2,"key":"DistilledChaos"},{"floor":5,"key":"Explosive Potion"}],"is_trial":false,"path_per_floor":["M","M","?","M","M","R","E"],"character_chosen":"IRONCLAD","items_purchased":[],"campfire_rested":0,"item_purchase_floors":[],"current_hp_per_floor":[67,66,66,63,45,45,5,5],"gold":164,"neow_bonus":"THREE_RARE_CARDS","is_daily":false,"chose_seed":false,"campfire_upgraded":1,"win_rate":0.0,"timestamp":1609156586,"path_taken":["M","M","?","M","M","R","E"],"items_purchased_type":[],"build_version":"2020-12-22","purchased_purges":0,"victory":false,"max_hp_per_floor":[68,68,68,68,68,68,68,68],"relic_stats":{"counters":[5,24],"obtain_stats":[{"Burning Blood":0},{"Burning Blood":0},{"Burning Blood":0}],"Burning Blood":24},"card_choices":[{"not_picked":["Fiend Fire","Immolate"],"picked":"Barricade","floor":0},{"not_picked":["Searing Blow","Dropkick"],"picked":"Armaments","floor":1},{"not_picked":["Sever Soul","Perfected Strike"],"picked":"Disarm","floor":2},{"not_picked":["Headbutt","Intimidate","Reaper"],"picked":"SKIP","floor":4},{"not_picked":["Sword Boomerang","Sentinel"],"picked":"Flame Barrier","floor":5}],"player_experience":317599,"relics_obtained":[],"event_choices":[{"damage_healed":0,"gold_gain":0,"player_choice":"Ignored","damage_taken":0,"max_hp_gain":0,"max_hp_loss":0,"event_name":"Liars Game","floor":3,"gold_loss":0}],"is_beta":false,"boss_relics":[],"items_purged_floors":[],"is_endless":false,"potions_floor_spawned":[1,2,5],"killed_by":"Gremlin Nob","ascension_level":20}}