{"host":"mjmsgaxkb56jw5c5","time":1609192995,"event":{"mods":["Aspiration","BaseMod","Colored Powertips","Conspire","Downfall","Hubris","Minty Spire (QoL Compilation)","Replay The Spire","StSLib","The Jungle"],"gold_per_floor":[19,39,58,75,0,27,0,0,0],"floor_reached":8,"playtime":356,"items_purged":["Strike_G"],"score":67,"play_id":"7d3e6fbd-996a-49c7-91c4-292355ba121f","local_time":"20201228230315","is_ascension_mode":true,"campfire_choices":[],"circlet_count":0,"master_deck":["Strike_G","Strike_G","Strike_G","Defend_G","Defend_G","Defend_G","Defend_G","Survivor","Neutralize","Dagger Throw","Acrobatics","Calculated Gamble","Acrobatics"],"relics":["Ring of the Snake","Molten Egg 2"],"acts_visited":["Exordium"],"potions_floor_usage":[],"damage_taken":[{"damage":8,"enemies":"conspire:RoseBush","floor":1,"turns":4},{"damage":0,"enemies":"Small Slimes","floor":2,"turns":4},{"damage":0,"enemies":"2 Louse","floor":3,"turns":4},{"damage":2,"enemies":"2 Fungi Beasts","floor":4,"turns":5},{"damage":55,"enemies":"Lagavulin","floor":6,"turns":11},{"damage":7,"enemies":"Gremlin Nob","floor":8,"turns":2}],"seed_played":"-2323380120096740772","potions_obtained":[{"floor":1,"key":"Explosive Potion"},{"floor":6,"key":"Fire Potion"}],"is_trial":false,"path_per_floor":["M","M","M","M","$","E","?","E"],"character_chosen":"THE_SILENT","items_purchased":[],"campfire_rested":0,"item_purchase_floors":[],"current_hp_per_floor":[62,62,62,60,60,5,5,0,0],"gold":0,"neow_bonus":"REMOVE_TWO","is_daily":false,"chose_seed":false,"campfire_upgraded":0,"win_rate":0.0,"timestamp":1609192995,"path_taken":["M","M","M","M","$","E","?","E"],"items_purchased_type":[],"build_version":"2020-12-22","purchased_purges":1,"victory":false,"max_hp_per_floor":[70,70,70,70,70,70,70,70,70],"card_choices":[{"not_picked":["Masterful Stab","Cloak And Dagger"],"picked":"Dagger Throw","floor":1},{"not_picked":["Deadly Poison","Prepared"],"picked":"Acrobatics","floor":2},{"not_picked":["Underhanded Strike","Skewer"],"picked":"Calculated Gamble","floor":3},{"not_picked":["Bane","Skewer","Catalyst"],"picked":"SKIP","floor":4},{"not_picked":["hubris:SlightOfHand","ReplayTheSpireMod:Necrosis"],"picked":"Acrobatics","floor":6}],"player_experience":225201,"relics_obtained":[{"floor":6,"key":"Molten Egg 2"}],"event_choices":[{"damage_healed":0,"gold_gain":0,"player_choice":"Left Gold","damage_taken":0,"max_hp_gain":0,"max_hp_loss":0,"event_name":"World of Goop","floor":7,"gold_loss":27}],"is_beta":false,"boss_relics":[],"items_purged_floors":[5],"is_endless":false,"potions_floor_spawned":[1,6],"killed_by":"Gremlin Nob","ascension_level":3}}