{"host":"y7sd46uq4xlni546","time":1609153263,"event":{"mods":["AchievementEnabler","BaseMod","Colored Map","Colored Powertips","Curses Come First","Filter the Spire","Minty Spire (QoL Compilation)","Quick Restart","Random Character Button","Rare Cards Sparkle","StSLib"],"gold_per_floor":[119,294,306,321,332,332,364,432,432,447,457,457,486,486,486,582,582,599,599,589,602,701,701,720,749,749,784,784,87,115,140,140,244,244,257,272,301,301,314,314,351,378,378,437,437,477,327,353,353,353],"floor_reached":51,"playtime":3739,"items_purged":[],"score":925,"play_id":"eeec45c4-139e-4f87-8577-0944ad7815d2","local_time":"20201228120103","is_ascension_mode":true,"campfire_choices":[{"floor":6.0,"key":"REST"},{"floor":12.0,"key":"REST"},{"floor":15.0,"key":"REST"},{"floor":23.0,"key":"REST"},{"data":"Reaper","floor":32.0,"key":"SMITH"},{"data":"Double Tap","floor":40.0,"key":"SMITH"},{"data":"Fire Breathing","floor":45,"key":"SMITH"},{"data":"Shrug It Off","floor":49,"key":"SMITH"}],"circlet_count":0,"master_deck":["Strike_R+1","Strike_R+1","Strike_R+1","Strike_R+1","Defend_R+1","Defend_R+1","Defend_R+1","Bash","Heavy Blade","Doubt","Heavy Blade","Infernal Blade+1","Shrug It Off+1","Cleave","Fire Breathing+1","Headbutt","Feed","Iron Wave","Combust+1","Carnage+1","Warcry+1","Cleave+1","Thunderclap+1","Reaper+1","Feed","Uppercut+1","Double Tap+1","Perfected Strike","Clash+1","Cleave+1","Seeing Red","Bloodletting+1","Clash+1"],"relics":["Black Star","Magic Flower","Akabeko","Self Forming Clay","FossilizedHelix","Toy Ornithopter","Letter Opener","Empty Cage","Gambling Chip","Lantern","Gremlin Horn","Bottled Flame","CeramicFish","PreservedInsect","Matryoshka","DollysMirror","Bag of Preparation","Busted Crown","Omamori","Ancient Tea Set","Potion Belt","Kunai","Du-Vu Doll","MealTicket","Blood Vial","Oddly Smooth Stone"],"acts_visited":["Exordium","TheCity","TheBeyond"],"potions_floor_usage":[41,50,50],"damage_taken":[{"damage":15.0,"enemies":"2 Louse","floor":1.0,"turns":5.0},{"damage":1.0,"enemies":"Jaw Worm","floor":3.0,"turns":5.0},{"damage":10.0,"enemies":"Cultist","floor":4.0,"turns":4.0},{"damage":10.0,"enemies":"2 Fungi Beasts","floor":5.0,"turns":3.0},{"damage":63.0,"enemies":"Lagavulin","floor":7.0,"turns":9.0},{"damage":0.0,"enemies":"Looter","floor":10.0,"turns":3.0},{"damage":0.0,"enemies":"3 Louse","floor":11.0,"turns":1.0},{"damage":4.0,"enemies":"3 Sentries","floor":13.0,"turns":4.0},{"damage":0.0,"enemies":"Slime Boss","floor":16.0,"turns":6.0},{"damage":32.0,"enemies":"Shell Parasite","floor":18.0,"turns":10.0},{"damage":11.0,"enemies":"2 Thieves","floor":20.0,"turns":4.0},{"damage":21.0,"enemies":"Snake Plant","floor":21.0,"turns":5.0},{"damage":8.0,"enemies":"Snecko","floor":24.0,"turns":5.0},{"damage":35.0,"enemies":"Gremlin Leader","floor":25.0,"turns":7.0},{"damage":19.0,"enemies":"Book of Stabbing","floor":27.0,"turns":4.0},{"damage":0.0,"enemies":"Centurion and Healer","floor":30.0,"turns":3.0},{"damage":5.0,"enemies":"Chosen and Byrds","floor":31.0,"turns":4.0},{"damage":78.0,"enemies":"Collector","floor":33.0,"turns":11.0},{"damage":0.0,"enemies":"3 Shapes","floor":35.0,"turns":1.0},{"damage":0.0,"enemies":"3 Darklings","floor":36.0,"turns":1.0},{"damage":25.0,"enemies":"Spire Growth","floor":37.0,"turns":5.0},{"damage":0.0,"enemies":"Transient","floor":39.0,"turns":5.0},{"damage":46,"enemies":"Giant Head","floor":41,"turns":8},{"damage":0,"enemies":"Jaw Worm Horde","floor":42,"turns":1},{"damage":0,"enemies":"Mind Bloom Boss Battle","floor":44,"turns":4},{"damage":0,"enemies":"Reptomancer","floor":46,"turns":2},{"damage":0,"enemies":"3 Darklings","floor":48,"turns":1},{"damage":92,"enemies":"Time Eater","floor":50,"turns":9}],"seed_played":"6067190456298552433","potions_obtained":[{"floor":4.0,"key":"Fire Potion"},{"floor":7.0,"key":"SkillPotion"},{"floor":11.0,"key":"LiquidBronze"},{"floor":13.0,"key":"PowerPotion"},{"floor":16.0,"key":"EntropicBrew"},{"floor":27.0,"key":"ColorlessPotion"},{"floor":30.0,"key":"Block Potion"},{"floor":31.0,"key":"ColorlessPotion"},{"floor":35.0,"key":"GamblersBrew"},{"floor":37.0,"key":"EssenceOfSteel"},{"floor":44,"key":"Dexterity Potion"},{"floor":48,"key":"LiquidBronze"}],"is_trial":false,"path_per_floor":["M","?","M","M","M","R","E","T","T","M","M","R","E","?","R","B",null,"M","?","M","M","?","R","M","E","T","E","?","$","M","M","R","B",null,"M","M","M","?","M","R","E","M","T","?","R","E","$","M","R","B",null],"character_chosen":"IRONCLAD","items_purchased":["Matryoshka","Reaper","DollysMirror","Bag of Preparation","Oddly Smooth Stone"],"campfire_rested":4,"item_purchase_floors":[29,29,29,29,47],"current_hp_per_floor":[65,65,64,54,44,68,5,5,5,5,5,29,25,25,49,49,80,48,48,37,21,21,45,45,48,48,45,45,45,64,69,69,30,92,92,95,75,75,75,75,59,64,64,84,84,84,99,102,102,21],"gold":353,"neow_bonus":"BOSS_RELIC","is_daily":false,"chose_seed":false,"campfire_upgraded":4,"win_rate":0.0,"timestamp":1609153263,"path_taken":["M","?","M","M","M","R","E","?","T","?","M","R","E","?","R","BOSS","M","?","M","M","?","R","M","E","T","E","?","$","M","M","R","BOSS","M","?","M","?","M","R","E","M","T","?","R","E","$","M","R","BOSS"],"items_purchased_type":["Relic","Card","Relic","Relic","Relic"],"build_version":"2020-12-22","purchased_purges":0,"victory":true,"max_hp_per_floor":[80,80,80,80,80,80,80,80,80,80,80,80,80,80,80,80,80,80,80,80,83,83,83,83,83,83,83,83,83,89,92,92,92,92,92,95,98,98,98,98,101,104,104,104,104,104,104,104,104,104],"card_choices":[{"not_picked":["Sword Boomerang","Fire Breathing"],"picked":"Heavy Blade","floor":1.0},{"not_picked":["Havoc","Second Wind"],"picked":"Heavy Blade","floor":3.0},{"not_picked":["Burning Pact","Combust"],"picked":"Infernal Blade","floor":4.0},{"not_picked":["Warcry","Rupture","Second Wind"],"picked":"SKIP","floor":5.0},{"not_picked":["Spot Weakness","Havoc"],"picked":"Shrug It Off","floor":7.0},{"not_picked":["Pommel Strike","Havoc"],"picked":"Cleave","floor":10.0},{"not_picked":["Body Slam","Wild Strike"],"picked":"Fire Breathing","floor":11.0},{"not_picked":["Pommel Strike","Searing Blow"],"picked":"Headbutt","floor":13.0},{"not_picked":["Demon Form","Barricade"],"picked":"Feed","floor":16.0},{"not_picked":["Sword Boomerang","Intimidate"],"picked":"Iron Wave","floor":18.0},{"not_picked":["Wild Strike","Heavy Blade"],"picked":"Combust+1","floor":20.0},{"not_picked":["Thunderclap","Perfected Strike"],"picked":"Carnage+1","floor":21.0},{"not_picked":["Thunderclap","Fiend Fire"],"picked":"Warcry+1","floor":24.0},{"not_picked":["Ghostly Armor","Twin Strike"],"picked":"Cleave+1","floor":25.0},{"not_picked":["Sword Boomerang","Warcry"],"picked":"Thunderclap+1","floor":27.0},{"not_picked":["Searing Blow","Twin Strike+1"],"picked":"Uppercut+1","floor":30.0},{"not_picked":["Warcry","Entrench"],"picked":"Bloodletting","floor":31.0},{"not_picked":["Immolate","Limit Break"],"picked":"Double Tap","floor":33.0},{"not_picked":["Pommel Strike"],"picked":"SKIP","floor":35.0},{"not_picked":["Perfected Strike"],"picked":"SKIP","floor":36.0},{"not_picked":[],"picked":"Perfected Strike","floor":37.0},{"not_picked":["Cleave"],"picked":"SKIP","floor":39.0},{"not_picked":[],"picked":"Clash+1","floor":41},{"not_picked":[],"picked":"Cleave+1","floor":42},{"not_picked":[],"picked":"Seeing Red","floor":44},{"not_picked":[],"picked":"Bloodletting+1","floor":46},{"not_picked":[],"picked":"Clash+1","floor":48}],"player_experience":517436,"relics_obtained":[{"floor":7.0,"key":"Magic Flower"},{"floor":7.0,"key":"Akabeko"},{"floor":8.0,"key":"Self Forming Clay"},{"floor":9.0,"key":"FossilizedHelix"},{"floor":13.0,"key":"Toy Ornithopter"},{"floor":13.0,"key":"Letter Opener"},{"floor":25.0,"key":"Gambling Chip"},{"floor":25.0,"key":"Lantern"},{"floor":26.0,"key":"Gremlin Horn"},{"floor":27.0,"key":"Bottled Flame"},{"floor":27.0,"key":"CeramicFish"},{"floor":41,"key":"Omamori"},{"floor":41,"key":"Ancient Tea Set"},{"floor":43,"key":"Potion Belt"},{"floor":43,"key":"Kunai"},{"floor":44,"key":"Du-Vu Doll"},{"floor":46,"key":"MealTicket"},{"floor":46,"key":"Blood Vial"}],"event_choices":[{"damage_healed":0.0,"max_hp_gain":0.0,"max_hp_loss":0.0,"gold_gain":175.0,"event_name":"Liars Game","player_choice":"AGREE","floor":2.0,"gold_loss":0.0,"damage_taken":0.0,"cards_obtained":["Doubt"]},{"damage_healed":0.0,"max_hp_gain":0.0,"max_hp_loss":0.0,"gold_gain":0.0,"event_name":"Living Wall","player_choice":"Grow","floor":14.0,"gold_loss":0.0,"damage_taken":0.0,"cards_upgraded":["Infernal Blade"]},{"damage_healed":0.0,"max_hp_gain":0.0,"max_hp_loss":0.0,"gold_gain":0.0,"event_name":"Back to Basics","player_choice":"Simplicity","floor":19.0,"gold_loss":0.0,"damage_taken":0.0,"cards_upgraded":["Strike_R","Strike_R","Strike_R","Strike_R","Defend_R","Defend_R","Defend_R"]},{"damage_healed":0.0,"max_hp_gain":0.0,"max_hp_loss":0.0,"gold_gain":99.0,"event_name":"Nest","player_choice":"Stole From Cult","floor":22.0,"gold_loss":0.0,"damage_taken":0.0},{"damage_healed":0.0,"max_hp_gain":0.0,"max_hp_loss":0.0,"gold_gain":0.0,"event_name":"WeMeetAgain","player_choice":"Gave Potion","floor":28.0,"gold_loss":0.0,"damage_taken":0.0,"relics_obtained":["PreservedInsect"]},{"cards_removed":["Bloodletting"],"damage_healed":0.0,"max_hp_gain":0.0,"max_hp_loss":0.0,"gold_gain":0.0,"event_name":"Falling","player_choice":"Removed Skill","floor":38.0,"gold_loss":0.0,"damage_taken":0.0},{"damage_healed":0,"gold_gain":0,"player_choice":"Fight","damage_taken":0,"max_hp_gain":0,"max_hp_loss":0,"event_name":"MindBloom","floor":44,"gold_loss":0}],"is_beta":false,"boss_relics":[{"not_picked":["Velvet Choker","Ectoplasm"],"picked":"Empty Cage"},{"not_picked":["Astrolabe","Philosopher\u0027s Stone"],"picked":"Busted Crown"}],"items_purged_floors":[],"is_endless":false,"potions_floor_spawned":[4,7,11,13,16,21,27,30,31,35,37,44,48],"ascension_level":1}}