{"host":"a464imauj9yqom7y","time":1609116968,"event":{"mods":["AchievementEnabler","BaseMod","Better Altar","Better Match","Better Note","Better Sensory Stone","Better Skull","BetterRewards","Colored Map","Colored Powertips","Minty Spire (QoL Compilation)","Rare Cards Sparkle","Robot Space Explorer","Shade Mod","StSLib","TheArtist"],"gold_per_floor":[118,83,99,99,120,39,39,114,160,183,183,202,15,39,39,163,163,182,39,39,54,70,70,70,83,83,101,101,101,63,76,76,202,202,216,240,573,331,381,381,408,408,408,408,419,431,431,446,446,446],"floor_reached":51,"playtime":2242,"items_purged":[],"score":744,"play_id":"3a81bbb7-0f58-47f1-882f-546caae5c896","local_time":"20201227185607","is_ascension_mode":false,"campfire_choices":[{"data":"Corruption","floor":7,"key":"SMITH"},{"data":"Dark Embrace","floor":11,"key":"SMITH"},{"floor":15,"key":"REST"},{"floor":23,"key":"REST"},{"floor":28,"key":"REST"},{"floor":32,"key":"REST"},{"floor":40,"key":"REST"},{"floor":44,"key":"REST"},{"floor":47,"key":"REST"},{"floor":49,"key":"REST"}],"circlet_count":0,"master_deck":["Strike_R","Strike_R","Strike_R","Strike_R","Strike_R","Defend_R","Defend_R","Defend_R","Defend_R","Bash","Corruption+1","Sever Soul","Headbutt","Injury","Pommel Strike","Dark Embrace+1","Heavy Blade","Apotheosis","Power Through","Impervious","Perfected Strike+1","Shade:Defend_Shade","Feel No Pain","Body Slam+1","True Grit","Demon Form","Feel No Pain","Flame Barrier+1","True Grit","Armaments+1","True Grit","Cleave+1","Warcry+1","Armaments+1","Fire Breathing+1","Shrug It Off+1","Warcry+1"],"relics":["Burning Blood","Vajra","Busted Crown","Dream Catcher","Pocketwatch","Philosopher\u0027s Stone","Toxic Egg 2","Incense Burner","Ginger","Gremlin Horn"],"acts_visited":["Exordium","TheCity","TheBeyond"],"potions_floor_usage":[12,16,16,39,41,50,50],"damage_taken":[{"damage":5,"enemies":"Jaw Worm","floor":1,"turns":5},{"damage":6,"enemies":"2 Louse","floor":3,"turns":4},{"damage":1,"enemies":"Cultist","floor":5,"turns":4},{"damage":8,"enemies":"2 Fungi Beasts","floor":10,"turns":4},{"damage":27,"enemies":"Gremlin Gang","floor":12,"turns":5},{"damage":20,"enemies":"Lots of Slimes","floor":14,"turns":6},{"damage":30,"enemies":"Slime Boss","floor":16,"turns":4},{"damage":10,"enemies":"Chosen","floor":18,"turns":4},{"damage":26,"enemies":"Spheric Guardian","floor":21,"turns":6},{"damage":6,"enemies":"Cultist and Chosen","floor":22,"turns":6},{"damage":15,"enemies":"Snecko","floor":25,"turns":4},{"damage":5,"enemies":"Centurion and Healer","floor":27,"turns":4},{"damage":17,"enemies":"Snake Plant","floor":31,"turns":4},{"damage":30,"enemies":"Champ","floor":33,"turns":9},{"damage":0,"enemies":"Orb Walker","floor":35,"turns":4},{"damage":51,"enemies":"3 Darklings","floor":36,"turns":6},{"damage":0,"enemies":"Mind Bloom Boss Battle","floor":39,"turns":6},{"damage":84,"enemies":"Reptomancer","floor":41,"turns":7},{"damage":9,"enemies":"4 Shapes","floor":45,"turns":6},{"damage":0,"enemies":"Maw","floor":46,"turns":5},{"damage":30,"enemies":"3 Darklings","floor":48,"turns":5},{"damage":58,"enemies":"Awakened One","floor":50,"turns":9}],"seed_played":"8940705068648561350","potions_obtained":[{"floor":1,"key":"Fire Potion"},{"floor":3,"key":"CultistPotion"},{"floor":10,"key":"SteroidPotion"},{"floor":21,"key":"FairyPotion"},{"floor":25,"key":"Explosive Potion"},{"floor":27,"key":"Explosive Potion"},{"floor":31,"key":"Block Potion"},{"floor":41,"key":"Dexterity Potion"},{"floor":45,"key":"BloodPotion"}],"is_trial":false,"path_per_floor":["M","?","M","?","M","$","R","?","T","M","R","M","$","M","R","B",null,"M","$","?","M","M","R","$","M","T","M","R","?","$","M","R","B",null,"M","M","?","$","?","R","E","?","T","R","M","M","R","M","R","B",null],"character_chosen":"IRONCLAD","items_purchased":["Dark Embrace","Apotheosis","Dream Catcher","Feel No Pain","Toxic Egg 2"],"campfire_rested":8,"item_purchase_floors":[6,13,19,30,38],"current_hp_per_floor":[57,77,77,77,80,80,80,72,72,70,70,49,49,35,59,35,80,76,76,76,56,56,80,80,71,71,72,80,80,80,69,80,56,80,80,35,35,35,41,65,24,24,24,48,45,51,75,51,75,39],"gold":446,"neow_bonus":"THREE_RARE_CARDS","is_daily":false,"chose_seed":false,"campfire_upgraded":2,"win_rate":0.0,"timestamp":1609116967,"path_taken":["M","?","M","?","M","$","R","?","T","M","R","?","$","M","R","BOSS","M","$","?","M","?","R","?","M","T","M","R","?","$","M","R","BOSS","M","M","?","$","?","R","E","?","T","R","M","?","R","M","R","BOSS"],"items_purchased_type":["Card","Card","Relic","Card","Relic"],"build_version":"2020-12-22","purchased_purges":0,"victory":true,"max_hp_per_floor":[80,80,80,80,80,80,80,80,80,80,80,80,80,80,80,80,80,80,80,80,80,80,80,80,80,80,80,80,80,80,80,80,80,80,80,80,80,80,80,80,80,80,80,80,80,80,80,80,80,80],"card_choices":[{"not_picked":["Reaper","Impervious"],"picked":"Corruption","floor":0},{"not_picked":["Uppercut","Combust"],"picked":"Sever Soul","floor":1},{"not_picked":["Iron Wave","Searing Blow"],"picked":"Headbutt","floor":3},{"not_picked":["Clash","Hemokinesis"],"picked":"Pommel Strike","floor":5},{"not_picked":["Sword Boomerang","Clothesline"],"picked":"Armaments","floor":10},{"not_picked":["Disarm","Anger"],"picked":"Heavy Blade","floor":12},{"not_picked":["Clash","Pommel Strike"],"picked":"Power Through","floor":14},{"not_picked":["Fiend Fire","Barricade"],"picked":"Impervious","floor":16},{"not_picked":[],"picked":"Perfected Strike+1","floor":18},{"not_picked":["Perfected Strike"],"picked":"SKIP","floor":21},{"not_picked":[],"picked":"Feel No Pain","floor":22},{"not_picked":[],"picked":"Body Slam+1","floor":25},{"not_picked":[],"picked":"True Grit","floor":27},{"not_picked":[],"picked":"Flame Barrier+1","floor":31},{"not_picked":[],"picked":"True Grit","floor":32},{"not_picked":[],"picked":"Armaments+1","floor":35},{"not_picked":[],"picked":"True Grit","floor":36},{"not_picked":[],"picked":"Cleave+1","floor":39},{"not_picked":[],"picked":"Warcry+1","floor":41},{"not_picked":[],"picked":"Armaments+1","floor":45},{"not_picked":[],"picked":"Fire Breathing+1","floor":46},{"not_picked":[],"picked":"Shrug It Off+1","floor":47},{"not_picked":[],"picked":"Warcry+1","floor":48}],"player_experience":23794,"relics_obtained":[{"floor":9,"key":"Vajra"},{"floor":26,"key":"Pocketwatch"},{"floor":39,"key":"Incense Burner"},{"floor":41,"key":"Ginger"},{"floor":43,"key":"Gremlin Horn"}],"event_choices":[{"damage_healed":20,"gold_gain":0,"player_choice":"Healed","damage_taken":0,"max_hp_gain":0,"max_hp_loss":0,"event_name":"The Cleric","floor":2,"gold_loss":35},{"damage_healed":0,"gold_gain":0,"player_choice":"Take Wound","damage_taken":0,"relics_obtained":["Golden Idol"],"max_hp_gain":0,"max_hp_loss":0,"event_name":"Golden Idol","floor":4,"gold_loss":0,"cards_obtained":["Injury"]},{"damage_healed":0,"gold_gain":75,"player_choice":"Touch","damage_taken":8,"max_hp_gain":0,"max_hp_loss":0,"event_name":"FaceTrader","floor":8,"gold_loss":0},{"damage_healed":0,"gold_gain":0,"player_choice":"Take","damage_taken":0,"max_hp_gain":0,"max_hp_loss":0,"event_name":"betterNote:BetterNote","floor":20,"gold_loss":0,"cards_obtained":["Shade:Defend_Shade"]},{"damage_healed":0,"gold_gain":0,"player_choice":"Read","damage_taken":0,"max_hp_gain":0,"max_hp_loss":0,"event_name":"The Library","floor":29,"gold_loss":0,"cards_obtained":["Demon Form"]},{"damage_healed":0,"gold_gain":333,"player_choice":"Gave Idol","damage_taken":0,"max_hp_gain":0,"max_hp_loss":0,"event_name":"The Moai Head","floor":37,"relics_lost":["Golden Idol"],"gold_loss":0},{"damage_healed":0,"gold_gain":0,"player_choice":"Fight","damage_taken":0,"max_hp_gain":0,"max_hp_loss":0,"event_name":"MindBloom","floor":39,"gold_loss":0},{"cards_removed":["Armaments"],"damage_healed":0,"gold_gain":0,"player_choice":"Removed Skill","damage_taken":0,"max_hp_gain":0,"max_hp_loss":0,"event_name":"Falling","floor":42,"gold_loss":0}],"is_beta":false,"boss_relics":[{"not_picked":["Black Star","Snecko Eye"],"picked":"Busted Crown"},{"not_picked":["Tiny House","Runic Dome"],"picked":"Philosopher\u0027s Stone"}],"items_purged_floors":[],"is_endless":false,"potions_floor_spawned":[1,3,10,21,25,27,31,41,45],"ascension_level":0}}