{"host":"kh6fvhxn285ncg0o","time":1609165989,"event":{"mods":["Act Like it!","BaseMod","Colored Map","Friendly Minions","Keyboard Shortcuts","Minty Spire (QoL Compilation)","Quick Restart","Relic Stats","StSLib","SuperFastMode"],"gold_per_floor":[112,126,126,142,154,154,180,180,228,248,248,282,207,220,220,220,220],"floor_reached":16,"playtime":331,"items_purged":["Pain"],"score":224,"play_id":"0ba3cac8-beee-48f1-88b2-a4819bd28c27","local_time":"20201228233309","is_ascension_mode":true,"campfire_choices":[{"floor":6.0,"key":"REST"},{"floor":15.0,"key":"REST"}],"circlet_count":0,"master_deck":["AscendersBane","Strike_R","Strike_R","Strike_R","Strike_R+1","Strike_R","Defend_R+1","Defend_R","Defend_R","Defend_R+1","Bash","Pommel Strike+1","Feel No Pain","Rage+1"],"relics":["Burning Blood","Centennial Puzzle","WarpedTongs","Pear","Whetstone","Potion Belt"],"acts_visited":["Exordium"],"potions_floor_usage":[16,16],"damage_taken":[{"damage":10.0,"enemies":"Small Slimes","floor":1.0,"turns":3.0},{"damage":17.0,"enemies":"Cultist","floor":2.0,"turns":4.0},{"damage":11.0,"enemies":"2 Louse","floor":4.0,"turns":2.0},{"damage":12.0,"enemies":"Red Slaver","floor":5.0,"turns":3.0},{"damage":26.0,"enemies":"Lagavulin","floor":7.0,"turns":8.0},{"damage":3.0,"enemies":"Looter","floor":10.0,"turns":2.0},{"damage":27.0,"enemies":"Gremlin Nob","floor":12.0,"turns":5.0},{"damage":5.0,"enemies":"Blue Slaver","floor":14.0,"turns":3.0},{"damage":42,"enemies":"Slime Boss","floor":16,"turns":7}],"seed_played":"-8394253095419222393","potions_obtained":[{"floor":2.0,"key":"SkillPotion"},{"floor":7.0,"key":"Weak Potion"},{"floor":10.0,"key":"Dexterity Potion"},{"floor":14.0,"key":"Fire Potion"}],"is_trial":false,"path_per_floor":["M","M","?","M","M","R","E","?","T","M","?","E","$","M","R","B"],"character_chosen":"IRONCLAD","items_purchased":[],"campfire_rested":2,"item_purchase_floors":[],"current_hp_per_floor":[64,53,53,48,42,64,54,54,54,57,31,10,10,11,36,0,0],"gold":220,"neow_bonus":"RANDOM_COMMON_RELIC","is_daily":false,"chose_seed":false,"campfire_upgraded":0,"win_rate":0.0,"timestamp":1609165989,"path_taken":["M","M","?","?","M","R","E","?","T","?","?","E","$","M","R","BOSS"],"items_purchased_type":[],"build_version":"2020-12-22","purchased_purges":1,"victory":false,"max_hp_per_floor":[75,75,75,75,75,75,85,85,85,85,85,85,85,85,85,85,85],"relic_stats":{"Centennial Puzzle":[27],"counters":[9,37],"Whetstone":["Strike_R","Pommel Strike"],"obtain_stats":[{"Potion Belt":12,"Centennial Puzzle":0,"Pear":7,"Whetstone":9,"Burning Blood":0,"WarpedTongs":3},{"Potion Belt":7,"Centennial Puzzle":0,"Pear":5,"Whetstone":5,"Burning Blood":0,"WarpedTongs":2},{"Potion Belt":27,"Centennial Puzzle":0,"Pear":20,"Whetstone":20,"Burning Blood":0,"WarpedTongs":7}],"Burning Blood":48,"WarpedTongs":[28]},"card_choices":[{"not_picked":["True Grit","Flex"],"picked":"Pommel Strike","floor":1.0},{"not_picked":["Perfected Strike","Berserk"],"picked":"Feel No Pain","floor":4.0},{"not_picked":["Reckless Charge","Warcry"],"picked":"Rage","floor":5.0},{"not_picked":["Pommel Strike","Headbutt","Warcry"],"picked":"SKIP","floor":7.0},{"not_picked":["Anger","Thunderclap","Cleave"],"picked":"SKIP","floor":10.0},{"not_picked":["Pummel","Clash","Reaper"],"picked":"SKIP","floor":12.0},{"not_picked":["Anger","Combust","Searing Blow"],"picked":"SKIP","floor":14.0}],"player_experience":3291220,"relics_obtained":[{"floor":7.0,"key":"Pear"},{"floor":9.0,"key":"Whetstone"},{"floor":12.0,"key":"Potion Belt"}],"event_choices":[{"damage_healed":0.0,"max_hp_gain":0.0,"max_hp_loss":0.0,"gold_gain":0.0,"event_name":"Accursed Blacksmith","player_choice":"Rummage","floor":3.0,"gold_loss":0.0,"damage_taken":0.0,"relics_obtained":["WarpedTongs"],"cards_obtained":["Pain"]},{"damage_healed":0.0,"max_hp_gain":0.0,"max_hp_loss":0.0,"gold_gain":0.0,"event_name":"Upgrade Shrine","player_choice":"Upgraded","floor":8.0,"gold_loss":0.0,"damage_taken":0.0,"cards_upgraded":["Rage"]},{"damage_healed":0.0,"max_hp_gain":0.0,"max_hp_loss":0.0,"gold_gain":0.0,"event_name":"Shining Light","player_choice":"Entered Light","floor":11.0,"gold_loss":0.0,"damage_taken":26.0,"cards_upgraded":["Defend_R","Defend_R"]}],"is_beta":false,"boss_relics":[],"items_purged_floors":[13],"is_endless":false,"potions_floor_spawned":[2,7,10,14],"killed_by":"Slime Boss","ascension_level":20}}