{"host":"3a1ypf1irl30q4k8","time":1609158410,"event":{"mods":["AchievementEnabler","BaseMod","Bestiary","Colored Map","Minty Spire (QoL Compilation)","Relic Stats"],"gold_per_floor":[14,25,36,1,1,45,45,84,107,107,132,33,59,87,87,193,220,239,439,463,482,502,502,502,502,527,131,155,46,46,70,70,178,178,206,54,54,81,100,35,35,35,35],"floor_reached":42,"playtime":3157,"items_purged":["Strike_P"],"score":558,"play_id":"e7b9b8b2-1831-40b8-a9b9-1f38c8851f86","local_time":"20201228122650","is_ascension_mode":true,"campfire_choices":[{"floor":7,"key":"REST"},{"floor":10,"key":"REST"},{"floor":15,"key":"REST"},{"floor":23,"key":"REST"},{"floor":25,"key":"REST"},{"data":"Protect","floor":32,"key":"SMITH"},{"data":"Ragnarok","floor":41,"key":"SMITH"}],"circlet_count":0,"master_deck":["Defend_P","Defend_P","Defend_P","Defend_P","Eruption+1","Vigilance","SignatureMove","FlyingSleeves","FollowUp","Crescendo","EmptyBody","Ragnarok+1","Adaptation+1","FearNoEvil","SashWhip","Consecrate+1","LessonLearned","Worship+1","Wallop+1","FollowUp+1","JustLucky+1","TalkToTheHand+1","Halt","Meditate","LikeWater+1","Tantrum","ClearTheMind","Protect+1","DevaForm+1","Halt+1","Halt+1","Blasphemy"],"relics":["PureWater","WingedGreaves","Akabeko","CeramicFish","Question Card","MealTicket","Astrolabe","Centennial Puzzle","Eternal Feather","FossilizedHelix","VioletLotus","Medical Kit"],"acts_visited":["Exordium","TheCity","TheBeyond"],"potions_floor_usage":[11,16,20,31,33,33],"damage_taken":[{"damage":0,"enemies":"Jaw Worm","floor":1,"turns":3},{"damage":4,"enemies":"Small Slimes","floor":2,"turns":5},{"damage":0,"enemies":"Cultist","floor":3,"turns":2},{"damage":47,"enemies":"Lagavulin","floor":6,"turns":6},{"damage":30,"enemies":"3 Sentries","floor":8,"turns":5},{"damage":9,"enemies":"Lots of Slimes","floor":11,"turns":4},{"damage":7,"enemies":"3 Louse","floor":13,"turns":2},{"damage":23,"enemies":"Exordium Thugs","floor":14,"turns":3},{"damage":30,"enemies":"Slime Boss","floor":16,"turns":8},{"damage":5,"enemies":"2 Thieves","floor":18,"turns":4},{"damage":7,"enemies":"3 Byrds","floor":20,"turns":4},{"damage":9,"enemies":"Snake Plant","floor":21,"turns":3},{"damage":17,"enemies":"Cultist and Chosen","floor":22,"turns":5},{"damage":15,"enemies":"Centurion and Healer","floor":28,"turns":4},{"damage":27,"enemies":"Sentry and Sphere","floor":31,"turns":5},{"damage":35,"enemies":"Champ","floor":33,"turns":9},{"damage":3,"enemies":"3 Shapes","floor":35,"turns":3},{"damage":0,"enemies":"Orb Walker","floor":38,"turns":2},{"damage":11,"enemies":"Sphere and 2 Shapes","floor":39,"turns":4},{"damage":73,"enemies":"Reptomancer","floor":42,"turns":4}],"seed_played":"8681069413390421285","potions_obtained":[{"floor":3,"key":"Ancient Potion"},{"floor":6,"key":"EssenceOfSteel"},{"floor":8,"key":"BottledMiracle"},{"floor":14,"key":"Fire Potion"},{"floor":18,"key":"SkillPotion"},{"floor":20,"key":"GamblersBrew"},{"floor":22,"key":"Dexterity Potion"},{"floor":28,"key":"AttackPotion"},{"floor":35,"key":"Energy Potion"},{"floor":38,"key":"CultistPotion"}],"is_trial":false,"path_per_floor":["M","M","M","?","?","E","R","E","T","R","M","$","M","M","R","B",null,"M","?","M","M","M","R","?","R","T","$","M","$","T","M","R","B",null,"M","$","?","M","M","$","R","E"],"character_chosen":"WATCHER","items_purchased":["Adaptation","FearNoEvil","Eternal Feather","Meditate","Tantrum","ClearTheMind","Medical Kit","Blasphemy"],"campfire_rested":5,"item_purchase_floors":[12,12,27,27,29,29,36,40],"current_hp_per_floor":[65,61,61,72,72,25,46,16,16,37,28,43,36,13,34,4,55,50,50,43,34,17,38,38,59,59,72,57,72,72,45,60,25,60,57,72,72,72,61,72,72,0,0],"gold":35,"neow_bonus":"ONE_RARE_RELIC","is_daily":false,"chose_seed":false,"campfire_upgraded":2,"win_rate":0.0,"timestamp":1609158410,"path_taken":["M","M","M","?","?","E","R","E","T","R","M","$","M","M","R","BOSS","M","?","?","M","M","R","?","R","T","$","M","$","?","M","R","BOSS","M","$","?","M","M","$","R","E"],"items_purchased_type":["Card","Card","Relic","Card","Card","Card","Relic","Card"],"build_version":"2020-12-22","purchased_purges":1,"victory":false,"max_hp_per_floor":[72,72,72,72,72,72,72,72,72,72,72,72,72,72,72,72,72,72,72,72,72,72,72,72,72,72,72,72,72,72,72,72,72,72,72,72,72,72,72,72,72,72,72],"relic_stats":{"Centennial Puzzle":[15],"counters":[20,85],"CeramicFish":207,"Astrolabe":["Worship","Wallop","FollowUp"],"MealTicket":69,"Eternal Feather":15,"VioletLotus":[4],"Question Card":14,"Medical Kit":[0],"obtain_stats":[{"Centennial Puzzle":26,"CeramicFish":6,"Astrolabe":17,"MealTicket":9,"Eternal Feather":27,"WingedGreaves":0,"VioletLotus":34,"PureWater":0,"Question Card":8,"Medical Kit":36,"Akabeko":5,"FossilizedHelix":30},{"Centennial Puzzle":13,"CeramicFish":4,"Astrolabe":9,"MealTicket":5,"Eternal Feather":13,"WingedGreaves":0,"VioletLotus":16,"PureWater":0,"Question Card":5,"Medical Kit":17,"Akabeko":3,"FossilizedHelix":14},{"Centennial Puzzle":54,"CeramicFish":16,"Astrolabe":38,"MealTicket":21,"Eternal Feather":54,"WingedGreaves":0,"VioletLotus":72,"PureWater":0,"Question Card":21,"Medical Kit":75,"Akabeko":10,"FossilizedHelix":58}]},"card_choices":[{"not_picked":["JustLucky","ThirdEye"],"picked":"SignatureMove","floor":1},{"not_picked":["CarveReality","CrushJoints"],"picked":"FlyingSleeves","floor":2},{"not_picked":["PathToVictory","JustLucky"],"picked":"FollowUp","floor":3},{"not_picked":["FlyingSleeves","WindmillStrike"],"picked":"Crescendo","floor":6},{"not_picked":["Swivel","Evaluate"],"picked":"EmptyBody","floor":8},{"not_picked":["Worship","PathToVictory","EmptyBody"],"picked":"Ragnarok","floor":11},{"not_picked":["BowlingBash","SignatureMove","Adaptation"],"picked":"SashWhip","floor":13},{"not_picked":["Prostrate","FearNoEvil","Indignation"],"picked":"Consecrate","floor":14},{"not_picked":["DeusExMachina","Brilliance","Judgement"],"picked":"LessonLearned","floor":16},{"not_picked":["Nirvana","FollowUp","Prostrate","Evaluate"],"picked":"SKIP","floor":18},{"not_picked":["DeceiveReality","EmptyBody","Nirvana+1"],"picked":"JustLucky+1","floor":20},{"not_picked":["Prostrate+1","Wallop","JustLucky+1"],"picked":"TalkToTheHand","floor":21},{"not_picked":["Pray","PathToVictory","FlyingSleeves"],"picked":"Halt","floor":22},{"not_picked":["CrushJoints","WindmillStrike","SashWhip+1"],"picked":"LikeWater","floor":28},{"not_picked":["BowlingBash","Crescendo","Prostrate"],"picked":"Protect","floor":31},{"not_picked":["Establishment","ConjureBlade","Devotion"],"picked":"DevaForm","floor":33},{"not_picked":["FollowUp+1","Prostrate+1","EmptyFist+1"],"picked":"Halt+1","floor":35},{"not_picked":["FlyingSleeves+1","CutThroughFate","Adaptation+1"],"picked":"Halt+1","floor":38},{"not_picked":["ThirdEye+1","FollowUp+1","Prostrate+1","Evaluate+1"],"picked":"SKIP","floor":39}],"player_experience":895672,"relics_obtained":[{"floor":6,"key":"CeramicFish"},{"floor":8,"key":"Question Card"},{"floor":9,"key":"MealTicket"},{"floor":26,"key":"Centennial Puzzle"},{"floor":30,"key":"FossilizedHelix"}],"event_choices":[{"damage_healed":18,"gold_gain":0,"player_choice":"Healed","damage_taken":0,"max_hp_gain":0,"max_hp_loss":0,"event_name":"The Cleric","floor":4,"gold_loss":35},{"damage_healed":0,"gold_gain":0,"player_choice":"Gave Potion","damage_taken":0,"relics_obtained":["Akabeko"],"max_hp_gain":0,"max_hp_loss":0,"event_name":"WeMeetAgain","floor":5,"gold_loss":0},{"damage_healed":0,"gold_gain":200,"player_choice":"Gold","damage_taken":0,"max_hp_gain":0,"max_hp_loss":0,"event_name":"Wheel of Change","floor":19,"gold_loss":0},{"damage_healed":0,"gold_gain":0,"player_choice":"Upgraded","damage_taken":0,"max_hp_gain":0,"max_hp_loss":0,"event_name":"Upgrade Shrine","floor":24,"gold_loss":0,"cards_upgraded":["TalkToTheHand"]},{"damage_healed":0,"gold_gain":0,"player_choice":"Upgraded","damage_taken":0,"max_hp_gain":0,"max_hp_loss":0,"event_name":"Upgrade Shrine","floor":37,"gold_loss":0,"cards_upgraded":["Consecrate"]}],"is_beta":false,"boss_relics":[{"not_picked":["Cursed Key","SacredBark"],"picked":"Astrolabe"},{"not_picked":["Tiny House","Pandora\u0027s Box"],"picked":"VioletLotus"}],"items_purged_floors":[27],"is_endless":false,"potions_floor_spawned":[3,6,8,14,18,20,22,28,35,38],"killed_by":"Reptomancer","ascension_level":6}}