{"host":"640uue19m79c7wbt","time":1609140387,"event":{"mods":["BaseMod","Colored Map","Googly Eyes","Highlight Path","Minty Spire (QoL Compilation)","Quick Restart","StSLib"],"gold_per_floor":[109,36,1,11,11,11,44,44,44,58,68,243,272,272,272,376,426,437,437,63,80,5,5,5,5,86,100,118,147,147,174,174,174,174],"floor_reached":33,"playtime":1139,"items_purged":["Doubt"],"score":458,"play_id":"068d6454-1805-4b64-bd8f-b398c0566f35","local_time":"20201228022627","is_ascension_mode":true,"campfire_choices":[{"data":"Envenom","floor":6.0,"key":"SMITH"},{"data":"Discovery","floor":8.0,"key":"SMITH"},{"floor":15.0,"key":"REST"},{"data":"Panache","floor":23.0,"key":"SMITH"},{"data":"A Thousand Cuts","floor":25.0,"key":"SMITH"},{"floor":32,"key":"REST"}],"circlet_count":0,"master_deck":["Strike_G","Strike_G","Strike_G","Strike_G","Strike_G","Defend_G","Defend_G","Defend_G","Defend_G","Defend_G","Survivor+1","Neutralize+1","Blade Dance","Cloak And Dagger","Slice+1","PiercingWail","Envenom+1","Neutralize","Discovery+1","Bouncing Flask","Choke","A Thousand Cuts+1","Blur","Corpse Explosion","Footwork","Panache","Accuracy","Panache+1","PiercingWail+1","Terror","Bullet Time","Accuracy"],"relics":["Ring of the Snake","NeowsBlessing","Potion Belt","Anchor","Torii","Tiny House","DollysMirror","Incense Burner","Regal Pillow"],"acts_visited":["Exordium","TheCity"],"potions_floor_usage":[29,29,31],"damage_taken":[{"damage":0.0,"enemies":"Small Slimes","floor":1.0,"turns":1.0},{"damage":0.0,"enemies":"2 Louse","floor":4.0,"turns":1.0},{"damage":0.0,"enemies":"3 Sentries","floor":7.0,"turns":1.0},{"damage":0.0,"enemies":"Cultist","floor":10.0,"turns":4.0},{"damage":0.0,"enemies":"Large Slime","floor":11.0,"turns":4.0},{"damage":24.0,"enemies":"Lagavulin","floor":13.0,"turns":6.0},{"damage":14.0,"enemies":"The Guardian","floor":16.0,"turns":6.0},{"damage":0.0,"enemies":"Spheric Guardian","floor":18.0,"turns":1.0},{"damage":6.0,"enemies":"Shell Parasite","floor":21.0,"turns":4.0},{"damage":7.0,"enemies":"Centurion and Healer","floor":27.0,"turns":5.0},{"damage":25.0,"enemies":"Chosen and Byrds","floor":28.0,"turns":5.0},{"damage":11,"enemies":"Book of Stabbing","floor":29,"turns":5},{"damage":10,"enemies":"Slavers","floor":31,"turns":4},{"damage":56,"enemies":"Automaton","floor":33,"turns":6}],"seed_played":"2811298963933274787","potions_obtained":[{"floor":1.0,"key":"Regen Potion"},{"floor":4.0,"key":"BlessingOfTheForge"},{"floor":11.0,"key":"SmokeBomb"},{"floor":16.0,"key":"DuplicationPotion"},{"floor":17.0,"key":"CunningPotion"},{"floor":27.0,"key":"Weak Potion"},{"floor":28.0,"key":"SkillPotion"},{"floor":29,"key":"Strength Potion"}],"is_trial":false,"path_per_floor":["M","$","?","M","?","R","E","R","T","M","M","?","E","?","R","B",null,"M","?","$","M","$","R","$","R","T","M","M","E","?","E","R","B"],"character_chosen":"THE_SILENT","items_purchased":["Cloak And Dagger","Slice","Panache","Accuracy","DollysMirror"],"campfire_rested":2,"item_purchase_floors":[2,2,20,20,20],"current_hp_per_floor":[63,63,70,70,70,70,70,70,70,70,70,70,46,32,53,54,71,71,71,71,65,65,65,65,65,65,58,33,22,22,12,49,0,0],"gold":174,"neow_bonus":"THREE_ENEMY_KILL","is_daily":false,"chose_seed":false,"campfire_upgraded":4,"win_rate":0.0,"timestamp":1609140387,"path_taken":["M","$","?","M","?","R","E","R","T","?","M","?","E","?","R","BOSS","M","?","?","M","$","R","?","R","T","?","M","E","?","E","R","BOSS"],"items_purchased_type":["Card","Card","Card","Card","Relic"],"build_version":"2020-12-22","purchased_purges":1,"victory":false,"max_hp_per_floor":[70,70,70,70,70,70,70,70,70,70,70,70,70,70,70,70,75,75,75,75,75,75,75,75,75,75,75,75,75,75,75,75,75,75],"card_choices":[{"not_picked":["Crippling Poison","Slice"],"picked":"Blade Dance","floor":1.0},{"not_picked":["Deflect","Dodge and Roll"],"picked":"PiercingWail","floor":4.0},{"not_picked":["Blade Dance","Skewer"],"picked":"Bouncing Flask","floor":7.0},{"not_picked":["Flechettes","Quick Slash"],"picked":"Choke","floor":10.0},{"not_picked":["Blade Dance","Bane"],"picked":"A Thousand Cuts","floor":11.0},{"not_picked":["Catalyst","Riddle With Holes"],"picked":"Blur","floor":13.0},{"not_picked":["Malaise","After Image"],"picked":"Corpse Explosion","floor":16.0},{"not_picked":["Prepared","Deadly Poison+1"],"picked":"Footwork","floor":18.0},{"not_picked":["Deflect","Quick Slash+1"],"picked":"PiercingWail+1","floor":21.0},{"not_picked":["Prepared","Escape Plan","Heel Hook"],"picked":"SKIP","floor":27.0},{"not_picked":["Blade Dance","Eviscerate"],"picked":"Terror","floor":28.0},{"not_picked":["Cloak And Dagger","Bane"],"picked":"Bullet Time","floor":29},{"not_picked":["Distraction","Dagger Spray"],"picked":"Accuracy","floor":31}],"player_experience":1242221,"relics_obtained":[{"floor":7.0,"key":"Potion Belt"},{"floor":9.0,"key":"Anchor"},{"floor":13.0,"key":"Torii"},{"floor":29,"key":"Incense Burner"},{"floor":31,"key":"Regal Pillow"}],"event_choices":[{"damage_healed":17.0,"max_hp_gain":0.0,"max_hp_loss":0.0,"gold_gain":0.0,"event_name":"The Cleric","player_choice":"Healed","floor":3.0,"gold_loss":35.0,"damage_taken":0.0},{"damage_healed":0.0,"max_hp_gain":0.0,"max_hp_loss":0.0,"gold_gain":0.0,"event_name":"Match and Keep!","player_choice":"3 cards matched","floor":5.0,"gold_loss":0.0,"damage_taken":0.0,"cards_obtained":["Envenom","Neutralize","Discovery"]},{"damage_healed":0.0,"max_hp_gain":0.0,"max_hp_loss":0.0,"gold_gain":175.0,"event_name":"Liars Game","player_choice":"AGREE","floor":12.0,"gold_loss":0.0,"damage_taken":0.0,"cards_obtained":["Doubt"]},{"damage_healed":0.0,"max_hp_gain":0.0,"max_hp_loss":0.0,"gold_gain":0.0,"event_name":"Shining Light","player_choice":"Entered Light","floor":14.0,"gold_loss":0.0,"damage_taken":14.0,"cards_upgraded":["Slice","Neutralize"]},{"damage_healed":0.0,"max_hp_gain":0.0,"max_hp_loss":0.0,"gold_gain":0.0,"event_name":"N\u0027loth","player_choice":"Ignored","floor":19.0,"gold_loss":0.0,"damage_taken":0.0},{"damage_healed":0,"gold_gain":0,"player_choice":"Ignored","damage_taken":0,"max_hp_gain":0,"max_hp_loss":0,"event_name":"Ghosts","floor":30,"gold_loss":0}],"is_beta":false,"boss_relics":[{"not_picked":["Pandora\u0027s Box","Runic Dome"],"picked":"Tiny House"}],"items_purged_floors":[22],"is_endless":false,"potions_floor_spawned":[1,4,11,16,27,28,29],"killed_by":"Automaton","ascension_level":9}}