{"host":"sav7uxregyirlf69","time":1609152705,"event":{"mods":["AchievementEnabler","BaseMod","Colored Map","DeckTracker","Keyboard Shortcuts","Minty Spire (QoL Compilation)","READ ME - Guardian Mod","StSLib","SuperFastMode"],"gold_per_floor":[217,55,74,74,349,349,362,362,385,446,330,330,346,360,360,434,434,406,51,231,250,260,260,288,288,311,330,340,340,350,362,362,436,436,449,245,245,264,264,291,345,373,373,373,373,407,407,174,174,174,174,174,174,66,93,93],"floor_reached":57,"playtime":1472,"items_purged":["Regret","Strike_R","Strike_R","Anger+1"],"score":2921,"play_id":"3ff7534b-6b60-437c-98d2-39f02ad41bd7","local_time":"20201228195145","is_ascension_mode":true,"campfire_choices":[{"data":"Evolve","floor":6.0,"key":"SMITH"},{"data":"Feel No Pain","floor":8.0,"key":"SMITH"},{"data":"Dark Embrace","floor":12,"key":"SMITH"},{"data":"Anger","floor":15,"key":"SMITH"},{"data":"Body Slam","floor":23,"key":"SMITH"},{"floor":25,"key":"REST"},{"data":"Burning Pact","floor":29,"key":"SMITH"},{"data":"Body Slam","floor":32,"key":"SMITH"},{"floor":45,"key":"REST"},{"floor":49,"key":"RECALL"},{"data":"Offering","floor":53,"key":"SMITH"}],"circlet_count":0,"master_deck":["AscendersBane","Defend_R","Defend_R","Defend_R","Defend_R","Bash","Evolve+1","Power Through","Feel No Pain+1","Second Wind","Dark Embrace+1","Burning Pact+1","Body Slam+1","Sentinel","Sentinel","Body Slam+1","Offering+1","Feel No Pain+1","Entrench+1","Purity","Master of Strategy"],"relics":["Burning Blood","Blood Vial","Sozu","Membership Card","Question Card","Frozen Egg 2","Lantern","Empty Cage","Sundial","Potion Belt","Incense Burner","Magic Flower","Happy Flower","Mango","InkBottle"],"acts_visited":["Exordium","TheCity","TheBeyond","TheEnding"],"potions_floor_usage":[16,38],"damage_taken":[{"damage":7.0,"enemies":"2 Louse","floor":1.0,"turns":4.0},{"damage":1.0,"enemies":"Cultist","floor":3.0,"turns":5.0},{"damage":9.0,"enemies":"Jaw Worm","floor":7.0,"turns":4.0},{"damage":5.0,"enemies":"3 Sentries","floor":10.0,"turns":11.0},{"damage":15,"enemies":"3 Louse","floor":13,"turns":6},{"damage":2,"enemies":"2 Fungi Beasts","floor":14,"turns":7},{"damage":4,"enemies":"Slime Boss","floor":16,"turns":7},{"damage":18,"enemies":"2 Thieves","floor":18,"turns":4},{"damage":0,"enemies":"Chosen","floor":21,"turns":4},{"damage":2,"enemies":"Centurion and Healer","floor":22,"turns":5},{"damage":34,"enemies":"Slavers","floor":24,"turns":4},{"damage":27,"enemies":"Snecko","floor":27,"turns":8},{"damage":1,"enemies":"Cultist and Chosen","floor":28,"turns":5},{"damage":16,"enemies":"Snake Plant","floor":30,"turns":4},{"damage":14,"enemies":"Sentry and Sphere","floor":31,"turns":6},{"damage":12,"enemies":"Champ","floor":33,"turns":11},{"damage":0,"enemies":"3 Shapes","floor":35,"turns":3},{"damage":12,"enemies":"3 Darklings","floor":38,"turns":3},{"damage":29,"enemies":"Nemesis","floor":40,"turns":5},{"damage":39,"enemies":"2 Orb Walkers","floor":41,"turns":4},{"damage":6,"enemies":"Reptomancer","floor":42,"turns":2},{"damage":11,"enemies":"Nemesis","floor":46,"turns":5},{"damage":26,"enemies":"Donu and Deca","floor":50,"turns":3},{"damage":6,"enemies":"Awakened One","floor":51,"turns":4},{"damage":6,"enemies":"Shield and Spear","floor":55,"turns":2},{"damage":15,"enemies":"The Heart","floor":56,"turns":5}],"seed_played":"7689065139996698463","potions_obtained":[{"floor":1.0,"key":"Block Potion"},{"floor":3.0,"key":"GamblersBrew"},{"floor":13,"key":"SkillPotion"}],"is_trial":false,"path_per_floor":["M","$","M","?","?","R","M","R","T","?","$","R","M","M","R","B",null,"M","$","?","M","M","R","E","R","T","M","M","R","M","M","R","B",null,"M","$","?","M","?","E","?","E","T","?","R","E","?","$","R","B","B",null,"R","$","E","B",null],"character_chosen":"IRONCLAD","items_purchased":["Power Through","Feel No Pain","Burning Pact","Membership Card","Question Card","Sundial","Mango","Master of Strategy"],"campfire_rested":2,"item_purchase_floors":[2,2,11,19,19,36,48,54],"current_hp_per_floor":[67,67,72,65,65,65,62,62,62,65,65,65,58,64,64,68,73,63,63,44,52,58,58,32,54,54,35,42,42,34,28,28,24,62,70,70,70,66,66,45,14,16,16,16,37,38,28,42,42,28,34,72,72,72,78,75],"gold":93,"neow_bonus":"HUNDRED_GOLD","is_daily":false,"chose_seed":false,"campfire_upgraded":8,"win_rate":0.0,"timestamp":1609152705,"path_taken":["M","$","M","?","?","R","?","R","T","?","$","R","M","M","R","BOSS","M","$","?","M","M","R","E","R","T","M","M","R","M","?","R","BOSS","M","$","?","M","?","E","?","E","T","?","R","E","?","$","R","BOSS","BOSS","R","$","E","BOSS"],"items_purchased_type":["Card","Card","Card","Relic","Relic","Relic","Relic","Card"],"build_version":"2020-12-22","purchased_purges":4,"victory":true,"max_hp_per_floor":[75,75,75,75,75,75,75,75,75,75,75,75,75,75,75,75,75,75,75,75,75,75,75,75,75,75,75,75,75,75,75,75,75,75,75,75,75,75,71,71,71,71,71,71,71,71,71,85,85,85,85,85,85,85,85,85],"card_choices":[{"not_picked":["Body Slam","Searing Blow"],"picked":"Evolve","floor":1.0},{"not_picked":["Flex","Bloodletting"],"picked":"Anger","floor":3.0},{"not_picked":["Perfected Strike","Inflame"],"picked":"Second Wind","floor":7.0},{"not_picked":["Shrug It Off","True Grit"],"picked":"Dark Embrace","floor":10.0},{"not_picked":["Intimidate","Ghostly Armor","Flex"],"picked":"SKIP","floor":13},{"not_picked":["Clothesline","Headbutt","Double Tap"],"picked":"SKIP","floor":14},{"not_picked":["Clash","Pummel"],"picked":"Shrug It Off","floor":18},{"not_picked":["Metallicize+1","Whirlwind","Pummel+1","Searing Blow"],"picked":"SKIP","floor":21},{"not_picked":["Intimidate","Thunderclap","Pummel"],"picked":"Body Slam","floor":22},{"not_picked":["Pommel Strike","Disarm+1","Clash","Thunderclap+1"],"picked":"SKIP","floor":24},{"not_picked":["Body Slam","Twin Strike","Reaper"],"picked":"Sentinel","floor":27},{"not_picked":["Searing Blow","Heavy Blade","Clothesline","Iron Wave"],"picked":"SKIP","floor":28},{"not_picked":["Rupture+1","Evolve+1","Flex+1"],"picked":"Sentinel","floor":30},{"not_picked":["Thunderclap","Dropkick","Rupture+1"],"picked":"Body Slam","floor":31},{"not_picked":["Bludgeon","Double Tap","Impervious"],"picked":"Offering","floor":33},{"not_picked":["Sever Soul","Headbutt","Burning Pact"],"picked":"Feel No Pain+1","floor":35},{"not_picked":["Sentinel+1","Clash","Flex","Blood for Blood"],"picked":"SKIP","floor":38},{"not_picked":["Metallicize+1","Ghostly Armor","Intimidate","Wild Strike"],"picked":"SKIP","floor":40},{"not_picked":["Blood for Blood","Burning Pact+1","True Grit"],"picked":"Entrench+1","floor":41},{"not_picked":["Metallicize+1","Thunderclap","Infernal Blade","Second Wind"],"picked":"SKIP","floor":42},{"not_picked":["Perfected Strike","Shockwave","Pommel Strike+1","Thunderclap"],"picked":"SKIP","floor":46},{"not_picked":["Panacea","Good Instincts","Panache+1"],"picked":"Purity","floor":47},{"not_picked":["Ghostly Armor","Anger","Cleave","Clash+1"],"picked":"SKIP","floor":55}],"player_experience":1030250,"relics_obtained":[{"floor":9.0,"key":"Blood Vial"},{"floor":24,"key":"Frozen Egg 2"},{"floor":26,"key":"Lantern"},{"floor":40,"key":"Potion Belt"},{"floor":41,"key":"Incense Burner"},{"floor":42,"key":"Magic Flower"},{"floor":46,"key":"Happy Flower"},{"floor":55,"key":"InkBottle"}],"event_choices":[{"cards_removed":["Strike_R"],"damage_healed":0.0,"max_hp_gain":0.0,"max_hp_loss":0.0,"gold_gain":0.0,"event_name":"Golden Wing","player_choice":"Card Removal","floor":4.0,"gold_loss":0.0,"damage_taken":7.0},{"damage_healed":0.0,"max_hp_gain":0.0,"max_hp_loss":0.0,"gold_gain":275.0,"event_name":"Golden Shrine","player_choice":"Desecrate","floor":5.0,"gold_loss":0.0,"damage_taken":0.0,"cards_obtained":["Regret"]},{"damage_healed":0.0,"max_hp_gain":0.0,"max_hp_loss":0.0,"gold_gain":0.0,"event_name":"Dead Adventurer","player_choice":"Searched \u00272\u0027 times","floor":10.0,"gold_loss":0.0,"damage_taken":0.0},{"damage_healed":0,"gold_gain":180,"player_choice":"GOLD GOLD ","damage_taken":19,"max_hp_gain":0,"max_hp_loss":0,"event_name":"Knowing Skull","floor":20,"potions_obtained":[],"gold_loss":0,"cards_obtained":[]},{"damage_healed":0,"gold_gain":0,"player_choice":"Ignored","damage_taken":0,"max_hp_gain":0,"max_hp_loss":0,"event_name":"Tomb of Lord Red Mask","floor":37,"gold_loss":0},{"damage_healed":0,"gold_gain":0,"player_choice":"Max HP","damage_taken":0,"max_hp_gain":0,"max_hp_loss":4,"event_name":"Winding Halls","floor":39,"gold_loss":0},{"damage_healed":0,"gold_gain":0,"player_choice":"Fight","damage_taken":0,"max_hp_gain":0,"max_hp_loss":0,"event_name":"Mysterious Sphere","floor":41,"gold_loss":0},{"cards_removed":["Shrug It Off"],"damage_healed":0,"gold_gain":0,"player_choice":"Removed Skill","damage_taken":0,"max_hp_gain":0,"max_hp_loss":0,"event_name":"Falling","floor":44,"gold_loss":0},{"damage_healed":0,"gold_gain":0,"player_choice":"Memory 3","damage_taken":10,"max_hp_gain":0,"max_hp_loss":0,"event_name":"SensoryStone","floor":47,"gold_loss":0}],"is_beta":false,"boss_relics":[{"not_picked":["Tiny House","Fusion Hammer"],"picked":"Sozu"},{"not_picked":["Mark of Pain","Busted Crown"],"picked":"Empty Cage"}],"items_purged_floors":[11,19,36,48],"is_endless":false,"potions_floor_spawned":[1,3,13,22,24,27,28,30,40,42,46],"ascension_level":20}}