{"host":"1lhpgrjjhxx10cx0","time":1609138707,"event":{"mods":["Arknights The Spire","BaseMod","CapriCore","Friendly Minions","Highlight Path","Minty Spire (QoL Compilation)","Permanent Neow","Quick Restart","StSLib","The Alterego","The Immortal","Waifu the Spire","Yakumo Yukari mod","≤–¡Ù÷ÆŒÔ"],"gold_per_floor":[364,364,364,379,394,394,494,512,564,589,417,435,181,150,150,248,298,282,24,24,24,43,43,60,79,79,89,103,103,114,114,114,217,217,217],"floor_reached":34,"playtime":1259,"items_purged":["ats:Composite Medical Shells","ats:Strike C"],"score":369,"play_id":"856686b7-e16d-47eb-87c6-747afb0f2812","local_time":"20201228145827","is_ascension_mode":false,"campfire_choices":[{"data":"ats:Powerful Strike","floor":6,"key":"SMITH"},{"floor":15,"key":"REST"},{"data":"ats:Disruption Kick","floor":23,"key":"SMITH"},{"data":"ats:Part Time Job","floor":29,"key":"SMITH"},{"data":"ats:Emotion Absorption","floor":32,"key":"SMITH"}],"circlet_count":0,"master_deck":["ats:Strike G+1","ats:Strike S+1","ats:Armor Crushing Shot+1","ats:Defend","ats:Defend","ats:Defend","ats:Defend","ats:Emotion Absorption+1","ats:Powerful Strike+1","ats:Disruption Kick+1","ats:Hook Shot","ats:Shadow Raid","ats:Overload","ats:Ambush+1","ats:Part Time Job+1","ats:Powerful Strike+1","ats:Durian"],"relics":["ats:Sanity","Anchor","Odd Mushroom","Tiny House","PlaceholderMod:SoulofChaos","Singing Bowl","SlaversCollar"],"acts_visited":["Exordium","TheCity","TheBeyond"],"potions_floor_usage":[10,11,16,33,33],"damage_taken":[{"damage":12,"enemies":"Jaw Worm","floor":1,"turns":6},{"damage":3,"enemies":"2 Louse","floor":4,"turns":2},{"damage":0,"enemies":"Cultist","floor":5,"turns":2},{"damage":9,"enemies":"Blue Slaver","floor":8,"turns":4},{"damage":0,"enemies":"The Mushroom Lair","floor":10,"turns":3},{"damage":16,"enemies":"Large Slime","floor":12,"turns":6},{"damage":34,"enemies":"Slime Boss","floor":16,"turns":11},{"damage":25,"enemies":"2 Thieves","floor":18,"turns":4},{"damage":12,"enemies":"Chosen","floor":22,"turns":5},{"damage":14,"enemies":"Snake Plant","floor":24,"turns":4},{"damage":1,"enemies":"Chosen and Byrds","floor":25,"turns":5},{"damage":17,"enemies":"Shelled Parasite and Fungi","floor":27,"turns":6},{"damage":24,"enemies":"Centurion and Healer","floor":28,"turns":4},{"damage":0,"enemies":"Snecko","floor":30,"turns":6},{"damage":34,"enemies":"Automaton","floor":33,"turns":15}],"seed_played":"-8749602158244572308","potions_obtained":[{"floor":4,"key":"FearPotion"},{"floor":8,"key":"Explosive Potion"},{"floor":10,"key":"LiquidMemories"},{"floor":17,"key":"SteroidPotion"},{"floor":24,"key":"AttackPotion"},{"floor":33,"key":"SmokeBomb"}],"is_trial":false,"path_per_floor":["M","?","?","M","M","R","?","M","T","?","$","M","$","?","R","B",null,"M","$","?","?","M","R","M","M","T","M","M","R","M","$","R","B",null],"character_chosen":"DOCTOR_CLASS","items_purchased":["Fruit Juice","ats:Overload","Regen Potion","PlaceholderMod:SoulofChaos"],"campfire_rested":1,"item_purchase_floors":[11,13,13,19],"current_hp_per_floor":[53,53,40,37,37,37,37,28,28,28,33,17,17,17,38,4,75,53,53,56,59,56,56,42,47,47,38,21,21,29,29,29,50,90,90],"gold":217,"neow_bonus":"TWO_FIFTY_GOLD","is_daily":false,"chose_seed":false,"campfire_upgraded":4,"win_rate":0.0,"timestamp":1609138707,"path_taken":["M","?","?","M","M","R","?","?","T","?","$","M","$","?","R","BOSS","M","$","?","?","?","R","M","M","T","M","M","R","M","$","R","BOSS"],"items_purchased_type":["Potion","Card","Potion","Relic"],"build_version":"2020-12-22","purchased_purges":2,"victory":false,"max_hp_per_floor":[65,65,65,65,65,65,65,65,65,65,70,70,70,70,70,70,75,75,75,78,81,84,84,84,84,84,86,88,88,90,90,90,90,90,90],"card_choices":[{"not_picked":["ats:Curse Doll","ats:Revitalization"],"picked":"ats:Powerful Strike","floor":1},{"not_picked":["ats:LN2 Cannon","ats:Consecutive Shot Auto"],"picked":"ats:Composite Medical Shells","floor":4},{"not_picked":["ats:Counter Healing Mode","ats:Leaping Hammer","ats:Flame Of Heaven"],"picked":"SKIP","floor":5},{"not_picked":["ats:Poison Spread","ats:Childhood Dance"],"picked":"ats:Disruption Kick","floor":8},{"not_picked":["ats:Ignite","ats:Childhood Dance"],"picked":"ats:Hook Shot","floor":10},{"not_picked":["ats:Healing Strengthening","ats:Encircling Forest"],"picked":"ats:Shadow Raid","floor":12},{"not_picked":["ats:Calcification","ats:Nebulous Foxfire"],"picked":"ats:Ambush","floor":16},{"not_picked":["ats:Consecutive Shot Auto","ats:Shell Defense"],"picked":"ats:Part Time Job","floor":17},{"not_picked":["ats:Collapsing Strike","ats:Directed Diagnosis","ats:Flame Of Heaven"],"picked":"SKIP","floor":18},{"not_picked":["ats:Explosion Area Strengthen","ats:Burning Ground+1","ats:Encircling Forest"],"picked":"SKIP","floor":22},{"not_picked":["ats:Chain Hook+1","ats:Hammer On"],"picked":"ats:Powerful Strike+1","floor":24},{"not_picked":["ats:Consecutive Shot Auto","ats:Cat Scratch","ats:Powerful Strike+1"],"picked":"SKIP","floor":25},{"not_picked":["ats:Cat Scratch","ats:Thorns","ats:Revitalization"],"picked":"Singing Bowl","floor":27},{"not_picked":["ats:Song Of Battle","ats:Consecutive Shot Auto","ats:Revitalization"],"picked":"Singing Bowl","floor":28},{"not_picked":["ats:Mental Burst","ats:Revitalization","ats:Leaping Hammer"],"picked":"Singing Bowl","floor":30},{"not_picked":["ats:Soul Rend","ats:Echo Reverb"],"picked":"ats:Durian","floor":33}],"player_experience":88201,"relics_obtained":[{"floor":9,"key":"Anchor"},{"floor":10,"key":"Odd Mushroom"},{"floor":26,"key":"Singing Bowl"}],"event_choices":[{"cards_removed":["ats:Strike V"],"damage_healed":0,"gold_gain":0,"player_choice":"Forget","damage_taken":0,"max_hp_gain":0,"max_hp_loss":0,"event_name":"Living Wall","floor":2,"gold_loss":0},{"damage_healed":0,"gold_gain":0,"player_choice":"Entered Light","damage_taken":13,"max_hp_gain":0,"max_hp_loss":0,"event_name":"Shining Light","floor":3,"gold_loss":0,"cards_upgraded":["ats:Strike G","ats:Armor Crushing Shot"]},{"damage_healed":0,"gold_gain":100,"player_choice":"Pray","damage_taken":0,"max_hp_gain":0,"max_hp_loss":0,"event_name":"Golden Shrine","floor":7,"gold_loss":0},{"damage_healed":0,"gold_gain":0,"player_choice":"Fought Mushrooms","damage_taken":0,"max_hp_gain":0,"max_hp_loss":0,"event_name":"Mushrooms","floor":10,"gold_loss":0},{"damage_healed":0,"gold_gain":0,"player_choice":"Left Gold","damage_taken":0,"max_hp_gain":0,"max_hp_loss":0,"event_name":"World of Goop","floor":14,"gold_loss":31},{"damage_healed":0,"gold_gain":0,"player_choice":"Forge","damage_taken":0,"max_hp_gain":0,"max_hp_loss":0,"event_name":"Accursed Blacksmith","floor":21,"gold_loss":0,"cards_upgraded":["ats:Ambush"]}],"is_beta":false,"boss_relics":[{"not_picked":["Snecko Eye","Ectoplasm"],"picked":"Tiny House"},{"not_picked":["Cursed Key","Philosopher\u0027s Stone"],"picked":"SlaversCollar"}],"items_purged_floors":[11,13],"is_endless":false,"potions_floor_spawned":[4,8,10,24,27,30,33],"ascension_level":0}}