{"host":"dcj2yvrgcvh5dl2s","time":1609139328,"event":{"mods":["BaseMod","Better Note","Block Reminder","Colored Powertips","DeckTracker","Minty Spire (QoL Compilation)","Quick Restart","Rare Cards Sparkle","Relic Stats","StSLib"],"gold_per_floor":[359,359,375,450,0,33,33,74,100,100,0,0,0,21,21,112,112,112,27,27,27,27,27,27,27,27,27,27,27,27,27,27,27,27,27,27],"floor_reached":35,"playtime":735,"items_purged":["Strike_R","Strike_R"],"score":758,"play_id":"466150ca-f256-439a-a02a-fc32e6cd4398","local_time":"20201228170848","is_ascension_mode":true,"campfire_choices":[{"floor":10,"key":"REST"},{"data":"Bash","floor":13,"key":"SMITH"},{"floor":15,"key":"REST"},{"data":"Double Tap","floor":23,"key":"SMITH"},{"floor":27,"key":"REST"},{"data":"Pommel Strike","floor":29,"key":"SMITH"},{"floor":32,"key":"REST"}],"circlet_count":0,"master_deck":["AscendersBane","Strike_R","Strike_R","Strike_R","Defend_R","Defend_R","Defend_R","Bash+1","Disarm+1","Sword Boomerang","Shrug It Off","Intimidate+1","Inflame","Double Tap+1","Sword Boomerang","Shrug It Off","Pommel Strike+1","Limit Break","CurseOfTheBell"],"relics":["Burning Blood","Sling","Strawberry","Lantern","Golden Idol","Bag of Preparation","Bag of Marbles","Ectoplasm","Regal Pillow","CeramicFish","Potion Belt","Shuriken","Calling Bell","Nunchaku","Ornamental Fan","Turnip"],"acts_visited":["Exordium","TheCity","TheBeyond"],"potions_floor_usage":[6,8,24,24,33],"damage_taken":[{"damage":12,"enemies":"Jaw Worm","floor":1,"turns":2},{"damage":11,"enemies":"Cultist","floor":3,"turns":4},{"damage":32,"enemies":"Gremlin Nob","floor":6,"turns":4},{"damage":24,"enemies":"Lagavulin","floor":8,"turns":6},{"damage":0,"enemies":"2 Louse","floor":14,"turns":2},{"damage":41,"enemies":"The Guardian","floor":16,"turns":9},{"damage":17,"enemies":"Shell Parasite","floor":18,"turns":4},{"damage":4,"enemies":"3 Byrds","floor":22,"turns":6},{"damage":28,"enemies":"Slavers","floor":24,"turns":4},{"damage":10,"enemies":"Snecko","floor":25,"turns":4},{"damage":21,"enemies":"3 Cultists","floor":28,"turns":5},{"damage":14,"enemies":"Book of Stabbing","floor":31,"turns":2},{"damage":65,"enemies":"Champ","floor":33,"turns":9},{"damage":53,"enemies":"3 Darklings","floor":35,"turns":5}],"seed_played":"7497926888267575524","potions_obtained":[{"floor":1,"key":"Fire Potion"},{"floor":3,"key":"BlessingOfTheForge"},{"floor":16,"key":"PowerPotion"},{"floor":18,"key":"ElixirPotion"},{"floor":24,"key":"BloodPotion"},{"floor":28,"key":"Fire Potion"}],"is_trial":false,"path_per_floor":["M","?","M","?","$","E","?","E","T","R","$","?","R","M","R","B",null,"M","?","$","?","M","R","E","M","T","R","M","R","$","E","R","B",null,"M"],"character_chosen":"IRONCLAD","items_purchased":["Sling","Strawberry","Shrug It Off"],"campfire_rested":4,"item_purchase_floors":[5,5,5],"current_hp_per_floor":[62,62,57,46,53,27,27,9,9,29,29,29,29,35,55,20,56,45,45,45,45,47,47,38,34,34,68,53,53,53,45,68,9,53,0,0],"gold":27,"neow_bonus":"TWO_FIFTY_GOLD","is_daily":false,"chose_seed":false,"campfire_upgraded":3,"win_rate":0.0,"timestamp":1609139328,"path_taken":["M","?","?","?","$","E","?","E","T","R","$","?","R","M","R","BOSS","M","?","$","?","M","R","E","M","T","R","M","R","$","E","R","BOSS","M"],"items_purchased_type":["Relic","Relic","Card"],"build_version":"2020-12-22","purchased_purges":2,"victory":false,"max_hp_per_floor":[68,68,68,68,75,75,68,68,68,68,68,68,68,68,68,68,68,68,68,68,68,68,68,68,68,68,68,68,68,68,68,68,68,68,68,68],"relic_stats":{"Regal Pillow":17,"Nunchaku":[1],"counters":[14,66],"Golden Idol":82,"Shuriken":[5],"Ornamental Fan":[0],"CeramicFish":0,"Ectoplasm":313,"Turnip":[0],"Bag of Preparation":[20],"obtain_stats":[{"Potion Belt":26,"Lantern":6,"Regal Pillow":19,"Golden Idol":7,"CeramicFish":24,"Bag of Preparation":8,"Sling":5,"Burning Blood":0,"Calling Bell":34,"Nunchaku":34,"Shuriken":31,"Ornamental Fan":34,"Strawberry":5,"Ectoplasm":17,"Turnip":34,"Bag of Marbles":9},{"Potion Belt":10,"Lantern":3,"Regal Pillow":7,"Golden Idol":3,"CeramicFish":9,"Bag of Preparation":4,"Sling":2,"Burning Blood":0,"Calling Bell":13,"Nunchaku":13,"Shuriken":12,"Ornamental Fan":13,"Strawberry":2,"Ectoplasm":6,"Turnip":13,"Bag of Marbles":4},{"Potion Belt":45,"Lantern":10,"Regal Pillow":31,"Golden Idol":10,"CeramicFish":41,"Bag of Preparation":16,"Sling":6,"Burning Blood":0,"Calling Bell":61,"Nunchaku":61,"Shuriken":52,"Ornamental Fan":61,"Strawberry":6,"Ectoplasm":27,"Turnip":61,"Bag of Marbles":16}],"Burning Blood":78},"card_choices":[{"not_picked":["Rage","Iron Wave"],"picked":"Disarm","floor":1},{"not_picked":["Body Slam","Wild Strike"],"picked":"Sword Boomerang","floor":3},{"not_picked":["Dual Wield","Hemokinesis"],"picked":"Intimidate","floor":6},{"not_picked":["Entrench","Cleave","Impervious"],"picked":"SKIP","floor":8},{"not_picked":["Iron Wave","Hemokinesis"],"picked":"Inflame","floor":14},{"not_picked":["Impervious","Bludgeon"],"picked":"Double Tap","floor":16},{"not_picked":["Second Wind","Warcry","Reckless Charge"],"picked":"SKIP","floor":18},{"not_picked":["Twin Strike","Clash"],"picked":"Shrug It Off","floor":22},{"not_picked":["Iron Wave","Twin Strike"],"picked":"Pommel Strike","floor":24},{"not_picked":["Second Wind","Sentinel","Blood for Blood"],"picked":"SKIP","floor":25},{"not_picked":["Armaments","Cleave+1","Warcry"],"picked":"SKIP","floor":28},{"not_picked":["Iron Wave+1","Cleave","Fiend Fire"],"picked":"SKIP","floor":31},{"not_picked":["Barricade","Impervious"],"picked":"Limit Break","floor":33}],"player_experience":2095842,"relics_obtained":[{"floor":6,"key":"Lantern"},{"floor":8,"key":"Bag of Preparation"},{"floor":9,"key":"Bag of Marbles"},{"floor":24,"key":"CeramicFish"},{"floor":26,"key":"Potion Belt"},{"floor":31,"key":"Shuriken"},{"floor":34,"key":"Nunchaku"},{"floor":34,"key":"Ornamental Fan"},{"floor":34,"key":"Turnip"}],"event_choices":[{"damage_healed":0,"gold_gain":0,"player_choice":"Upgraded","damage_taken":0,"max_hp_gain":0,"max_hp_loss":0,"event_name":"Upgrade Shrine","floor":2,"gold_loss":0,"cards_upgraded":["Disarm"]},{"damage_healed":0,"gold_gain":75,"player_choice":"Gather Gold","damage_taken":11,"max_hp_gain":0,"max_hp_loss":0,"event_name":"World of Goop","floor":4,"gold_loss":0},{"damage_healed":0,"gold_gain":0,"player_choice":"Lose Max HP","damage_taken":0,"relics_obtained":["Golden Idol"],"max_hp_gain":0,"max_hp_loss":7,"event_name":"Golden Idol","floor":7,"gold_loss":0},{"damage_healed":0,"gold_gain":0,"player_choice":"Grow","damage_taken":0,"max_hp_gain":0,"max_hp_loss":0,"event_name":"Living Wall","floor":12,"gold_loss":0,"cards_upgraded":["Intimidate"]},{"damage_healed":0,"gold_gain":0,"player_choice":"Obtained Relic","damage_taken":0,"relics_obtained":["Regal Pillow"],"max_hp_gain":0,"max_hp_loss":0,"event_name":"Addict","floor":19,"gold_loss":85},{"damage_healed":0,"gold_gain":0,"cards_transformed":["Defend_R"],"player_choice":"Transformed","damage_taken":0,"max_hp_gain":0,"max_hp_loss":0,"event_name":"Transmorgrifier","floor":21,"gold_loss":0,"cards_obtained":["Sword Boomerang"]}],"is_beta":false,"boss_relics":[{"not_picked":["Astrolabe","Fusion Hammer"],"picked":"Ectoplasm"},{"not_picked":["Snecko Eye","Black Star"],"picked":"Calling Bell"}],"items_purged_floors":[5,11],"is_endless":false,"potions_floor_spawned":[1,3,16,18,24,28],"killed_by":"3 Darklings","ascension_level":18}}