{"host":"grli52lbdph2722t","time":1609168546,"event":{"mods":["AchievementEnabler","BaseMod","Downfall","Minty Spire (QoL Compilation)","Quick Restart","StSLib"],"gold_per_floor":[99,110,110,124,142,170,170,0,18,52,52,72,107,118,132,230,230,230,249,249,249,249,280,304,317,328,338,349,384,234,266,277,374,374,374,389,403,413,413,442,465,499,515,549,435,460,385,65,80,80,80,112,14,14,14],"floor_reached":56,"playtime":3194,"items_purged":["Regret","champ:Strike","champ:Strike"],"score":2236,"play_id":"39016e77-916a-4aed-96dc-1cf6ed2e9876","local_time":"20201228161546","is_ascension_mode":true,"campfire_choices":[{"data":"champ:Execute","floor":1,"key":"SMITH"},{"data":"champ:IgnorePain","floor":11,"key":"SMITH"},{"floor":18,"key":"RECALL"},{"data":"champ:StrikeOfGenius","floor":30,"key":"SMITH"},{"data":"champ:StrikeOfGenius","floor":35,"key":"SMITH"},{"data":"champ:HoldFirm","floor":47,"key":"SMITH"},{"data":"expansioncontent:DefensiveStance","floor":54,"key":"SMITH"}],"circlet_count":0,"master_deck":["champ:Strike+1","champ:Strike+1","champ:Defend","champ:Defend","champ:Defend","champ:Defend","champ:Execute+1","champ:Taunt","champ:AdrenalArmor+1","champ:TornadoPunch","champ:TornadoPunch","champ:PerfectedStrike","champ:IgnorePain+1","champ:Duel","champ:VampiricStrike","champ:EnGarde","champ:StrikeOfGenius+1","champ:Duel","champ:DeathBlow","champ:HeavySlash","Necronomicurse","champ:RecklessLeap+1","champ:GladiatorStyle","champ:FalseCounter","champ:EndlessRage","champ:DefensiveStyle+1","champ:StrikeOfGenius+1","champ:Haymaker","champ:Lariat+1","champ:SteelEdge","champ:ShieldWall","champ:HoldFirm+1","champ:ShieldWall+1","expansioncontent:YouAreMine","Magnetism","expansioncontent:DefensiveStance+1"],"relics":["Snecko Eye","Gambling Chip","TungstenRod","CaptainsWheel","Guardian:PocketSentry","sneckomod:SneckoTalon","Necronomicon","Bag of Marbles","WingedGreaves","downfall:HeartBlessingRed","downfall:HeartBlessingBlue","sneckomod:BlankCard","Philosopher\u0027s Stone","Potion Belt","Dream Catcher","Lantern","Singing Bowl","Ornamental Fan","Bottled Lightning","downfall:HeartBlessingGreen","Incense Burner"],"acts_visited":["Exordium","TheCity","TheBeyond","TheEnding"],"potions_floor_usage":[6,13,42,55,55],"damage_taken":[{"damage":6,"enemies":"Small Slimes","floor":2,"turns":3},{"damage":11,"enemies":"2 Louse","floor":4,"turns":2},{"damage":12,"enemies":"Cultist","floor":5,"turns":3},{"damage":42,"enemies":"Lagavulin","floor":6,"turns":6},{"damage":8,"enemies":"downfall:FleeingMerchant","floor":8,"turns":4},{"damage":0,"enemies":"Large Slime","floor":9,"turns":2},{"damage":1,"enemies":"3 Sentries","floor":10,"turns":5},{"damage":4,"enemies":"Gremlin Gang","floor":12,"turns":2},{"damage":4,"enemies":"Gremlin Nob","floor":13,"turns":3},{"damage":1,"enemies":"Red Slaver","floor":14,"turns":3},{"damage":8,"enemies":"Exordium Wildlife","floor":15,"turns":3},{"damage":31,"enemies":"downfall:Ironclad","floor":16,"turns":5},{"damage":18,"enemies":"3 Byrds","floor":19,"turns":3},{"damage":0,"enemies":"Book of Stabbing","floor":23,"turns":4},{"damage":27,"enemies":"Shelled Parasite and Fungi","floor":25,"turns":3},{"damage":29,"enemies":"Chosen and Byrds","floor":26,"turns":3},{"damage":37,"enemies":"Snecko","floor":27,"turns":2},{"damage":38,"enemies":"Cultist and Chosen","floor":28,"turns":3},{"damage":13,"enemies":"Gremlin Leader","floor":29,"turns":2},{"damage":47,"enemies":"Slavers","floor":31,"turns":5},{"damage":23,"enemies":"Chosen and Byrds","floor":32,"turns":2},{"damage":65,"enemies":"downfall:Watcher","floor":33,"turns":4},{"damage":38,"enemies":"Orb Walker","floor":36,"turns":1},{"damage":19,"enemies":"3 Shapes","floor":37,"turns":4},{"damage":9,"enemies":"3 Darklings","floor":38,"turns":2},{"damage":27,"enemies":"Giant Head","floor":40,"turns":5},{"damage":71,"enemies":"Reptomancer","floor":42,"turns":6},{"damage":78,"enemies":"Transient","floor":43,"turns":5},{"damage":50,"enemies":"Nemesis","floor":44,"turns":5},{"damage":12,"enemies":"downfall:FleeingMerchant","floor":45,"turns":4},{"damage":55,"enemies":"Reptomancer","floor":46,"turns":4},{"damage":9,"enemies":"Sphere and 2 Shapes","floor":49,"turns":2},{"damage":19,"enemies":"downfall:Defect","floor":50,"turns":6},{"damage":33,"enemies":"downfall:CharBossMerchant","floor":52,"turns":7},{"damage":77,"enemies":"downfall:NeowBoss","floor":55,"turns":17}],"seed_played":"7544996683383816210","potions_obtained":[{"floor":4,"key":"AttackPotion"},{"floor":9,"key":"ColorlessPotion"},{"floor":12,"key":"FearPotion"},{"floor":13,"key":"champ:CounterPotion"},{"floor":16,"key":"GamblersBrew"},{"floor":42,"key":"Regen Potion"},{"floor":43,"key":"Explosive Potion"},{"floor":46,"key":"DuplicationPotion"}],"is_trial":false,"path_per_floor":["R","M","?","M","M","E","T","$","M","E","R","M","E","M","M","B",null,"R","M","?","?","?","E","T","M","M","M","M","E","R","E","M","B",null,"R","M","M","M","?","E","T","E","M","E","$","E","R","$","M","B",null,"E","$","R","B",null],"character_chosen":"THE_CHAMP","items_purchased":["champ:Duel","Ornamental Fan","expansioncontent:YouAreMine","Magnetism","expansioncontent:DefensiveStance"],"campfire_rested":0,"item_purchase_floors":[8,45,45,48,53],"current_hp_per_floor":[81,80,80,76,71,36,36,33,33,34,34,35,54,55,58,57,82,82,89,89,74,74,74,74,64,63,66,76,90,100,87,100,95,99,99,100,100,100,100,99,99,69,100,80,100,102,102,102,104,104,104,106,106,106,106],"gold":14,"neow_bonus":"BOSS_RELIC","is_daily":false,"chose_seed":false,"campfire_upgraded":6,"win_rate":0.0,"timestamp":1609168546,"path_taken":["R","M","?","M","M","E","T","$","M","E","R","M","E","M","M","BOSS","R","M","?","?","?","E","T","M","M","M","M","E","R","E","M","BOSS","R","M","M","M","?","E","T","E","M","E","$","E","R","?","M","BOSS","E","$","R","BOSS"],"items_purchased_type":["Card","Relic","Card","Card","Card"],"build_version":"2020-12-22","purchased_purges":3,"victory":true,"max_hp_per_floor":[90,90,90,90,90,90,90,90,90,90,90,90,90,90,90,90,90,90,90,90,90,90,90,90,90,90,90,90,90,100,100,100,100,100,100,100,100,100,100,100,100,100,100,100,100,102,102,102,104,104,104,106,106,106,106],"card_choices":[{"not_picked":["champ:Shatter","champ:ShieldSigil"],"picked":"champ:AdrenalArmor","floor":2},{"not_picked":["champ:GladiatorsShout","champ:CrookedStrike"],"picked":"champ:TornadoPunch","floor":4},{"not_picked":["champ:FlashCut","champ:BringItOn"],"picked":"champ:TornadoPunch","floor":5},{"not_picked":["champ:FaceSlap","champ:Aggression"],"picked":"champ:PerfectedStrike","floor":6},{"not_picked":["champ:TornadoPunch","champ:AdrenalArmor"],"picked":"champ:IgnorePain","floor":8},{"not_picked":["champ:ViciousMockery","champ:PerfectedStrike","champ:SwordSigil"],"picked":"SKIP","floor":9},{"not_picked":["champ:GutPunch","champ:TornadoPunch"],"picked":"champ:VampiricStrike","floor":10},{"not_picked":["champ:ShieldSigil","champ:Balance"],"picked":"champ:EnGarde","floor":12},{"not_picked":["champ:GutPunch","champ:AdrenalArmor"],"picked":"champ:StrikeOfGenius","floor":13},{"not_picked":["champ:GladiatorsShout","champ:GladiatorStyle"],"picked":"champ:Duel","floor":14},{"not_picked":["champ:FalseCounter","champ:Haymaker"],"picked":"champ:DeathBlow","floor":15},{"not_picked":["champ:LastStand","champ:Improvising"],"picked":"champ:HeavySlash","floor":16},{"not_picked":["champ:BerserkersShout+1","champ:Circumvent","champ:Backstep+1"],"picked":"SKIP","floor":19},{"not_picked":["champ:EnGarde","champ:Duel"],"picked":"champ:RecklessLeap+1","floor":23},{"not_picked":["champ:DefensiveStyle","champ:Backstep","champ:RecklessLeap"],"picked":"SKIP","floor":25},{"not_picked":["champ:Aggression","champ:PerfectedStrike"],"picked":"champ:GladiatorStyle","floor":26},{"not_picked":["champ:BringItOn","champ:RageSigil","champ:TornadoPunch"],"picked":"SKIP","floor":27},{"not_picked":["champ:TornadoPunch","champ:PerfectedStrike"],"picked":"champ:FalseCounter","floor":28},{"not_picked":["champ:BerserkersShout+1","champ:EnchantShield"],"picked":"champ:EndlessRage","floor":29},{"not_picked":["champ:ShieldSigil+1","champ:SkillfulDodge+1"],"picked":"champ:DefensiveStyle+1","floor":31},{"not_picked":["champ:ArenaPreparation+1","champ:Aggression","champ:GladiatorsShout"],"picked":"SKIP","floor":32},{"not_picked":["champ:ShieldThrow","champ:EnchantCrown"],"picked":"champ:StrikeOfGenius","floor":33},{"not_picked":["champ:EnGarde","champ:GutPunch+1"],"picked":"champ:Haymaker","floor":36},{"not_picked":["champ:RapidStrikes+1","champ:StanceDance+1"],"picked":"champ:Lariat+1","floor":37},{"not_picked":["champ:RageSigil","champ:Circumvent","champ:DefensiveStyle+1"],"picked":"SKIP","floor":38},{"not_picked":["champ:Haymaker","champ:PerfectedStrike+1"],"picked":"champ:SteelEdge","floor":40},{"not_picked":["champ:GutPunch","champ:CrookedStrike","champ:ShieldSigil+1"],"picked":"SKIP","floor":42},{"not_picked":["champ:PerfectedStrike+1","champ:FaceSlap+1"],"picked":"champ:ShieldWall","floor":43},{"not_picked":["champ:Encircle","champ:BladeFlurry"],"picked":"champ:HoldFirm","floor":44},{"not_picked":["champ:SwordThrow","champ:EnGarde"],"picked":"champ:ShieldWall+1","floor":45},{"not_picked":["champ:ViciousMockery+1","champ:BringItOn+1","champ:PerfectedStrike+1"],"picked":"Singing Bowl","floor":46},{"not_picked":["champ:AdrenalArmor+1","champ:StanceDance+1","champ:EnragedBash"],"picked":"Singing Bowl","floor":49},{"not_picked":["champ:ShieldSigil+1","champ:Backstep+1","champ:CrookedStrike+1"],"picked":"Singing Bowl","floor":52}],"player_experience":4882447,"relics_obtained":[{"floor":6,"key":"Gambling Chip"},{"floor":7,"key":"TungstenRod"},{"floor":10,"key":"CaptainsWheel"},{"floor":13,"key":"Guardian:PocketSentry"},{"floor":21,"key":"Necronomicon"},{"floor":23,"key":"Bag of Marbles"},{"floor":29,"key":"WingedGreaves"},{"floor":31,"key":"sneckomod:BlankCard"},{"floor":40,"key":"Potion Belt"},{"floor":41,"key":"Dream Catcher"},{"floor":42,"key":"Lantern"},{"floor":44,"key":"Singing Bowl"},{"floor":46,"key":"Bottled Lightning"},{"floor":52,"key":"Incense Burner"}],"event_choices":[{"damage_healed":0,"gold_gain":0,"player_choice":"Ignored","damage_taken":0,"max_hp_gain":0,"max_hp_loss":0,"event_name":"Vampires","floor":22,"gold_loss":0}],"is_beta":false,"boss_relics":[{"not_picked":["Cursed Key","Velvet Choker"],"picked":"sneckomod:SneckoTalon"},{"not_picked":["Astrolabe","Runic Pyramid"],"picked":"Philosopher\u0027s Stone"}],"items_purged_floors":[8,45,48],"is_endless":false,"potions_floor_spawned":[4,9,12,13,16,19,26,27,32,36,42,43,46,52],"ascension_level":9}}