{"host":"f5gffvlv6a66yqkd","time":1609134957,"event":{"mods":["2.2 Compatiblity","BaseMod","Colored Map","DeckTracker","Keyboard Shortcuts","Lobotomy","Minty Spire (QoL Compilation)","Permanent Neow","Quick Restart","Relic Stats","StSLib","SuperFastMode"],"gold_per_floor":[117,292,303,303,303,303,152,152,152,171,187,513,533,533,533,637,637,654,654,178,188,188,188,54,54,54],"floor_reached":25,"playtime":670,"items_purged":[],"score":284,"play_id":"3aa57337-7022-447d-8d8b-bb6abc50c2e1","local_time":"20201228145557","is_ascension_mode":true,"campfire_choices":[{"data":"Sunder","floor":6.0,"key":"SMITH"},{"data":"Defragment","floor":8.0,"key":"SMITH"},{"data":"Consume","floor":15.0,"key":"SMITH"},{"data":"Defragment","floor":23,"key":"SMITH"}],"circlet_count":0,"master_deck":["Strike_B+1","Strike_B+1","Strike_B+1","Strike_B+1","Defend_B+1","Defend_B+1","Defend_B+1","Defend_B+1","Zap","Dualcast","Murderer","Stack","FairyFestival","Sunder+1","Gash","Glacier","Defragment+1","Ball Lightning","Compile Driver","Scorched","Beam Cell","Variant","Capacitor","Bloodbath","Consume+1","VoidDream","Gash","Funeral","Biased Cognition","Laetitia","Compile Driver","Defragment+1","Mind Blast","Conserve Battery","Coolheaded","OSAHOGD","Defragment+1","Defragment+1","Turbo","Deep Breath"],"relics":["Cracked Core","CogitoBucket","Gremlin Horn","Orrery","Pantograph","Old Coin","LuminousBracelet","Inserter","DollysMirror","Vajra"],"acts_visited":["Exordium","TheCity"],"potions_floor_usage":[],"damage_taken":[{"damage":0.0,"enemies":"2 Louse","floor":1.0,"turns":2.0},{"damage":10.0,"enemies":"Small Slimes","floor":3.0,"turns":4.0},{"damage":16.0,"enemies":"Jaw Worm","floor":10.0,"turns":2.0},{"damage":0.0,"enemies":"3 Louse","floor":11.0,"turns":3.0},{"damage":26.0,"enemies":"Gremlin Nob","floor":12.0,"turns":4.0},{"damage":4.0,"enemies":"Blue Slaver","floor":13.0,"turns":3.0},{"damage":55.0,"enemies":"The Guardian","floor":16.0,"turns":11.0},{"damage":60,"enemies":"3 Byrds","floor":18,"turns":6},{"damage":10,"enemies":"Spheric Guardian","floor":21,"turns":3}],"seed_played":"2497700034702070145","potions_obtained":[{"floor":1.0,"key":"Explosive Potion"},{"floor":3.0,"key":"Weak Potion"},{"floor":11.0,"key":"Explosive Potion"},{"floor":13.0,"key":"SteroidPotion"},{"floor":21,"key":"Swift Potion"}],"is_trial":false,"path_per_floor":["M","?","M","?","?","R","$","R","T","M","M","E","M","?","R","B",null,"M","?","$","M","?","R","$","M"],"character_chosen":"DEFECT","items_purchased":["Orrery","DollysMirror","Mind Blast","Conserve Battery","Coolheaded","Vajra","Turbo","Deep Breath"],"campfire_rested":0,"item_purchase_floors":[7,20,20,20,20,20,24,24],"current_hp_per_floor":[75,75,65,58,51,51,51,51,51,37,37,11,22,27,27,15,95,72,72,72,63,63,63,63,0,0],"gold":54,"neow_bonus":"","is_daily":false,"chose_seed":false,"campfire_upgraded":4,"win_rate":0.0,"timestamp":1609134957,"path_taken":["M","?","M","?","?","R","$","R","T","M","M","E","M","?","R","BOSS","M","?","$","M","?","R","$","M"],"items_purchased_type":["Relic","Relic","Card","Card","Card","Relic","Card","Card"],"build_version":"2020-12-22","purchased_purges":0,"victory":false,"max_hp_per_floor":[75,75,75,75,75,75,75,75,75,75,75,75,90,95,95,95,95,95,95,95,95,95,95,95,95,95],"relic_stats":{"Inserter":[7],"Gremlin Horn":[5,5],"counters":[11,44],"Pantograph":25,"obtain_stats":[{"CogitoBucket":0,"Inserter":17,"Gremlin Horn":5,"DollysMirror":20,"Pantograph":9,"Orrery":7,"LuminousBracelet":13,"Vajra":20,"Cracked Core":0,"Old Coin":12},{"CogitoBucket":0,"Inserter":8,"Gremlin Horn":2,"DollysMirror":9,"Pantograph":2,"Orrery":2,"LuminousBracelet":7,"Vajra":9,"Cracked Core":0,"Old Coin":5},{"CogitoBucket":0,"Inserter":30,"Gremlin Horn":6,"DollysMirror":36,"Pantograph":6,"Orrery":6,"LuminousBracelet":19,"Vajra":36,"Cracked Core":0,"Old Coin":15}]},"card_choices":[{"not_picked":["MHz","FieryBird"],"picked":"Murderer","floor":1.0},{"not_picked":["Conserve Battery","Compile Driver"],"picked":"Stack","floor":1.0},{"not_picked":["MHz","Scarecrow"],"picked":"FairyFestival","floor":3.0},{"not_picked":["Rebound","Leap"],"picked":"Sunder","floor":3.0},{"not_picked":["Steam","Rebound"],"picked":"Gash","floor":7.0},{"not_picked":["Loop","Sweeping Beam"],"picked":"Glacier","floor":7.0},{"not_picked":["Redo","Conserve Battery"],"picked":"Defragment","floor":7.0},{"not_picked":["Fission","Redo"],"picked":"Ball Lightning","floor":7.0},{"not_picked":["Beam Cell","Redo"],"picked":"Compile Driver","floor":7.0},{"not_picked":["WhitesApple","PunishingBird"],"picked":"Scorched","floor":10.0},{"not_picked":["Turbo","Ball Lightning"],"picked":"Beam Cell","floor":10.0},{"not_picked":["Bloodbath","BlueStar"],"picked":"Variant","floor":11.0},{"not_picked":["Barrage","Ball Lightning"],"picked":"Capacitor","floor":11.0},{"not_picked":["SpiderBud","MHz"],"picked":"Bloodbath","floor":12.0},{"not_picked":["Redo","Lockon"],"picked":"Consume","floor":12.0},{"not_picked":["MeatLantern","BeautyBeast"],"picked":"VoidDream","floor":13.0},{"not_picked":["Beam Cell","Redo"],"picked":"Gash","floor":13.0},{"not_picked":["BeautyBeast","UniverseFragment"],"picked":"Funeral","floor":16.0},{"not_picked":["Meteor Strike","Machine Learning"],"picked":"Biased Cognition","floor":16.0},{"not_picked":["PunishingBird","WallGazer"],"picked":"Laetitia","floor":18},{"not_picked":["Genetic Algorithm","Compile Driver","Hyperbeam"],"picked":"SKIP","floor":18},{"not_picked":["Genetic Algorithm","Hyperbeam"],"picked":"Compile Driver","floor":18},{"not_picked":["DreamingCurrent","SpiderBud"],"picked":"OSAHOGD","floor":21},{"not_picked":["Rebound","Double Energy"],"picked":"Defragment","floor":21}],"player_experience":1498364,"relics_obtained":[{"floor":9.0,"key":"Pantograph"},{"floor":12.0,"key":"Old Coin"}],"event_choices":[{"damage_healed":0.0,"max_hp_gain":0.0,"max_hp_loss":0.0,"gold_gain":175.0,"event_name":"Liars Game","player_choice":"AGREE","floor":2.0,"gold_loss":0.0,"damage_taken":0.0,"cards_obtained":["Doubt"]},{"cards_removed":["Doubt"],"damage_healed":0.0,"max_hp_gain":0.0,"max_hp_loss":0.0,"gold_gain":0.0,"event_name":"Golden Wing","player_choice":"Card Removal","floor":4.0,"gold_loss":0.0,"damage_taken":7.0},{"damage_healed":0.0,"max_hp_gain":0.0,"max_hp_loss":0.0,"gold_gain":0.0,"event_name":"Scrap Ooze","player_choice":"Success","floor":5.0,"gold_loss":0.0,"damage_taken":7.0,"relics_obtained":["Gremlin Horn"]},{"damage_healed":0.0,"max_hp_gain":5.0,"max_hp_loss":0.0,"gold_gain":0.0,"event_name":"Big Fish","player_choice":"Donut","floor":14.0,"gold_loss":0.0,"damage_taken":0.0},{"damage_healed":0,"gold_gain":0,"player_choice":"Simplicity","damage_taken":0,"max_hp_gain":0,"max_hp_loss":0,"event_name":"Back to Basics","floor":19,"gold_loss":0,"cards_upgraded":["Strike_B","Strike_B","Strike_B","Strike_B","Defend_B","Defend_B","Defend_B","Defend_B"]},{"damage_healed":0,"gold_gain":0,"player_choice":"Copied","damage_taken":0,"max_hp_gain":0,"max_hp_loss":0,"event_name":"Duplicator","floor":22,"gold_loss":0,"cards_obtained":["Defragment"]}],"is_beta":false,"boss_relics":[{"not_picked":["FrozenCore","Runic Dome"],"picked":"Inserter"}],"items_purged_floors":[],"is_endless":false,"potions_floor_spawned":[1,3,11,13,21],"killed_by":"Shelled Parasite and Fungi","ascension_level":1}}