{"host":"oy4pyvr762z5n0bb","time":1609141248,"event":{"mods":["AchievementEnabler","BaseMod","Colored Map","Colored Powertips","Googly Eyes","Key Reminder","Minty Spire (QoL Compilation)","Quick Restart","Relic Sorter","StSLib","SuperFastMode","Unceasing Turn Reminder","slay the spire mod where everything is the same but ironclad has a cowboy hat"],"gold_per_floor":[112,15,26,26,42,42,77,107,107,107,107,107,122,142,142,240,240,256,269,184,34,48,82,82,110,110,110,35,45,45,144,144,144,144],"floor_reached":33,"playtime":591,"items_purged":["Strike_R"],"score":416,"play_id":"21ccce26-df1d-4804-89b8-b23d040e0c64","local_time":"20201227234048","is_ascension_mode":true,"campfire_choices":[{"data":"Inflame","floor":6,"key":"SMITH"},{"data":"Double Tap","floor":10,"key":"SMITH"},{"data":"Pummel","floor":12,"key":"SMITH"},{"floor":15,"key":"REST"},{"floor":24,"key":"REST"},{"floor":27,"key":"REST"},{"floor":30,"key":"REST"},{"floor":32,"key":"DIG"}],"circlet_count":0,"master_deck":["Strike_R","Strike_R","Strike_R","Strike_R","Defend_R","Defend_R","Defend_R","Defend_R","Bash","Pummel+1","Bandage Up","Spot Weakness","Inflame+1","Double Tap+1","Wild Strike","Exhume","Seeing Red+1","Headbutt","Combust+1","Thunderclap+1","Double Tap+1","Warcry+1"],"relics":["Burning Blood","Shovel","Frozen Egg 2","keyreminder:keyreminder","Ornamental Fan","Blue Candle","Philosopher\u0027s Stone","Mummified Hand","Bag of Preparation","Toxic Egg 2","Blood Vial","Bottled Tornado","Gremlin Horn"],"acts_visited":["Exordium","TheCity"],"potions_floor_usage":[7,16,19,23,33],"damage_taken":[{"damage":0,"enemies":"Small Slimes","floor":1,"turns":3},{"damage":4,"enemies":"2 Louse","floor":3,"turns":4},{"damage":7,"enemies":"Jaw Worm","floor":5,"turns":3},{"damage":35,"enemies":"3 Sentries","floor":7,"turns":8},{"damage":28,"enemies":"Large Slime","floor":13,"turns":5},{"damage":11,"enemies":"2 Fungi Beasts","floor":14,"turns":3},{"damage":0,"enemies":"Slime Boss","floor":16,"turns":3},{"damage":18,"enemies":"3 Byrds","floor":18,"turns":5},{"damage":10,"enemies":"Spheric Guardian","floor":19,"turns":4},{"damage":47,"enemies":"Snake Plant","floor":22,"turns":4},{"damage":20,"enemies":"Gremlin Leader","floor":23,"turns":4},{"damage":28,"enemies":"Book of Stabbing","floor":25,"turns":3},{"damage":21,"enemies":"Centurion and Healer","floor":29,"turns":2},{"damage":86,"enemies":"Collector","floor":33,"turns":6}],"seed_played":"-6456088654372203007","potions_obtained":[{"floor":1,"key":"LiquidBronze"},{"floor":14,"key":"AttackPotion"},{"floor":18,"key":"Block Potion"},{"floor":19,"key":"PowerPotion"},{"floor":29,"key":"Fire Potion"}],"is_trial":false,"path_per_floor":["M","$","M","?","M","R","E","?","T","R","T","R","M","M","R","B",null,"M","M","?","$","M","E","R","E","T","R","$","M","R","?","R","B"],"character_chosen":"IRONCLAD","items_purchased":["Bandage Up","Bag of Preparation"],"campfire_rested":4,"item_purchase_floors":[2,21],"current_hp_per_floor":[88,88,88,81,84,84,59,59,59,59,59,59,41,36,62,68,83,75,75,75,75,34,20,46,24,24,50,50,41,67,67,67,0,0],"gold":144,"neow_bonus":"TEN_PERCENT_HP_BONUS","is_daily":false,"chose_seed":false,"campfire_upgraded":3,"win_rate":0.0,"timestamp":1609141248,"path_taken":["M","$","M","?","M","R","E","?","T","R","?","R","M","M","R","BOSS","M","M","?","$","M","E","R","E","T","R","$","M","R","?","R","BOSS"],"items_purchased_type":["Card","Relic"],"build_version":"2020-12-22","purchased_purges":1,"victory":false,"max_hp_per_floor":[88,88,88,88,88,88,88,88,88,88,88,88,88,88,88,88,88,88,88,88,88,88,88,88,88,88,88,88,88,88,88,88,88,88],"card_choices":[{"not_picked":["Clothesline","Sentinel"],"picked":"Pummel","floor":1},{"not_picked":["Iron Wave","Headbutt"],"picked":"Spot Weakness","floor":3},{"not_picked":["Clash","Cleave"],"picked":"Inflame","floor":5},{"not_picked":["Armaments","Shrug It Off"],"picked":"Double Tap","floor":7},{"not_picked":["Carnage","Clash"],"picked":"Wild Strike","floor":13},{"not_picked":["Infernal Blade","Flex","Rupture+1"],"picked":"SKIP","floor":14},{"not_picked":["Fiend Fire","Impervious"],"picked":"Exhume","floor":16},{"not_picked":["Anger","Wild Strike"],"picked":"Seeing Red+1","floor":18},{"not_picked":["Seeing Red+1","Carnage+1"],"picked":"Headbutt","floor":19},{"not_picked":["Body Slam","Sword Boomerang"],"picked":"Combust+1","floor":22},{"not_picked":["Dropkick+1","Wild Strike"],"picked":"Thunderclap+1","floor":23},{"not_picked":["Cleave","Headbutt"],"picked":"Double Tap+1","floor":25},{"not_picked":["Rage+1","Hemokinesis"],"picked":"Warcry+1","floor":29}],"player_experience":591328,"relics_obtained":[{"floor":7,"key":"Frozen Egg 2"},{"floor":9,"key":"Ornamental Fan"},{"floor":11,"key":"Blue Candle"},{"floor":23,"key":"Toxic Egg 2"},{"floor":25,"key":"Blood Vial"},{"floor":26,"key":"Bottled Tornado"},{"floor":32,"key":"Gremlin Horn"}],"event_choices":[{"damage_healed":0,"gold_gain":0,"player_choice":"Success","damage_taken":7,"relics_obtained":["Shovel"],"max_hp_gain":0,"max_hp_loss":0,"event_name":"Scrap Ooze","floor":4,"gold_loss":0},{"damage_healed":0,"gold_gain":30,"player_choice":"Searched \u00271\u0027 times","damage_taken":0,"max_hp_gain":0,"max_hp_loss":0,"event_name":"Dead Adventurer","floor":8,"gold_loss":0},{"damage_healed":0,"gold_gain":0,"player_choice":"Obtained Relic","damage_taken":0,"relics_obtained":["Mummified Hand"],"max_hp_gain":0,"max_hp_loss":0,"event_name":"Addict","floor":20,"gold_loss":85},{"damage_healed":0,"gold_gain":99,"player_choice":"Stole From Cult","damage_taken":0,"max_hp_gain":0,"max_hp_loss":0,"event_name":"Nest","floor":31,"gold_loss":0}],"is_beta":false,"boss_relics":[{"not_picked":["Velvet Choker","Black Star"],"picked":"Philosopher\u0027s Stone"}],"items_purged_floors":[28],"is_endless":false,"potions_floor_spawned":[1,14,18,19,29],"killed_by":"Collector","ascension_level":5}}