{"host":"yecadp3kwkksam5a","time":1609139619,"event":{"mods":["Arknights The Spire","BaseMod","Minty Spire (QoL Compilation)","StSLib","The Hierophant"],"gold_per_floor":[110,120,120,138,153,181,197,197,197,49,59,73,84,117,117,117,117],"floor_reached":16,"playtime":894,"items_purged":[],"score":116,"play_id":"0f6795e1-c608-45dd-8996-73c00cb06954","local_time":"20201228161339","is_ascension_mode":false,"campfire_choices":[{"data":"ats:Revitalization","floor":8,"key":"SMITH"},{"data":"ats:Revitalization","floor":15,"key":"SMITH"}],"circlet_count":0,"master_deck":["ats:Strike C","ats:Strike G","ats:Strike S","ats:Strike V","ats:Armor Crushing Shot","ats:Defend","ats:Defend","ats:Defend","ats:Defend","ats:Emotion Absorption","ats:Support Order","ats:Ignite","ats:Revitalization+1","ats:Closed Bolt Burst Fire","ats:Neurotoxin","ats:Neurotoxin","ats:Neurotoxin","ats:Healing Strengthening","ats:Revitalization+1","ats:Assault Order"],"relics":["ats:Sanity","ats:Originium","Pen Nib","Gremlin Horn","OrangePellets","ats:Originium","Ice Cream"],"acts_visited":["Exordium"],"potions_floor_usage":[6,12,14,16],"damage_taken":[{"damage":10,"enemies":"Small Slimes","floor":1,"turns":4},{"damage":4,"enemies":"Cultist","floor":2,"turns":4},{"damage":9,"enemies":"2 Louse","floor":4,"turns":3},{"damage":8,"enemies":"Blue Slaver","floor":5,"turns":5},{"damage":14,"enemies":"Gremlin Nob","floor":6,"turns":3},{"damage":6,"enemies":"Large Slime","floor":7,"turns":6},{"damage":6,"enemies":"Lots of Slimes","floor":11,"turns":5},{"damage":31,"enemies":"Gremlin Gang","floor":12,"turns":5},{"damage":14,"enemies":"Exordium Wildlife","floor":13,"turns":4},{"damage":30,"enemies":"Lagavulin","floor":14,"turns":7},{"damage":27,"enemies":"The Guardian","floor":16,"turns":2}],"seed_played":"-3494273774618377121","potions_obtained":[{"floor":1,"key":"Fire Potion"},{"floor":2,"key":"ats:Emergency Sanity Potion"},{"floor":3,"key":"LiquidBronze"},{"floor":11,"key":"SkillPotion"},{"floor":13,"key":"ColorlessPotion"},{"floor":14,"key":"AttackPotion"}],"is_trial":false,"path_per_floor":["M","M","?","M","M","E","M","R","T","$","M","M","M","E","R","B"],"character_chosen":"DOCTOR_CLASS","items_purchased":["OrangePellets"],"campfire_rested":0,"item_purchase_floors":[10],"current_hp_per_floor":[69,65,65,56,51,37,37,37,37,37,45,36,29,21,21,0,0],"gold":117,"neow_bonus":"TEN_PERCENT_HP_BONUS","is_daily":false,"chose_seed":false,"campfire_upgraded":2,"win_rate":0.0,"timestamp":1609139619,"path_taken":["M","M","?","M","M","E","M","R","T","$","?","M","M","E","R","BOSS"],"items_purchased_type":["Relic"],"build_version":"2020-12-22","purchased_purges":0,"victory":false,"max_hp_per_floor":[79,79,79,79,79,79,79,79,79,79,79,79,79,79,79,79,79],"card_choices":[{"not_picked":["ats:Healing Drone","ats:Revitalization"],"picked":"ats:Support Order","floor":1},{"not_picked":["ats:Flexible Camouflage","ats:Childhood Dance"],"picked":"ats:Ignite","floor":2},{"not_picked":["ats:Consecutive Shot Auto","ats:Hammer On"],"picked":"ats:Revitalization","floor":4},{"not_picked":["ats:Demon Strength","ats:Hammer On"],"picked":"ats:Closed Bolt Burst Fire","floor":5},{"not_picked":["ats:Childhood Dance","ats:Poison Spread"],"picked":"ats:Neurotoxin","floor":6},{"not_picked":["ats:Flexible Camouflage","ats:Encircling Forest"],"picked":"ats:Neurotoxin","floor":7},{"not_picked":["ats:Collapsing Strike","ats:Fractured Body"],"picked":"ats:Neurotoxin","floor":11},{"not_picked":["ats:Collapsing Strike","ats:Curse Doll"],"picked":"ats:Healing Strengthening","floor":12},{"not_picked":["ats:Shell Defense","ats:Ignite"],"picked":"ats:Revitalization","floor":13},{"not_picked":["ats:Childhood Dance","ats:Cat Scratch"],"picked":"ats:Assault Order","floor":14}],"player_experience":302851,"relics_obtained":[{"floor":6,"key":"ats:Originium"},{"floor":6,"key":"Pen Nib"},{"floor":9,"key":"Gremlin Horn"},{"floor":14,"key":"ats:Originium"},{"floor":14,"key":"Ice Cream"}],"event_choices":[{"damage_healed":0,"gold_gain":0,"player_choice":"Got Potions","damage_taken":0,"max_hp_gain":0,"max_hp_loss":0,"event_name":"Lab","floor":3,"gold_loss":0}],"is_beta":false,"boss_relics":[],"items_purged_floors":[],"is_endless":false,"potions_floor_spawned":[1,2,11,13,14],"killed_by":"The Guardian","ascension_level":0}}