{"host":"raaimkojny05jekw","time":1609119989,"event":{"mods":["AchievementEnabler","BaseMod","Colored Map","Colored Powertips","DeckTracker","Minty Spire (QoL Compilation)","Quick Restart","Rare Cards Sparkle","everything is the same but u backflip on backflip"],"gold_per_floor":[113,123,133,151,165,165,165,196,250,250,261,40,53,64,64,164,164,164,11,0,0,0,0,0,0,0,0,0,0,0,0,0,0,0],"floor_reached":33,"playtime":1047,"items_purged":["Defend_R","Strike_R"],"score":273,"play_id":"8c561e42-3018-4235-ae87-550014d93c72","local_time":"20201228104629","is_ascension_mode":false,"campfire_choices":[{"data":"Whirlwind","floor":6,"key":"SMITH"},{"data":"Bash","floor":10,"key":"SMITH"},{"data":"Armaments","floor":15,"key":"SMITH"},{"data":"Evolve","floor":23,"key":"SMITH"},{"data":"Demon Form","floor":25,"key":"SMITH"},{"data":"Heavy Blade","floor":32,"key":"SMITH"}],"circlet_count":0,"master_deck":["Strike_R","Strike_R","Defend_R","Defend_R","Defend_R","Bash+1","Reaper","Sword Boomerang","Evolve+1","Headbutt","Clothesline","Whirlwind+1","Bloodletting","Armaments+1","Brutality","Demon Form+1","Ghostly Armor","Wild Strike","Bloodletting","Whirlwind+1","Heavy Blade+1","Ghostly Armor+1","Clash"],"relics":["Burning Blood","Lantern","Happy Flower","Vajra","Ectoplasm","Mercury Hourglass","Frozen Egg 2"],"acts_visited":["Exordium","TheCity"],"potions_floor_usage":[8,8,16,16,18,27,29,33,33],"damage_taken":[{"damage":6,"enemies":"Cultist","floor":1,"turns":3},{"damage":6,"enemies":"Jaw Worm","floor":2,"turns":3},{"damage":5,"enemies":"2 Louse","floor":3,"turns":4},{"damage":18,"enemies":"Exordium Wildlife","floor":4,"turns":5},{"damage":11,"enemies":"2 Fungi Beasts","floor":5,"turns":4},{"damage":21,"enemies":"Lagavulin","floor":8,"turns":6},{"damage":13,"enemies":"Large Slime","floor":11,"turns":4},{"damage":6,"enemies":"Exordium Thugs","floor":13,"turns":4},{"damage":7,"enemies":"Blue Slaver","floor":14,"turns":3},{"damage":9,"enemies":"Slime Boss","floor":16,"turns":5},{"damage":21,"enemies":"3 Byrds","floor":18,"turns":4},{"damage":5,"enemies":"2 Thieves","floor":20,"turns":2},{"damage":26,"enemies":"Snecko","floor":21,"turns":4},{"damage":18,"enemies":"Shelled Parasite and Fungi","floor":24,"turns":3},{"damage":19,"enemies":"Snake Plant","floor":27,"turns":3},{"damage":3,"enemies":"Snecko","floor":28,"turns":3},{"damage":14,"enemies":"Book of Stabbing","floor":29,"turns":3},{"damage":69,"enemies":"Champ","floor":33,"turns":6}],"seed_played":"-6331909807754529801","potions_obtained":[{"floor":2,"key":"Regen Potion"},{"floor":4,"key":"Strength Potion"},{"floor":11,"key":"DistilledChaos"},{"floor":14,"key":"CultistPotion"},{"floor":16,"key":"EssenceOfSteel"},{"floor":20,"key":"Dexterity Potion"},{"floor":21,"key":"ColorlessPotion"},{"floor":24,"key":"BlessingOfTheForge"},{"floor":28,"key":"BlessingOfTheForge"}],"is_trial":false,"path_per_floor":["M","M","M","M","M","R","?","E","T","R","M","$","M","M","R","B",null,"M","$","M","M","?","R","M","R","T","M","M","E","$","?","R","B"],"character_chosen":"IRONCLAD","items_purchased":["Vajra","Wild Strike"],"campfire_rested":0,"item_purchase_floors":[12,19],"current_hp_per_floor":[56,56,61,49,52,52,52,52,52,52,49,49,56,60,60,66,80,79,79,80,61,61,61,59,59,59,46,56,48,48,48,48,0,0],"gold":0,"neow_bonus":"THREE_RARE_CARDS","is_daily":false,"chose_seed":false,"campfire_upgraded":6,"win_rate":0.0,"timestamp":1609119989,"path_taken":["M","M","M","M","M","R","?","E","T","R","M","$","M","?","R","BOSS","M","$","M","M","?","R","M","R","T","?","M","E","$","?","R","BOSS"],"items_purchased_type":["Relic","Card"],"build_version":"2020-12-22","purchased_purges":2,"victory":false,"max_hp_per_floor":[80,80,80,80,80,80,80,80,80,80,80,80,80,80,80,80,80,80,80,80,80,80,80,80,80,80,80,80,80,80,80,80,80,80],"card_choices":[{"not_picked":["Double Tap","Exhume"],"picked":"Reaper","floor":0},{"not_picked":["Pommel Strike","Flex"],"picked":"Sword Boomerang","floor":1},{"not_picked":["Power Through","Reaper"],"picked":"Evolve","floor":2},{"not_picked":["Flex","Armaments"],"picked":"Headbutt","floor":3},{"not_picked":["Body Slam","True Grit"],"picked":"Clothesline","floor":4},{"not_picked":["Clash","Shockwave"],"picked":"Whirlwind","floor":5},{"not_picked":["Rage","Carnage"],"picked":"Bloodletting","floor":8},{"not_picked":["Evolve","True Grit"],"picked":"Armaments","floor":11},{"not_picked":["Rampage","Sword Boomerang"],"picked":"Brutality","floor":13},{"not_picked":["Warcry","Iron Wave","Heavy Blade"],"picked":"SKIP","floor":14},{"not_picked":["Juggernaut","Barricade"],"picked":"Demon Form","floor":16},{"not_picked":["Evolve+1","Twin Strike"],"picked":"Ghostly Armor","floor":18},{"not_picked":["Sever Soul+1","Thunderclap+1"],"picked":"Bloodletting","floor":20},{"not_picked":["Evolve","Body Slam","Armaments"],"picked":"SKIP","floor":21},{"not_picked":["Iron Wave","Body Slam","Flex"],"picked":"SKIP","floor":24},{"not_picked":["Feel No Pain","Blood for Blood","Thunderclap"],"picked":"SKIP","floor":27},{"not_picked":["Infernal Blade","Rampage"],"picked":"Heavy Blade","floor":28},{"not_picked":["Exhume","Flame Barrier"],"picked":"Ghostly Armor+1","floor":29}],"player_experience":695648,"relics_obtained":[{"floor":8,"key":"Lantern"},{"floor":9,"key":"Happy Flower"},{"floor":26,"key":"Mercury Hourglass"},{"floor":29,"key":"Frozen Egg 2"}],"event_choices":[{"cards_removed":["Strike_R"],"damage_healed":0,"gold_gain":0,"player_choice":"Card Removal","damage_taken":0,"max_hp_gain":0,"max_hp_loss":0,"event_name":"Wheel of Change","floor":7,"gold_loss":0},{"damage_healed":0,"gold_gain":0,"player_choice":"Copied","damage_taken":0,"max_hp_gain":0,"max_hp_loss":0,"event_name":"Duplicator","floor":22,"gold_loss":0,"cards_obtained":["Whirlwind"]},{"damage_healed":0,"gold_gain":0,"cards_transformed":["Strike_R"],"player_choice":"Transformed","damage_taken":0,"max_hp_gain":0,"max_hp_loss":0,"event_name":"Transmorgrifier","floor":31,"gold_loss":0,"cards_obtained":["Clash"]}],"is_beta":false,"boss_relics":[{"not_picked":["Empty Cage","Astrolabe"],"picked":"Ectoplasm"}],"items_purged_floors":[12,19],"is_endless":false,"potions_floor_spawned":[2,4,11,14,16,20,21,24,28],"killed_by":"Champ","ascension_level":0}}