{"host":"qxeepl7ydvsgmfdb","time":1609177485,"event":{"mods":["AchievementEnabler","BaseMod","Colored Powertips","Minty Spire (QoL Compilation)","Quick Restart","slay the spire mod where everything is the same but ironclad has a cowboy hat"],"gold_per_floor":[118,193,158,158,172,172,198,43,43,73,85,85,101,101,101,197,197,214,214,228,228,74,74,108,108,187,187,202,215,215,244,244,344,344,360,360,26,43,60,60,88,88,114,148,248,52,69,69,69,69],"floor_reached":51,"playtime":1372,"items_purged":[],"score":1074,"play_id":"909f3421-f55d-42b6-ab82-bfdbfb4d3c3c","local_time":"20201228124445","is_ascension_mode":true,"campfire_choices":[{"data":"Zap","floor":6.0,"key":"SMITH"},{"floor":12.0,"key":"REST"},{"data":"Defragment","floor":15.0,"key":"SMITH"},{"floor":23.0,"key":"REST"},{"floor":25.0,"key":"REST"},{"floor":30.0,"key":"REST"},{"data":"Ball Lightning","floor":32.0,"key":"SMITH"},{"floor":40.0,"key":"REST"},{"data":"White Noise","floor":42.0,"key":"SMITH"},{"floor":49,"key":"REST"}],"circlet_count":0,"master_deck":["Strike_B+1","Strike_B+1","Strike_B+1","Defend_B+1","Defend_B+1","Defend_B+1","Defend_B+1","Zap+1","Dualcast","Redo+1","Ball Lightning+1","Defragment+1","Capacitor+1","Cold Snap+1","Self Repair","White Noise+1","Sweeping Beam+1","Leap","Go for the Eyes","Rainbow"],"relics":["Cracked Core","NeowsBlessing","Kunai","Potion Belt","DataDisk","Bag of Preparation","Regal Pillow","Nuclear Battery","Runic Capacitor","Blue Candle","InkBottle","Oddly Smooth Stone","Black Star","Strawberry","Toy Ornithopter","Eternal Feather","Vajra","Boot","Darkstone Periapt","MealTicket","Blood Vial"],"acts_visited":["Exordium","TheCity","TheBeyond"],"potions_floor_usage":[47,50],"damage_taken":[{"damage":0.0,"enemies":"2 Louse","floor":1.0,"turns":1.0},{"damage":0.0,"enemies":"Small Slimes","floor":5.0,"turns":1.0},{"damage":0.0,"enemies":"3 Sentries","floor":7.0,"turns":1.0},{"damage":25.0,"enemies":"Lagavulin","floor":10.0,"turns":5.0},{"damage":0.0,"enemies":"Cultist","floor":11.0,"turns":3.0},{"damage":17.0,"enemies":"Exordium Thugs","floor":13.0,"turns":3.0},{"damage":22.0,"enemies":"The Guardian","floor":16.0,"turns":8.0},{"damage":5.0,"enemies":"Spheric Guardian","floor":18.0,"turns":3.0},{"damage":21.0,"enemies":"3 Byrds","floor":20.0,"turns":3.0},{"damage":26.0,"enemies":"Slavers","floor":24.0,"turns":4.0},{"damage":5.0,"enemies":"Sentry and Sphere","floor":28.0,"turns":4.0},{"damage":15.0,"enemies":"Snake Plant","floor":29.0,"turns":3.0},{"damage":12.0,"enemies":"Book of Stabbing","floor":31.0,"turns":5.0},{"damage":64.0,"enemies":"Collector","floor":33.0,"turns":10.0},{"damage":6.0,"enemies":"3 Shapes","floor":35.0,"turns":4.0},{"damage":2.0,"enemies":"Orb Walker","floor":38.0,"turns":3.0},{"damage":47.0,"enemies":"4 Shapes","floor":39.0,"turns":5.0},{"damage":39.0,"enemies":"Reptomancer","floor":41.0,"turns":6.0},{"damage":56.0,"enemies":"Nemesis","floor":44.0,"turns":7.0},{"damage":4,"enemies":"Writhing Mass","floor":47,"turns":5},{"damage":60,"enemies":"Time Eater","floor":50,"turns":11}],"seed_played":"-5338376556485480636","potions_obtained":[{"floor":5.0,"key":"Explosive Potion"},{"floor":10.0,"key":"Fruit Juice"},{"floor":11.0,"key":"Block Potion"},{"floor":13.0,"key":"BlessingOfTheForge"},{"floor":20.0,"key":"Ancient Potion"},{"floor":24.0,"key":"SpeedPotion"},{"floor":28.0,"key":"SkillPotion"},{"floor":35.0,"key":"CultistPotion"},{"floor":39.0,"key":"AttackPotion"},{"floor":47,"key":"PowerPotion"}],"is_trial":false,"path_per_floor":["M","?","?","?","M","R","E","$","T","E","M","R","M","T","R","B",null,"M","?","M","?","$","R","E","R","T","?","M","M","R","E","R","B",null,"M","?","$","M","M","R","E","R","T","E","?","$","M","?","R","B",null],"character_chosen":"DEFECT","items_purchased":["Potion Belt","Runic Capacitor","Strawberry","Toy Ornithopter","White Noise","Blood Vial","Fire Potion"],"campfire_rested":6,"item_purchase_floors":[8,22,37,37,37,46,46],"current_hp_per_floor":[75,64,75,75,75,75,75,75,75,55,55,79,62,62,62,40,80,75,75,54,38,38,77,51,80,80,65,60,45,85,80,80,16,85,85,85,92,92,52,92,64,73,73,24,24,39,49,49,92,32],"gold":69,"neow_bonus":"THREE_ENEMY_KILL","is_daily":false,"chose_seed":false,"campfire_upgraded":4,"win_rate":0.0,"timestamp":1609177485,"path_taken":["M","?","?","?","?","R","E","$","T","E","M","R","M","?","R","BOSS","M","?","M","?","$","R","E","R","T","?","M","?","R","E","R","BOSS","M","?","$","?","M","R","E","R","T","E","?","?","M","?","R","BOSS"],"items_purchased_type":["Relic","Relic","Relic","Relic","Card","Relic","Potion"],"build_version":"2020-12-22","purchased_purges":0,"victory":true,"max_hp_per_floor":[75,75,75,75,75,75,75,75,75,80,80,80,80,80,80,80,80,80,80,80,80,80,80,80,80,80,85,85,85,85,85,85,85,85,85,85,92,92,92,92,92,92,92,92,92,92,92,92,92,92],"card_choices":[{"not_picked":["Coolheaded","Compile Driver"],"picked":"Redo","floor":1.0},{"not_picked":["Rebound","Stack","Redo"],"picked":"SKIP","floor":5.0},{"not_picked":["Creative AI","Glacier"],"picked":"Ball Lightning","floor":7.0},{"not_picked":["Self Repair","Fusion"],"picked":"Defragment","floor":10.0},{"not_picked":["Hello World","Steam Power","Redo"],"picked":"SKIP","floor":11.0},{"not_picked":["Glacier","Go for the Eyes","Redo"],"picked":"SKIP","floor":13.0},{"not_picked":["Aggregate+1","Rebound","Streamline"],"picked":"SKIP","floor":18.0},{"not_picked":["Undo","Ball Lightning"],"picked":"Capacitor+1","floor":20.0},{"not_picked":["Coolheaded","Steam+1"],"picked":"Cold Snap+1","floor":24.0},{"not_picked":["Multi-Cast","Go for the Eyes","Gash"],"picked":"SKIP","floor":28.0},{"not_picked":["Skim","Reinforced Body"],"picked":"Self Repair","floor":29.0},{"not_picked":["Blizzard","Fusion","Go for the Eyes+1"],"picked":"SKIP","floor":31.0},{"not_picked":["Redo","Hologram+1","Reprogram+1"],"picked":"SKIP","floor":35.0},{"not_picked":["Gash","Turbo","Conserve Battery"],"picked":"SKIP","floor":38.0},{"not_picked":["Rebound","Stack"],"picked":"Sweeping Beam+1","floor":39.0},{"not_picked":["Multi-Cast","Stack","Redo"],"picked":"SKIP","floor":41.0},{"not_picked":["Turbo+1","Stack","Skim"],"picked":"SKIP","floor":44.0},{"not_picked":["Hyperbeam","Redo"],"picked":"Leap","floor":47}],"player_experience":419057,"relics_obtained":[{"floor":7.0,"key":"Kunai"},{"floor":9.0,"key":"DataDisk"},{"floor":10.0,"key":"Bag of Preparation"},{"floor":14.0,"key":"Regal Pillow"},{"floor":24.0,"key":"Blue Candle"},{"floor":26.0,"key":"InkBottle"},{"floor":31.0,"key":"Oddly Smooth Stone"},{"floor":41.0,"key":"Eternal Feather"},{"floor":41.0,"key":"Vajra"},{"floor":43.0,"key":"Boot"},{"floor":44.0,"key":"Darkstone Periapt"},{"floor":44.0,"key":"MealTicket"}],"event_choices":[{"damage_healed":0.0,"max_hp_gain":0.0,"max_hp_loss":0.0,"gold_gain":75.0,"event_name":"World of Goop","player_choice":"Gather Gold","floor":2.0,"gold_loss":0.0,"damage_taken":11.0},{"damage_healed":18.0,"max_hp_gain":0.0,"max_hp_loss":0.0,"gold_gain":0.0,"event_name":"The Cleric","player_choice":"Healed","floor":3.0,"gold_loss":35.0,"damage_taken":0.0},{"damage_healed":0.0,"max_hp_gain":0.0,"max_hp_loss":0.0,"gold_gain":0.0,"event_name":"Accursed Blacksmith","player_choice":"Forge","floor":4.0,"gold_loss":0.0,"damage_taken":0.0,"cards_upgraded":["Redo"]},{"damage_healed":0.0,"max_hp_gain":0.0,"max_hp_loss":0.0,"gold_gain":0.0,"event_name":"Back to Basics","player_choice":"Simplicity","floor":19.0,"gold_loss":0.0,"damage_taken":0.0,"cards_upgraded":["Strike_B","Strike_B","Strike_B","Strike_B","Defend_B","Defend_B","Defend_B","Defend_B"]},{"damage_healed":0.0,"max_hp_gain":0.0,"max_hp_loss":0.0,"gold_gain":0.0,"event_name":"Cursed Tome","player_choice":"Obtained Book","floor":21.0,"gold_loss":0.0,"damage_taken":16.0},{"damage_healed":0.0,"max_hp_gain":5.0,"max_hp_loss":0.0,"gold_gain":0.0,"event_name":"Forgotten Altar","player_choice":"Shed Blood","floor":27.0,"gold_loss":0.0,"damage_taken":20.0},{"cards_removed":["Strike_B"],"damage_healed":0.0,"max_hp_gain":0.0,"max_hp_loss":0.0,"gold_gain":0.0,"event_name":"Wheel of Change","player_choice":"Card Removal","floor":36.0,"gold_loss":0.0,"damage_taken":0.0},{"damage_healed":0.0,"max_hp_gain":0.0,"max_hp_loss":0.0,"gold_gain":100.0,"event_name":"Golden Shrine","player_choice":"Pray","floor":45.0,"gold_loss":0.0,"damage_taken":0.0},{"damage_healed":0,"gold_gain":0,"player_choice":"2 cards matched","damage_taken":0,"max_hp_gain":0,"max_hp_loss":0,"event_name":"Match and Keep!","floor":48,"gold_loss":0,"cards_obtained":["Go for the Eyes","Rainbow"]}],"is_beta":false,"boss_relics":[{"not_picked":["Snecko Eye","FrozenCore"],"picked":"Nuclear Battery"},{"not_picked":["Cursed Key","SlaversCollar"],"picked":"Black Star"}],"items_purged_floors":[],"is_endless":false,"potions_floor_spawned":[5,10,11,13,20,24,28,29,35,39,47],"ascension_level":4}}