{"host":"khm4we1ijduz33xh","time":1609158738,"event":{"mods":["AchievementEnabler","BaseMod","Colored Map","Minty Spire (QoL Compilation)","Rare Cards Sparkle","StSLib"],"gold_per_floor":[115,115,133,143,66,66,91,91,114,130,130,149,167,92,92,92,92],"floor_reached":16,"playtime":1007,"items_purged":["Strike_P"],"score":102,"play_id":"1b5034a9-6329-4a07-aaf2-7e3d17bd19b1","local_time":"20201228213218","is_ascension_mode":false,"campfire_choices":[{"data":"Adaptation","floor":6,"key":"SMITH"},{"floor":8,"key":"REST"},{"floor":11,"key":"RECALL"},{"floor":15,"key":"REST"}],"circlet_count":0,"master_deck":["Strike_P","Strike_P","Strike_P+1","Defend_P+1","Defend_P","Defend_P","Defend_P","Eruption+1","Vigilance","Adaptation+1"],"relics":["PureWater","Bronze Scales","Omamori"],"acts_visited":["Exordium"],"potions_floor_usage":[7,16,16],"damage_taken":[{"damage":1,"enemies":"Jaw Worm","floor":1,"turns":4},{"damage":0,"enemies":"2 Louse","floor":3,"turns":2},{"damage":0,"enemies":"Cultist","floor":4,"turns":3},{"damage":26,"enemies":"Lagavulin","floor":7,"turns":5},{"damage":0,"enemies":"2 Fungi Beasts","floor":10,"turns":2},{"damage":8,"enemies":"Large Slime","floor":12,"turns":4},{"damage":2,"enemies":"3 Louse","floor":13,"turns":4},{"damage":66,"enemies":"Hexaghost","floor":16,"turns":9}],"seed_played":"4980952313613200223","potions_obtained":[{"floor":1,"key":"EssenceOfSteel"},{"floor":4,"key":"Fire Potion"},{"floor":10,"key":"BottledMiracle"}],"is_trial":false,"path_per_floor":["M","?","M","M","$","R","E","R","T","M","R","M","M","$","R","B"],"character_chosen":"WATCHER","items_purchased":["Adaptation"],"campfire_rested":2,"item_purchase_floors":[5],"current_hp_per_floor":[71,57,57,57,57,57,31,52,52,52,52,44,42,42,63,0,0],"gold":92,"neow_bonus":"UPGRADE_CARD","is_daily":false,"chose_seed":false,"campfire_upgraded":1,"win_rate":0.0,"timestamp":1609158738,"path_taken":["M","?","M","M","$","R","E","R","T","M","R","M","M","$","R","BOSS"],"items_purchased_type":["Card"],"build_version":"2020-12-22","purchased_purges":1,"victory":false,"max_hp_per_floor":[72,72,72,72,72,72,72,72,72,72,72,72,72,72,72,72,72],"card_choices":[{"not_picked":["Weave","Protect","Wallop"],"picked":"SKIP","floor":1},{"not_picked":["FlyingSleeves","BattleHymn","ThirdEye"],"picked":"SKIP","floor":3},{"not_picked":["FollowUp","SignatureMove","CutThroughFate"],"picked":"SKIP","floor":4},{"not_picked":["WheelKick","Weave","BowlingBash"],"picked":"SKIP","floor":7},{"not_picked":["CarveReality","BowlingBash","ThirdEye"],"picked":"SKIP","floor":10},{"not_picked":["FlyingSleeves","Vault","EmptyBody"],"picked":"SKIP","floor":12},{"not_picked":["ClearTheMind","FollowUp","Nirvana"],"picked":"SKIP","floor":13}],"player_experience":136987,"relics_obtained":[{"floor":7,"key":"Bronze Scales"},{"floor":9,"key":"Omamori"}],"event_choices":[{"damage_healed":0,"gold_gain":0,"player_choice":"Entered Light","damage_taken":14,"max_hp_gain":0,"max_hp_loss":0,"event_name":"Shining Light","floor":2,"gold_loss":0,"cards_upgraded":["Strike_P","Defend_P"]}],"is_beta":false,"boss_relics":[],"items_purged_floors":[14],"is_endless":false,"potions_floor_spawned":[1,4,10],"killed_by":"Hexaghost","ascension_level":0}}