{"host":"cijwx898anu8dehj","time":1609189318,"event":{"mods":["AchievementEnabler","AlwaysNeverKeys","BaseMod","Colored Map","Colored Powertips","Highlight Path","Minty Spire (QoL Compilation)","Rare Cards Sparkle","Relic Stats","Slay-I"],"gold_per_floor":[117,131,131,145,163,163,197,197,221,321,340,359,359,359,359,430,430,350,350,350,350,350,350],"floor_reached":22,"playtime":880,"items_purged":[],"score":357,"play_id":"10b25160-bc96-48ad-97db-ed9c7edb8f4e","local_time":"20201228190158","is_ascension_mode":true,"campfire_choices":[{"floor":6.0,"key":"REST"},{"floor":13.0,"key":"REST"},{"data":"Spot Weakness","floor":15.0,"key":"SMITH"}],"circlet_count":0,"master_deck":["AscendersBane","Strike_R+1","Strike_R+1","Strike_R+1","Strike_R+1","Defend_R+1","Defend_R+1","Defend_R+1","Defend_R+1","Bash","Inflame","Clothesline","Entrench","Carnage","Warcry","Shrug It Off","Spot Weakness+1","Heavy Blade","Immolate","Whirlwind"],"relics":["Philosopher\u0027s Stone","Dream Catcher","Omamori","Strawberry","Ectoplasm"],"acts_visited":["Exordium","TheCity"],"potions_floor_usage":[16,18,19],"damage_taken":[{"damage":2.0,"enemies":"Cultist","floor":1.0,"turns":3.0},{"damage":4.0,"enemies":"Small Slimes","floor":2.0,"turns":3.0},{"damage":7.0,"enemies":"2 Louse","floor":4.0,"turns":2.0},{"damage":10.0,"enemies":"Exordium Wildlife","floor":5.0,"turns":4.0},{"damage":29.0,"enemies":"3 Sentries","floor":7.0,"turns":9.0},{"damage":12.0,"enemies":"Large Slime","floor":11.0,"turns":5.0},{"damage":0.0,"enemies":"2 Fungi Beasts","floor":12.0,"turns":4.0},{"damage":31,"enemies":"Hexaghost","floor":16,"turns":8},{"damage":14,"enemies":"2 Thieves","floor":18,"turns":3},{"damage":14,"enemies":"Shell Parasite","floor":19,"turns":3},{"damage":22,"enemies":"Sentry and Sphere","floor":21,"turns":4}],"seed_played":"-5431082977038685564","potions_obtained":[{"floor":1.0,"key":"Dexterity Potion"},{"floor":4.0,"key":"SkillPotion"},{"floor":7.0,"key":"SneckoOil"},{"floor":12.0,"key":"BlessingOfTheForge"},{"floor":16,"key":"Dexterity Potion"},{"floor":19,"key":"BloodPotion"},{"floor":21,"key":"Dexterity Potion"}],"is_trial":false,"path_per_floor":["M","M","?","M","M","R","E","?","T","?","M","M","R","?","R","B",null,"M","M","?","M","?"],"character_chosen":"IRONCLAD","items_purchased":[],"campfire_rested":2,"item_purchase_floors":[],"current_hp_per_floor":[66,62,62,55,45,67,38,20,27,27,15,15,39,66,66,35,70,56,42,42,20,0,0],"gold":350,"neow_bonus":"BOSS_RELIC","is_daily":false,"chose_seed":false,"campfire_upgraded":1,"win_rate":0.0,"timestamp":1609189318,"path_taken":["M","M","?","M","?","R","E","?","T","?","?","?","R","?","R","BOSS","M","M","?","M","?"],"items_purchased_type":[],"build_version":"2020-12-22","purchased_purges":0,"victory":false,"max_hp_per_floor":[75,75,75,75,75,75,75,75,82,82,82,82,82,82,82,82,82,82,82,82,82,82,82],"relic_stats":{"Dream Catcher":1,"counters":[11,48],"Ectoplasm":115,"obtain_stats":[{"Dream Catcher":7,"Strawberry":9,"Philosopher\u0027s Stone":0,"Ectoplasm":17,"Omamori":8,"Burning Blood":0},{"Dream Catcher":5,"Strawberry":5,"Philosopher\u0027s Stone":0,"Ectoplasm":8,"Omamori":5,"Burning Blood":0},{"Dream Catcher":21,"Strawberry":21,"Philosopher\u0027s Stone":0,"Ectoplasm":38,"Omamori":21,"Burning Blood":0}]},"card_choices":[{"not_picked":["Twin Strike","Rage"],"picked":"Inflame","floor":1.0},{"not_picked":["Burning Pact","Reckless Charge"],"picked":"Clothesline","floor":2.0},{"not_picked":["Dark Embrace","Evolve"],"picked":"Carnage","floor":4.0},{"not_picked":["Carnage","Evolve","Body Slam"],"picked":"SKIP","floor":5.0},{"not_picked":["Sever Soul","Burning Pact"],"picked":"Warcry","floor":7.0},{"not_picked":["Flex","Havoc"],"picked":"Shrug It Off","floor":11.0},{"not_picked":["Clash","Anger"],"picked":"Spot Weakness","floor":12.0},{"not_picked":["Cleave","Body Slam"],"picked":"Heavy Blade","floor":13.0},{"not_picked":["Offering","Barricade"],"picked":"Immolate","floor":16},{"not_picked":["Thunderclap","Infernal Blade","Seeing Red"],"picked":"SKIP","floor":18},{"not_picked":["Searing Blow","Anger","Wild Strike"],"picked":"SKIP","floor":19},{"not_picked":["Demon Form","Twin Strike"],"picked":"Whirlwind","floor":21}],"player_experience":923155,"relics_obtained":[{"floor":7.0,"key":"Dream Catcher"},{"floor":9.0,"key":"Strawberry"}],"event_choices":[{"damage_healed":0.0,"max_hp_gain":0.0,"max_hp_loss":0.0,"gold_gain":0.0,"cards_transformed":["Strike_R"],"event_name":"Transmorgrifier","player_choice":"Transformed","floor":3.0,"gold_loss":0.0,"damage_taken":0.0,"cards_obtained":["Entrench"]},{"damage_healed":0.0,"max_hp_gain":0.0,"max_hp_loss":0.0,"gold_gain":0.0,"event_name":"Scrap Ooze","player_choice":"Success","floor":8.0,"gold_loss":0.0,"damage_taken":18.0,"relics_obtained":["Omamori"]},{"damage_healed":0.0,"max_hp_gain":0.0,"max_hp_loss":0.0,"gold_gain":100.0,"event_name":"Wheel of Change","player_choice":"Gold","floor":10.0,"gold_loss":0.0,"damage_taken":0.0},{"damage_healed":27.0,"max_hp_gain":0.0,"max_hp_loss":0.0,"gold_gain":0.0,"event_name":"Big Fish","player_choice":"Banana","floor":14.0,"gold_loss":0.0,"damage_taken":0.0},{"damage_healed":0,"gold_gain":0,"player_choice":"Simplicity","damage_taken":0,"max_hp_gain":0,"max_hp_loss":0,"event_name":"Back to Basics","floor":20,"gold_loss":0,"cards_upgraded":["Strike_R","Strike_R","Strike_R","Strike_R","Defend_R","Defend_R","Defend_R","Defend_R"]}],"is_beta":false,"boss_relics":[{"not_picked":["Sozu","Runic Cube"],"picked":"Ectoplasm"}],"items_purged_floors":[],"is_endless":false,"potions_floor_spawned":[1,4,7,12,16,19,21],"ascension_level":18}}