{"host":"nox","time":1609162176,"event":{"mods":["Act Like it!","Aspiration","BaseMod","Better Altar","Better Match","Better Note","Better Sensory Stone","Better Skull","Better Third Choice","BetterRewards","Colored Powertips","Conspire","Energized Spire","GifTheSpireLib","Hubris","Infinite Spire","Minty Spire (QoL Compilation)","Pale of the Ancients","Quick Restart","Rare Cards Sparkle","Replay The Spire","Shop Mod","Spikes Relics","StSLib","Stuff the Spire","SuperFastMode","The Alterego","vexMod"],"gold_per_floor":[119,394,118,132,144,144,164,198,198,198,198],"floor_reached":10,"playtime":278,"items_purged":["Regret"],"score":92,"play_id":"21ba0908-ab55-42af-87bc-119845c0db86","local_time":"20201228202936","is_ascension_mode":true,"campfire_choices":[{"data":"Strike_G","floor":6.0,"key":"SMITH"}],"circlet_count":0,"master_deck":["Strike_G+1","Strike_G+1","Strike_G+1","Strike_G","Strike_G","Defend_G","Defend_G","Defend_G","Defend_G","Defend_G","Survivor","Neutralize","Dagger Spray","Flying Knee","Flying Knee"],"relics":["Ring of the Snake","Whetstone","Calipers"],"acts_visited":["Exordium"],"potions_floor_usage":[],"damage_taken":[{"damage":8.0,"enemies":"Jaw Worm","floor":1.0,"turns":6.0},{"damage":1.0,"enemies":"Cultist","floor":4.0,"turns":3.0},{"damage":2.0,"enemies":"2 Louse","floor":5.0,"turns":2.0},{"damage":14.0,"enemies":"Exordium Thugs","floor":7.0,"turns":4.0},{"damage":12.0,"enemies":"Gremlin Nob","floor":8.0,"turns":4.0},{"damage":37,"enemies":"3 Sentries","floor":10,"turns":7}],"seed_played":"-6088992772693408861","potions_obtained":[{"floor":5.0,"key":"Block Potion"}],"is_trial":false,"path_per_floor":["M","?","$","M","M","R","M","E","T","E"],"character_chosen":"THE_SILENT","items_purchased":["Flying Knee","Whetstone"],"campfire_rested":0,"item_purchase_floors":[3,3],"current_hp_per_floor":[62,62,62,61,59,59,45,33,33,0,0],"gold":198,"neow_bonus":"TEN_PERCENT_HP_BONUS","is_daily":false,"chose_seed":false,"campfire_upgraded":1,"win_rate":0.0,"timestamp":1609162176,"path_taken":["M","?","$","?","M","R","M","E","T","E"],"items_purchased_type":["Card","Relic"],"build_version":"2020-11-17","purchased_purges":1,"victory":false,"max_hp_per_floor":[77,77,77,77,77,77,77,77,77,77,77],"card_choices":[{"not_picked":["StuffTheSpire:Fury","Blade Dance"],"picked":"Dagger Spray","floor":1.0},{"not_picked":["Distraction","Poisoned Stab","hubris:SlightOfHand"],"picked":"SKIP","floor":4.0},{"not_picked":["StuffTheSpire:ClusterCrunch","Replay:Poison Smokescreen","aspiration:Lunge"],"picked":"SKIP","floor":5.0},{"not_picked":["Blur","StuffTheSpire:Sprint","Underhanded Strike"],"picked":"SKIP","floor":7.0},{"not_picked":["StuffTheSpire:ClusterCrunch","StuffTheSpire:Python"],"picked":"Flying Knee","floor":8.0}],"player_experience":274305,"relics_obtained":[{"floor":8.0,"key":"Calipers"}],"event_choices":[{"damage_healed":0.0,"max_hp_gain":0.0,"max_hp_loss":0.0,"gold_gain":275.0,"event_name":"Golden Shrine","player_choice":"Desecrate","floor":2.0,"gold_loss":0.0,"damage_taken":0.0,"cards_obtained":["Regret"]}],"is_beta":true,"boss_relics":[],"items_purged_floors":[3],"is_endless":false,"potions_floor_spawned":[5],"killed_by":"3 Sentries","ascension_level":7}}