{"host":"swaz73pp650inygv","time":1609152051,"event":{"mods":["BaseMod","BetterRewards","Minty Spire (QoL Compilation)","StSLib"],"gold_per_floor":[109,109,109,184,198,228,239,239,291,369,396,396,217,236,236,333,333,349,349,57,57,70,70,19,19,19,34,34,52,32,42,42,138,188,207,60,76,126,126,126,126],"floor_reached":40,"playtime":832,"items_purged":[],"score":417,"play_id":"4400d4c3-5c78-4106-8f8b-8845f5fe986b","local_time":"20201228034051","is_ascension_mode":false,"campfire_choices":[{"data":"Carnage","floor":8,"key":"SMITH"},{"data":"Cleave","floor":12,"key":"SMITH"},{"data":"Flex","floor":15,"key":"SMITH"},{"data":"Carnage","floor":23,"key":"SMITH"},{"data":"Flex","floor":25,"key":"SMITH"},{"data":"Anger","floor":28,"key":"SMITH"},{"data":"Bash","floor":32,"key":"SMITH"}],"circlet_count":0,"master_deck":["Strike_R","Strike_R","Strike_R+1","Strike_R","Strike_R","Defend_R","Defend_R","Defend_R","Defend_R","Bash+1","Cleave+1","Carnage+1","Thunderclap","Flex+1","Flex+1","Shrug It Off","Demon Form","Cleave+1","Necronomicurse","Carnage+1","Shrug It Off","Anger+1","Ghostly Armor+1","Inflame"],"relics":["Burning Blood","NeowsBlessing","InkBottle","Meat on the Bone","Toy Ornithopter","Question Card","Pen Nib","Busted Crown","Necronomicon","Champion Belt","Sundial","Tiny House","Bronze Scales","Unceasing Top"],"acts_visited":["Exordium","TheCity","TheBeyond"],"potions_floor_usage":[16,16,33,33,35],"damage_taken":[{"damage":0,"enemies":"2 Louse","floor":1,"turns":1},{"damage":0,"enemies":"Jaw Worm","floor":5,"turns":1},{"damage":0,"enemies":"Gremlin Nob","floor":6,"turns":1},{"damage":0,"enemies":"Small Slimes","floor":7,"turns":3},{"damage":44,"enemies":"Lagavulin","floor":11,"turns":6},{"damage":0,"enemies":"3 Louse","floor":14,"turns":2},{"damage":70,"enemies":"Hexaghost","floor":16,"turns":9},{"damage":0,"enemies":"Spheric Guardian","floor":18,"turns":3},{"damage":5,"enemies":"3 Byrds","floor":22,"turns":3},{"damage":6,"enemies":"Centurion and Healer","floor":27,"turns":3},{"damage":8,"enemies":"Snake Plant","floor":29,"turns":2},{"damage":2,"enemies":"Cultist and Chosen","floor":31,"turns":4},{"damage":34,"enemies":"Champ","floor":33,"turns":7},{"damage":12,"enemies":"3 Shapes","floor":35,"turns":2},{"damage":18,"enemies":"3 Darklings","floor":37,"turns":4},{"damage":18,"enemies":"Mind Bloom Boss Battle","floor":38,"turns":6},{"damage":85,"enemies":"Reptomancer","floor":40,"turns":2}],"seed_played":"6054901479168368522","potions_obtained":[{"floor":5,"key":"Regen Potion"},{"floor":11,"key":"BloodPotion"},{"floor":16,"key":"Dexterity Potion"},{"floor":30,"key":"SmokeBomb"},{"floor":31,"key":"BloodPotion"},{"floor":33,"key":"SpeedPotion"},{"floor":34,"key":"DistilledChaos"},{"floor":35,"key":"BlessingOfTheForge"}],"is_trial":false,"path_per_floor":["M","?","T","?","M","E","M","R","T","?","E","R","$","M","R","B",null,"M","?","$","?","M","R","$","R","T","M","R","M","?","M","R","B",null,"M","$","M","?","?","E"],"character_chosen":"IRONCLAD","items_purchased":["Pen Nib","Flex","Champion Belt","Strength Potion","Bronze Scales"],"campfire_rested":0,"item_purchase_floors":[13,13,20,24,36],"current_hp_per_floor":[80,85,85,74,80,85,85,85,85,85,59,59,59,65,65,55,85,85,69,69,69,70,70,70,70,70,70,70,68,68,72,72,54,90,87,87,75,63,63,0,0],"gold":126,"neow_bonus":"THREE_ENEMY_KILL","is_daily":false,"chose_seed":false,"campfire_upgraded":7,"win_rate":0.0,"timestamp":1609152051,"path_taken":["M","?","?","?","M","E","M","R","T","?","E","R","$","M","R","BOSS","M","?","$","?","M","R","?","R","T","M","R","?","?","M","R","BOSS","M","?","M","?","?","E"],"items_purchased_type":["Relic","Card","Relic","Potion","Relic"],"build_version":"2020-12-22","purchased_purges":0,"victory":false,"max_hp_per_floor":[80,85,85,85,85,85,85,85,85,85,85,85,85,85,85,85,85,85,85,85,85,85,85,85,85,85,85,85,85,85,85,85,85,90,90,90,90,90,90,90,90],"card_choices":[{"not_picked":["Anger","Warcry"],"picked":"Cleave","floor":1},{"not_picked":["Sword Boomerang","Second Wind","Entrench"],"picked":"SKIP","floor":5},{"not_picked":["Clothesline","Burning Pact"],"picked":"Carnage","floor":6},{"not_picked":["Entrench","Sever Soul"],"picked":"Thunderclap","floor":7},{"not_picked":["Headbutt","Armaments"],"picked":"Flex","floor":11},{"not_picked":["Headbutt","Seeing Red","Power Through"],"picked":"Shrug It Off","floor":14},{"not_picked":["Fiend Fire","Berserk","Offering"],"picked":"Demon Form","floor":16},{"not_picked":["True Grit"],"picked":"Cleave+1","floor":18},{"not_picked":["Sever Soul"],"picked":"Shrug It Off","floor":22},{"not_picked":["Dual Wield+1"],"picked":"Anger","floor":27},{"not_picked":["Body Slam+1","Rupture"],"picked":"SKIP","floor":29},{"not_picked":["Rage","Bloodletting"],"picked":"SKIP","floor":31},{"not_picked":["Dark Embrace+1"],"picked":"Ghostly Armor+1","floor":35},{"not_picked":["Headbutt","Thunderclap"],"picked":"SKIP","floor":37},{"not_picked":["Uppercut"],"picked":"Inflame","floor":38}],"player_experience":892,"relics_obtained":[{"floor":3,"key":"InkBottle"},{"floor":6,"key":"Meat on the Bone"},{"floor":9,"key":"Toy Ornithopter"},{"floor":11,"key":"Question Card"},{"floor":19,"key":"Necronomicon"},{"floor":26,"key":"Sundial"},{"floor":38,"key":"Unceasing Top"}],"event_choices":[{"damage_healed":0,"gold_gain":0,"player_choice":"Donut","damage_taken":0,"max_hp_gain":5,"max_hp_loss":0,"event_name":"Big Fish","floor":2,"gold_loss":0},{"damage_healed":0,"gold_gain":75,"player_choice":"Gather Gold","damage_taken":11,"max_hp_gain":0,"max_hp_loss":0,"event_name":"World of Goop","floor":4,"gold_loss":0},{"damage_healed":0,"gold_gain":78,"player_choice":"Gained Gold","damage_taken":0,"max_hp_gain":0,"max_hp_loss":0,"event_name":"Golden Wing","floor":10,"gold_loss":0},{"damage_healed":0,"gold_gain":0,"player_choice":"Obtained Book","damage_taken":16,"max_hp_gain":0,"max_hp_loss":0,"event_name":"Cursed Tome","floor":19,"gold_loss":0},{"damage_healed":0,"gold_gain":0,"player_choice":"Read","damage_taken":0,"max_hp_gain":0,"max_hp_loss":0,"event_name":"The Library","floor":21,"gold_loss":0,"cards_obtained":["Carnage"]},{"damage_healed":0,"gold_gain":0,"player_choice":"Bought 1 Potion","damage_taken":0,"max_hp_gain":0,"max_hp_loss":0,"event_name":"The Woman in Blue","floor":30,"gold_loss":0},{"damage_healed":0,"gold_gain":0,"player_choice":"Fight","damage_taken":0,"max_hp_gain":0,"max_hp_loss":0,"event_name":"MindBloom","floor":38,"gold_loss":0},{"damage_healed":0,"gold_gain":0,"player_choice":"Ignored","damage_taken":0,"max_hp_gain":0,"max_hp_loss":0,"event_name":"Mysterious Sphere","floor":39,"gold_loss":0}],"is_beta":false,"boss_relics":[{"not_picked":["Runic Pyramid","Ectoplasm"],"picked":"Busted Crown"},{"not_picked":["Calling Bell","Astrolabe"],"picked":"Tiny House"}],"items_purged_floors":[],"is_endless":false,"potions_floor_spawned":[5,11,16,31,33,35],"killed_by":"Reptomancer","ascension_level":0}}