{"host":"mjmsgaxkb56jw5c5","time":1609194985,"event":{"mods":["Aspiration","BaseMod","Colored Powertips","Conspire","Downfall","Hubris","Minty Spire (QoL Compilation)","Replay The Spire","StSLib","The Jungle"],"gold_per_floor":[113,64,82,82,82,82,111,111,111,136,62,93,93,104,104,205,205,222,147,417,434,259,259,286,302,302,302,302,302,71,71,71,166,166,183,203,9,9,9,9,20,20,20,20,31,31,41,51,51,51],"floor_reached":51,"playtime":1966,"items_purged":["Strike_G","Strike_G","Defend_G","Defend_G","Defend_G+1","Defend_G+1"],"score":913,"play_id":"8c7fd1c0-f9b3-4722-9413-230fd31e94da","local_time":"20201228233625","is_ascension_mode":true,"campfire_choices":[{"data":"Tactician","floor":6,"key":"SMITH"},{"data":"Dagger Throw","floor":8,"key":"SMITH"},{"floor":15,"key":"REST"},{"floor":23,"key":"REST"},{"floor":32,"key":"REST"},{"floor":40,"key":"REST"},{"floor":44,"key":"RECALL"},{"floor":49,"key":"REST"}],"circlet_count":0,"master_deck":["Strike_G+1","Survivor+1","Neutralize+1","Tactician+1","Dagger Throw+1","Dagger Throw+1","Prepared+1","Tactician+1","Prepared+1","Adrenaline+1","CurseOfTheBell","Dagger Throw+1","Dagger Throw+1","ReplayTheSpireMod:Scrap Shanks+1","Accuracy+1","ReplayTheSpireMod:Scrap Shanks+1","ReplayTheSpireMod:Scrap Shanks+1"],"relics":["Ring of the Snake","NeowsBlessing","aspiration:HiddenCompartment","Pet Ghost","hubris:ToyBattleship","Replay:Bottled Flurry","Calling Bell","Orichalcum","ReplayTheSpireMod:Shallot","WingedGreaves","Nunchaku","Replay:Ringing Soul","Replay:WaspNest","Sling","hubris:Backtick","DollysMirror","Mark of the Bloom","Letter Opener"],"acts_visited":["Exordium","TheCity","TheBeyond"],"potions_floor_usage":[7,10,16,16,33,33,48,50,50],"damage_taken":[{"damage":0,"enemies":"Jaw Worm","floor":1,"turns":1},{"damage":0,"enemies":"Small Slimes","floor":3,"turns":1},{"damage":0,"enemies":"Replay:BlueRogue","floor":7,"turns":1},{"damage":2,"enemies":"Gremlin Nob","floor":10,"turns":3},{"damage":27,"enemies":"Lagavulin","floor":12,"turns":7},{"damage":0,"enemies":"Cultist","floor":14,"turns":3},{"damage":31,"enemies":"Slime Boss","floor":16,"turns":14},{"damage":0,"enemies":"Shell Parasite","floor":18,"turns":7},{"damage":9,"enemies":"conspire:FuzzyDice","floor":21,"turns":8},{"damage":5,"enemies":"Book of Stabbing","floor":24,"turns":4},{"damage":0,"enemies":"Centurion and Healer","floor":25,"turns":5},{"damage":18,"enemies":"Collector","floor":33,"turns":3},{"damage":0,"enemies":"Orb Walker","floor":35,"turns":1},{"damage":3,"enemies":"3 Shapes","floor":36,"turns":4},{"damage":0,"enemies":"Sphere and 2 Shapes","floor":41,"turns":1},{"damage":0,"enemies":"Jaw Worm Horde","floor":45,"turns":1},{"damage":0,"enemies":"3 Darklings","floor":47,"turns":1},{"damage":6,"enemies":"4 Shapes","floor":48,"turns":1},{"damage":0,"enemies":"Donu and Deca","floor":50,"turns":2}],"seed_played":"3803018918134188173","potions_obtained":[{"floor":1,"key":"Poison Potion"},{"floor":7,"key":"Energy Potion"},{"floor":12,"key":"Block Potion"},{"floor":14,"key":"Fire Potion"},{"floor":24,"key":"SteroidPotion"},{"floor":25,"key":"Block Potion"},{"floor":33,"key":"Explosive Potion"},{"floor":45,"key":"champ:CounterPotion"},{"floor":48,"key":"Guardian:BlockOnCardUsePotion"}],"is_trial":false,"path_per_floor":["M","$","M","?","?","R","E","R","T","E","$","E","?","M","R","B",null,"M","$","?","M","$","R","E","M","T","$","R","T","$","?","R","B",null,"M","M","$","?","?","R","M","$","T","R","M","$","M","M","R","B",null],"character_chosen":"THE_SILENT","items_purchased":["Dagger Throw","Tactician","ReplayTheSpireMod:Scrap Shanks","Accuracy","Sling","Strength Potion","ReplayTheSpireMod:Scrap Shanks"],"campfire_rested":5,"item_purchase_floors":[2,11,22,30,30,30,37],"current_hp_per_floor":[70,70,70,63,49,49,49,49,49,47,47,20,20,20,41,10,70,70,70,43,34,34,55,50,50,50,45,45,45,48,48,69,51,76,76,73,76,76,76,76,76,60,60,60,60,60,60,54,54,54],"gold":51,"neow_bonus":"THREE_ENEMY_KILL","is_daily":false,"chose_seed":false,"campfire_upgraded":2,"win_rate":0.0,"timestamp":1609194985,"path_taken":["M","$","M","?","?","R","E","R","T","E","$","E","?","M","R","BOSS","M","?","?","M","$","R","E","?","T","?","R","?","$","?","R","BOSS","M","M","$","?","?","R","M","?","T","R","?","$","M","M","R","BOSS"],"items_purchased_type":["Card","Card","Card","Card","Relic","Potion","Card"],"build_version":"2020-12-22","purchased_purges":6,"victory":true,"max_hp_per_floor":[70,70,70,70,70,70,70,70,70,70,70,70,70,70,70,70,70,70,70,70,70,70,70,70,70,70,70,70,70,73,73,73,73,76,76,76,79,79,79,79,79,79,79,79,79,79,79,79,79,79],"card_choices":[{"not_picked":["Dagger Spray","Cloak And Dagger"],"picked":"Tactician","floor":1},{"not_picked":["Flying Knee","Acrobatics"],"picked":"Dagger Throw","floor":3},{"not_picked":["Setup","Catalyst","Poisoned Stab"],"picked":"SKIP","floor":7},{"not_picked":["ReplayTheSpireMod:Shiv Toss","Leg Sweep"],"picked":"Prepared","floor":10},{"not_picked":["Deadly Poison","Quick Slash"],"picked":"Prepared","floor":12},{"not_picked":["Deflect","Poisoned Stab","PiercingWail"],"picked":"SKIP","floor":14},{"not_picked":["Burst","Grand Finale"],"picked":"Adrenaline","floor":16},{"not_picked":["Quick Slash","Bane"],"picked":"Dagger Throw+1","floor":18},{"not_picked":["Blade Dance","Backstab+1"],"picked":"Dagger Throw","floor":21},{"not_picked":["Fluid Movement","Footwork","Dash"],"picked":"SKIP","floor":24},{"not_picked":["Footwork+1","Acrobatics","Flying Knee+1"],"picked":"SKIP","floor":25},{"not_picked":["Bane+1","Dodge and Roll","Slice+1"],"picked":"SKIP","floor":35},{"not_picked":["Sneak Up+1","Outmaneuver","Hidden Blade"],"picked":"SKIP","floor":36},{"not_picked":["Cloak And Dagger","Toxin Wave+1","Slice+1"],"picked":"SKIP","floor":41},{"not_picked":["Sucker Punch","ReplayTheSpireMod:Necrosis","Outmaneuver"],"picked":"SKIP","floor":45},{"not_picked":["hubris:SlightOfHand+1","Footwork+1","Quick Slash+1"],"picked":"SKIP","floor":47},{"not_picked":["Backflip+1","Caltrops+1","Slice"],"picked":"SKIP","floor":48}],"player_experience":225557,"relics_obtained":[{"floor":7,"key":"aspiration:HiddenCompartment"},{"floor":9,"key":"Pet Ghost"},{"floor":10,"key":"hubris:ToyBattleship"},{"floor":12,"key":"Replay:Bottled Flurry"},{"floor":17,"key":"Orichalcum"},{"floor":17,"key":"ReplayTheSpireMod:Shallot"},{"floor":17,"key":"WingedGreaves"},{"floor":24,"key":"Nunchaku"},{"floor":26,"key":"Replay:Ringing Soul"},{"floor":29,"key":"Replay:WaspNest"},{"floor":43,"key":"Letter Opener"}],"event_choices":[{"cards_removed":["Strike_G"],"damage_healed":0,"gold_gain":0,"player_choice":"Card Removal","damage_taken":7,"max_hp_gain":0,"max_hp_loss":0,"event_name":"Golden Wing","floor":4,"gold_loss":0},{"damage_healed":0,"gold_gain":0,"player_choice":"Entered Light","damage_taken":14,"max_hp_gain":0,"max_hp_loss":0,"event_name":"Shining Light","floor":5,"gold_loss":0,"cards_upgraded":["Dagger Throw","Defend_G"]},{"cards_removed":["Strike_G"],"damage_healed":0,"gold_gain":0,"player_choice":"Purged","damage_taken":0,"max_hp_gain":0,"max_hp_loss":0,"event_name":"Purifier","floor":13,"gold_loss":0},{"damage_healed":0,"gold_gain":270,"player_choice":"GOLD GOLD GOLD ","damage_taken":27,"max_hp_gain":0,"max_hp_loss":0,"event_name":"Knowing Skull","floor":20,"potions_obtained":[],"gold_loss":0,"cards_obtained":[]},{"cards_removed":["Defend_G"],"damage_healed":0,"gold_gain":0,"player_choice":"Elegance","damage_taken":0,"max_hp_gain":0,"max_hp_loss":0,"event_name":"Back to Basics","floor":31,"gold_loss":0},{"damage_healed":0,"gold_gain":0,"player_choice":"Leave","damage_taken":0,"max_hp_gain":0,"max_hp_loss":0,"event_name":"conspire:Investor","floor":38,"gold_loss":0},{"damage_healed":0,"gold_gain":0,"player_choice":"Upgrade","damage_taken":0,"relics_obtained":["Mark of the Bloom"],"max_hp_gain":0,"max_hp_loss":0,"event_name":"MindBloom","floor":39,"gold_loss":0,"cards_upgraded":["Strike_G","Defend_G","Survivor","Neutralize","Prepared","Tactician","Prepared","Adrenaline","Dagger Throw","ReplayTheSpireMod:Scrap Shanks","Accuracy","ReplayTheSpireMod:Scrap Shanks","ReplayTheSpireMod:Scrap Shanks"]}],"is_beta":false,"boss_relics":[{"not_picked":["Busted Crown","conspire:SlowCooker"],"picked":"Calling Bell"},{"not_picked":["Replay:Grab Bag","HoveringKite"],"picked":"hubris:Backtick"}],"items_purged_floors":[19,22,27,37,42,42],"is_endless":false,"potions_floor_spawned":[1,7,12,14,24,25,33,45,48],"ascension_level":3}}