{"host":"jpzdg3po3tjxdjri","time":1609171810,"event":{"mods":["BaseMod","Better Third Choice","Colored Map","Colored Powertips","Minty Spire (QoL Compilation)","StSLib"],"gold_per_floor":[211,211,211,231,56,99,99,119,119,153,172,24,24,38,38,127,190,214,214,1,16,0,0,31,31,31],"floor_reached":25,"playtime":688,"items_purged":["Injury","Strike_B"],"score":389,"play_id":"ab93101b-9ba1-45c5-b770-31bed751159d","local_time":"20201228161010","is_ascension_mode":true,"campfire_choices":[{"data":"Defragment","floor":7,"key":"SMITH"},{"floor":15,"key":"REST"},{"data":"White Noise","floor":23,"key":"SMITH"}],"circlet_count":0,"master_deck":["AscendersBane","Strike_B","Strike_B","Strike_B","Defend_B","Defend_B","Defend_B","Defend_B","Zap+1","Dualcast","Coolheaded","Barrage","Defragment+1","Gash","Ball Lightning","Leap","Gash","White Noise+1","Sweeping Beam","Core Surge","Hologram","Ball Lightning","Capacitor","Auto Shields","Coolheaded+1","Gash"],"relics":["Cracked Core","Golden Idol","Bottled Tornado","Matryoshka","Centennial Puzzle","Lantern","Tiny House","PreservedInsect"],"acts_visited":["TheCity"],"potions_floor_usage":[16,16,24,24,25],"damage_taken":[{"damage":7,"enemies":"Jaw Worm","floor":1,"turns":3},{"damage":5,"enemies":"2 Louse","floor":4,"turns":3},{"damage":28,"enemies":"Lagavulin","floor":6,"turns":7},{"damage":0,"enemies":"Cultist","floor":8,"turns":3},{"damage":14,"enemies":"3 Sentries","floor":10,"turns":7},{"damage":5,"enemies":"Red Slaver","floor":11,"turns":3},{"damage":6,"enemies":"Looter","floor":14,"turns":3},{"damage":9,"enemies":"Slime Boss","floor":16,"turns":9},{"damage":16,"enemies":"Spheric Guardian","floor":18,"turns":4},{"damage":12,"enemies":"Shell Parasite","floor":21,"turns":5},{"damage":23,"enemies":"Slavers","floor":24,"turns":3},{"damage":17,"enemies":"Snake Plant","floor":25,"turns":2}],"seed_played":"5373644303255366217","potions_obtained":[{"floor":1,"key":"FearPotion"},{"floor":10,"key":"SpeedPotion"},{"floor":16,"key":"FocusPotion"},{"floor":17,"key":"Strength Potion"},{"floor":24,"key":"ColorlessPotion"}],"is_trial":false,"path_per_floor":["M","?","?","M","$","E","R","M","T","E","M","$","?","M","R","B",null,"M","?","$","M","?","R","E","M"],"character_chosen":"DEFECT","items_purchased":["Defragment","Gash","Lantern","Capacitor","Auto Shields"],"campfire_rested":1,"item_purchase_floors":[5,5,12,20,20],"current_hp_per_floor":[57,57,57,52,52,24,24,24,24,10,5,5,10,4,26,17,66,50,50,50,38,38,38,15,0,0],"gold":31,"neow_bonus":"HUNDRED_GOLD","is_daily":false,"chose_seed":false,"campfire_upgraded":2,"win_rate":0.0,"timestamp":1609171810,"path_taken":["M","?","?","M","$","E","R","M","T","E","?","?","?","M","R","BOSS","M","?","$","M","?","R","E","M"],"items_purchased_type":["Card","Card","Relic","Card","Card"],"build_version":"2020-12-22","purchased_purges":2,"victory":false,"max_hp_per_floor":[71,71,71,71,71,71,71,71,71,71,71,71,76,76,76,76,81,81,81,81,81,81,81,81,81,81],"card_choices":[{"not_picked":["Double Energy","Turbo"],"picked":"Coolheaded","floor":1},{"not_picked":["Heatsinks","Hologram"],"picked":"Barrage","floor":4},{"not_picked":["Melter","Undo"],"picked":"Ball Lightning","floor":6},{"not_picked":["FTL","Doom and Gloom"],"picked":"Leap","floor":8},{"not_picked":["Barrage","Double Energy"],"picked":"Gash","floor":10},{"not_picked":["Storm","Redo"],"picked":"White Noise","floor":11},{"not_picked":["Undo","Heatsinks"],"picked":"Sweeping Beam","floor":14},{"not_picked":["Echo Form","Reboot"],"picked":"Core Surge","floor":16},{"not_picked":["Blizzard","Cold Snap"],"picked":"Hologram","floor":17},{"not_picked":["Reinforced Body","Undo+1"],"picked":"Ball Lightning","floor":18},{"not_picked":["Sunder","Self Repair"],"picked":"Coolheaded+1","floor":21},{"not_picked":["Reprogram","Steam Power+1"],"picked":"Gash","floor":24}],"player_experience":807889,"relics_obtained":[{"floor":6,"key":"Bottled Tornado"},{"floor":9,"key":"Matryoshka"},{"floor":10,"key":"Centennial Puzzle"},{"floor":24,"key":"PreservedInsect"}],"event_choices":[{"damage_healed":0,"gold_gain":0,"player_choice":"Take Wound","damage_taken":0,"relics_obtained":["Golden Idol"],"max_hp_gain":0,"max_hp_loss":0,"event_name":"Golden Idol","floor":2,"gold_loss":0,"cards_obtained":["Injury"]},{"damage_healed":0,"gold_gain":0,"player_choice":"Bought 0 Potions","damage_taken":0,"max_hp_gain":0,"max_hp_loss":0,"event_name":"The Woman in Blue","floor":3,"gold_loss":0},{"damage_healed":0,"gold_gain":0,"player_choice":"Donut","damage_taken":0,"max_hp_gain":5,"max_hp_loss":0,"event_name":"Big Fish","floor":13,"gold_loss":0},{"damage_healed":0,"gold_gain":0,"player_choice":"Ignored","damage_taken":0,"max_hp_gain":0,"max_hp_loss":0,"event_name":"Ghosts","floor":19,"gold_loss":0},{"damage_healed":0,"gold_gain":0,"player_choice":"Paid Fearfully","damage_taken":0,"max_hp_gain":0,"max_hp_loss":0,"event_name":"Masked Bandits","floor":22,"gold_loss":16}],"is_beta":false,"boss_relics":[{"not_picked":["Snecko Eye","Pandora\u0027s Box"],"picked":"Tiny House"}],"items_purged_floors":[5,20],"is_endless":false,"potions_floor_spawned":[1,10,14,16,24],"killed_by":"Snake Plant","ascension_level":14}}