{"host":"baymyijz6sxaqj5s","time":1609166709,"event":{"mods":["AchievementEnabler","BaseMod","Colored Map","Colored Powertips","DeckTracker","Highlight Path","KOR Keyword Fix","Keyboard Shortcuts","Minty Spire (QoL Compilation)","Quick Restart","StSLib","SuperFastMode"],"gold_per_floor":[112,126,77,93,12,12,47,47,47,64,80,80,98,109,109,205,255,265,265,277,153,164,164,176,176,226,226,226,226,244,257,257,257,257],"floor_reached":33,"playtime":1049,"items_purged":["Strike_G"],"score":276,"play_id":"b16aae91-c166-4528-b874-0793c69b9fe8","local_time":"20201228234509","is_ascension_mode":true,"campfire_choices":[{"data":"Deflect","floor":6,"key":"SMITH"},{"floor":12,"key":"REST"},{"data":"Tactician","floor":15,"key":"SMITH"},{"floor":23,"key":"REST"},{"floor":25,"key":"REST"},{"data":"Blur","floor":28,"key":"SMITH"},{"floor":32,"key":"REST"}],"circlet_count":0,"master_deck":["Strike_G","Strike_G","Strike_G","Strike_G","Defend_G","Defend_G","Defend_G","Defend_G","Defend_G","Survivor","Neutralize","Deflect+1","Poisoned Stab","Dodge and Roll","Footwork","Crippling Poison+1","Poisoned Stab","Tactician+1","Noxious Fumes","Blur+1","Crippling Poison","A Thousand Cuts+1","Deadly Poison","Heel Hook+1","Outmaneuver","Backflip","Necronomicurse"],"relics":["Ring of the Snake","Blood Vial","Bottled Tornado","Tiny House","Ancient Tea Set","Necronomicon","The Specimen"],"acts_visited":["Exordium","TheCity"],"potions_floor_usage":[24,31,31],"damage_taken":[{"damage":0,"enemies":"Small Slimes","floor":1,"turns":3},{"damage":1,"enemies":"Cultist","floor":2,"turns":5},{"damage":0,"enemies":"Jaw Worm","floor":4,"turns":5},{"damage":31,"enemies":"3 Sentries","floor":7,"turns":16},{"damage":0,"enemies":"2 Fungi Beasts","floor":10,"turns":4},{"damage":2,"enemies":"Red Slaver","floor":11,"turns":3},{"damage":11,"enemies":"3 Louse","floor":13,"turns":3},{"damage":1,"enemies":"Exordium Wildlife","floor":14,"turns":5},{"damage":24,"enemies":"Slime Boss","floor":16,"turns":13},{"damage":13,"enemies":"Spheric Guardian","floor":18,"turns":5},{"damage":32,"enemies":"2 Thieves","floor":20,"turns":4},{"damage":5,"enemies":"Snecko","floor":22,"turns":6},{"damage":11,"enemies":"Centurion and Healer","floor":24,"turns":7},{"damage":40,"enemies":"Shelled Parasite and Fungi","floor":30,"turns":8},{"damage":16,"enemies":"Snecko","floor":31,"turns":5},{"damage":64,"enemies":"Collector","floor":33,"turns":5}],"seed_played":"-109235928627275788","potions_obtained":[{"floor":7,"key":"Swift Potion"},{"floor":10,"key":"AttackPotion"},{"floor":11,"key":"SteroidPotion"},{"floor":14,"key":"FairyPotion"},{"floor":16,"key":"PowerPotion"},{"floor":17,"key":"LiquidBronze"},{"floor":24,"key":"CunningPotion"}],"is_trial":false,"path_per_floor":["M","M","$","M","$","R","E","?","T","M","M","R","M","M","R","B",null,"M","?","M","$","M","R","M","R","T","?","R","?","M","M","R","B"],"character_chosen":"THE_SILENT","items_purchased":["Dodge and Roll","Crippling Poison","Outmaneuver"],"campfire_rested":4,"item_purchase_floors":[3,5,21],"current_hp_per_floor":[77,76,76,76,76,76,45,45,45,47,47,70,61,62,62,40,82,69,69,39,39,36,60,51,75,75,59,59,59,21,7,31,0,0],"gold":257,"neow_bonus":"TEN_PERCENT_HP_BONUS","is_daily":false,"chose_seed":false,"campfire_upgraded":3,"win_rate":0.0,"timestamp":1609166709,"path_taken":["M","M","$","M","$","R","E","?","T","M","M","R","M","M","R","BOSS","M","?","M","$","M","R","M","R","T","?","R","?","?","M","R","BOSS"],"items_purchased_type":["Card","Card","Card"],"build_version":"2020-12-22","purchased_purges":1,"victory":false,"max_hp_per_floor":[77,77,77,77,77,77,77,77,77,77,77,77,77,77,77,77,82,82,82,82,82,82,82,82,82,82,82,82,82,82,82,82,82,82],"card_choices":[{"not_picked":["Bane","PiercingWail"],"picked":"Deflect","floor":1},{"not_picked":["Prepared","Underhanded Strike"],"picked":"Poisoned Stab","floor":2},{"not_picked":["Well Laid Plans","Calculated Gamble"],"picked":"Footwork","floor":4},{"not_picked":["After Image","Skewer"],"picked":"Poisoned Stab","floor":7},{"not_picked":["Blade Dance","Flying Knee"],"picked":"Tactician","floor":10},{"not_picked":["Dagger Spray","Outmaneuver"],"picked":"Noxious Fumes","floor":11},{"not_picked":["Deadly Poison","Dagger Spray"],"picked":"Blur","floor":13},{"not_picked":["Quick Slash","Choke"],"picked":"Crippling Poison","floor":14},{"not_picked":["Phantasmal Killer","Unload"],"picked":"A Thousand Cuts","floor":16},{"not_picked":["Masterful Stab","Terror"],"picked":"Deadly Poison","floor":17},{"not_picked":["Bouncing Flask","Flechettes","Crippling Poison+1"],"picked":"SKIP","floor":18},{"not_picked":["Flying Knee","Deadly Poison"],"picked":"Heel Hook+1","floor":20},{"not_picked":["Quick Slash","Deadly Poison"],"picked":"Backflip","floor":22},{"not_picked":["Blade Dance","Caltrops","Concentrate"],"picked":"SKIP","floor":24},{"not_picked":["Dagger Spray","Noxious Fumes","Deadly Poison"],"picked":"SKIP","floor":30},{"not_picked":["Sucker Punch","Bane","Escape Plan"],"picked":"SKIP","floor":31}],"player_experience":289039,"relics_obtained":[{"floor":7,"key":"Blood Vial"},{"floor":9,"key":"Bottled Tornado"},{"floor":26,"key":"Ancient Tea Set"},{"floor":27,"key":"Necronomicon"},{"floor":29,"key":"The Specimen"}],"event_choices":[{"damage_healed":0,"gold_gain":0,"player_choice":"Forge","damage_taken":0,"max_hp_gain":0,"max_hp_loss":0,"event_name":"Accursed Blacksmith","floor":8,"gold_loss":0,"cards_upgraded":["Crippling Poison"]},{"damage_healed":0,"gold_gain":0,"player_choice":"Ignored","damage_taken":0,"max_hp_gain":0,"max_hp_loss":0,"event_name":"Ghosts","floor":19,"gold_loss":0},{"damage_healed":0,"gold_gain":0,"player_choice":"Obtained Book","damage_taken":16,"max_hp_gain":0,"max_hp_loss":0,"event_name":"Cursed Tome","floor":27,"gold_loss":0},{"damage_healed":0,"gold_gain":0,"player_choice":"Relic","damage_taken":0,"max_hp_gain":0,"max_hp_loss":0,"event_name":"Wheel of Change","floor":29,"gold_loss":0}],"is_beta":false,"boss_relics":[{"not_picked":["WristBlade","SacredBark"],"picked":"Tiny House"}],"items_purged_floors":[21],"is_endless":false,"potions_floor_spawned":[7,10,11,14,16,22,24],"killed_by":"Collector","ascension_level":2}}