{"host":"f5uumzf5hfexzk8l","time":1609147874,"event":{"mods":["BaseMod","Colored Map","Googly Eyes","Highlight Path","Minty Spire (QoL Compilation)","Permanent Neow","StSLib","SuperFastMode","Unceasing Turn Reminder"],"gold_per_floor":[112,0,12,28,28,28,55,55,55,69,81,109,128,28,28,102,102,102,102],"floor_reached":18,"playtime":560,"items_purged":["Strike_G","Strike_G"],"score":444,"play_id":"4f784d83-837b-40f7-9680-a76b73594eaa","local_time":"20201228013114","is_ascension_mode":true,"campfire_choices":[{"data":"Neutralize","floor":6,"key":"SMITH"},{"floor":8,"key":"REST"},{"floor":15,"key":"REST"}],"circlet_count":0,"master_deck":["AscendersBane","Strike_G","Strike_G","Defend_G","Defend_G","Defend_G","Defend_G","Survivor","Neutralize+1","Backstab","Footwork","Calculated Gamble","PiercingWail","All Out Attack"],"relics":["HoveringKite","TungstenRod","HornCleat","Tiny Chest","Empty Cage"],"acts_visited":["Exordium","TheCity"],"potions_floor_usage":[12,16],"damage_taken":[{"damage":8,"enemies":"Cultist","floor":1,"turns":5},{"damage":0,"enemies":"Jaw Worm","floor":3,"turns":5},{"damage":5,"enemies":"2 Louse","floor":4,"turns":2},{"damage":35,"enemies":"Gremlin Nob","floor":7,"turns":5},{"damage":16,"enemies":"Gremlin Gang","floor":10,"turns":10},{"damage":4,"enemies":"3 Louse","floor":11,"turns":4},{"damage":7,"enemies":"Lagavulin","floor":12,"turns":8},{"damage":0,"enemies":"Large Slime","floor":13,"turns":1},{"damage":10,"enemies":"Slime Boss","floor":16,"turns":5},{"damage":0,"enemies":"3 Byrds","floor":18,"turns":1}],"seed_played":"869667799746205379","potions_obtained":[{"floor":7,"key":"FairyPotion"},{"floor":10,"key":"Strength Potion"},{"floor":13,"key":"Weak Potion"}],"is_trial":false,"path_per_floor":["M","$","M","M","?","R","E","R","T","M","M","E","M","$","R","B",null,"M"],"character_chosen":"THE_SILENT","items_purchased":["Footwork"],"campfire_rested":2,"item_purchase_floors":[2],"current_hp_per_floor":[51,51,51,46,46,46,11,30,30,14,10,3,3,3,22,12,53,53,53],"gold":102,"neow_bonus":"BOSS_RELIC","is_daily":false,"chose_seed":false,"campfire_upgraded":1,"win_rate":0.0,"timestamp":1609147874,"path_taken":["M","?","?","M","?","R","E","R","T","M","M","E","M","$","R","BOSS","M"],"items_purchased_type":["Card"],"build_version":"2020-12-22","purchased_purges":2,"victory":false,"max_hp_per_floor":[66,66,66,66,66,66,66,66,66,66,66,66,66,66,66,66,66,66,66],"card_choices":[{"not_picked":["Deadly Poison","Escape Plan"],"picked":"Backstab","floor":1},{"not_picked":["Acrobatics","Bane","Slice"],"picked":"SKIP","floor":3},{"not_picked":["Slice","Terror"],"picked":"Calculated Gamble","floor":4},{"not_picked":["Distraction","Reflex","Sucker Punch"],"picked":"SKIP","floor":7},{"not_picked":["Bane","Expertise","Infinite Blades"],"picked":"SKIP","floor":10},{"not_picked":["Tactician","Expertise"],"picked":"PiercingWail","floor":11},{"not_picked":["Caltrops","Venomology","Bane"],"picked":"SKIP","floor":12},{"not_picked":["Crippling Poison","Bane"],"picked":"All Out Attack","floor":13}],"player_experience":321303,"relics_obtained":[{"floor":7,"key":"TungstenRod"},{"floor":9,"key":"HornCleat"},{"floor":12,"key":"Tiny Chest"}],"event_choices":[{"damage_healed":0,"gold_gain":0,"player_choice":"Ignored","damage_taken":0,"max_hp_gain":0,"max_hp_loss":0,"event_name":"Liars Game","floor":5,"gold_loss":0}],"is_beta":false,"boss_relics":[{"not_picked":["Snecko Eye","SacredBark"],"picked":"Empty Cage"}],"items_purged_floors":[2,14],"is_endless":false,"potions_floor_spawned":[7,10,11,13],"killed_by":"3 Byrds","ascension_level":20}}