{"host":"cjhtzh7tp54jdfyv","time":1609122440,"event":{"mods":["AchievementEnabler","BaseMod","Colored Map","Colored Powertips","Curses Come First","DeckTracker","Filter the Spire","Minty Spire (QoL Compilation)","RNG Fix","Relic Sorter","Relic Stats","StSLib","The Cursed","The Disciple","The Marked","UnlockEverythingMod","Waifu the Spire","ojb\u0027s Better Paths Mod","ojb\u0027s Info Mod"],"gold_per_floor":[115,61,80,60,78,78,78,78],"floor_reached":7,"playtime":248,"items_purged":[],"score":82,"play_id":"4e3e5333-6d50-4aa9-83b5-bc050c9da542","local_time":"20201227212720","is_ascension_mode":true,"campfire_choices":[{"data":"TheCursedMod:FuryStrike","floor":6,"key":"SMITH"}],"circlet_count":0,"master_deck":["AscendersBane","TheCursedMod:Strike_TheCursed","TheCursedMod:Strike_TheCursed","TheCursedMod:Strike_TheCursed","TheCursedMod:Strike_TheCursed","TheCursedMod:Defend_TheCursed","TheCursedMod:Defend_TheCursed","TheCursedMod:Defend_TheCursed","TheCursedMod:Defend_TheCursed","TheCursedMod:CursedWand","TheCursedMod:CleanUpWorkshop","TheCursedMod:Dregs","TheCursedMod:FuryStrike+1"],"relics":["SlaversCollar"],"acts_visited":["Exordium"],"potions_floor_usage":[5],"damage_taken":[{"damage":14,"enemies":"2 Louse","floor":1,"turns":3},{"damage":2,"enemies":"Small Slimes","floor":3,"turns":3},{"damage":7,"enemies":"Jaw Worm","floor":5,"turns":3},{"damage":51,"enemies":"Gremlin Nob","floor":7,"turns":4}],"seed_played":"-6839965314716419802","potions_obtained":[{"floor":1,"key":"TheCursedMod:DregsPotion"},{"floor":4,"key":"LiquidMemories"},{"floor":5,"key":"Energy Potion"}],"is_trial":false,"path_per_floor":["M","$","M","?","M","R","E"],"character_chosen":"THE_CURSED","items_purchased":["Swift Potion"],"campfire_rested":0,"item_purchase_floors":[2],"current_hp_per_floor":[50,50,48,48,41,41,0,0],"gold":78,"neow_bonus":"BOSS_RELIC","is_daily":false,"chose_seed":false,"campfire_upgraded":1,"win_rate":0.0,"timestamp":1609122440,"path_taken":["M","$","M","?","M","R","E"],"items_purchased_type":["Potion"],"build_version":"2020-12-22","purchased_purges":0,"victory":false,"max_hp_per_floor":[71,71,71,71,71,71,71,71],"relic_stats":{"counters":[4,13],"obtain_stats":[{"TheCursedMod:BlackMagic101":0,"SlaversCollar":0},{"TheCursedMod:BlackMagic101":0,"SlaversCollar":0},{"TheCursedMod:BlackMagic101":0,"SlaversCollar":0}]},"card_choices":[{"not_picked":["TheCursedMod:EmpowerCircles","TheCursedMod:ManaBullet"],"picked":"TheCursedMod:FuryStrike","floor":1},{"not_picked":["TheCursedMod:WearCloak","TheCursedMod:EmpowerCircles","TheCursedMod:RavingStaff"],"picked":"SKIP","floor":3},{"not_picked":["TheCursedMod:RapidMovement","TheCursedMod:Torture","TheCursedMod:BloodBarrier"],"picked":"SKIP","floor":5}],"player_experience":4468603,"relics_obtained":[],"event_choices":[{"damage_healed":0,"gold_gain":0,"player_choice":"Bought 1 Potion","damage_taken":0,"max_hp_gain":0,"max_hp_loss":0,"event_name":"The Woman in Blue","floor":4,"gold_loss":0}],"is_beta":false,"boss_relics":[],"items_purged_floors":[],"is_endless":false,"potions_floor_spawned":[1,3,5],"killed_by":"Gremlin Nob","ascension_level":20}}