{"host":"m6h67kf6cz80m3yv","time":1609139514,"event":{"mods":["Bartender","BaseMod","Better Third Choice","BetterRewards","CatGirl Mod","Colored Powertips","Downfall","Duelist Mod","Hermit","Marisa????????","Minty Spire (QoL Compilation)","Prisma Mod","Quick Restart","Shade Mod","Shop Mod","StSLib","SuperFastMode","The Dragon Tamer","The Marked","The Servant 0.9.4"],"gold_per_floor":[109,384,397,397,412,412,445,445,445,474,494,527,545,545,545,649,649,664,679,33,43,43,43,75,86,135,135,154,166,11,28,28,127,127,142,0,16,16,32,32,52,66,66,95,109,109,22,34,34,34],"floor_reached":51,"playtime":4749,"items_purged":[],"score":748,"play_id":"fced1e92-38e3-4ceb-8979-e129e0e350fd","local_time":"20201228051154","is_ascension_mode":false,"campfire_choices":[{"data":"PrismaMod:IllyaUpgradeOrbs","floor":6.0,"key":"SMITH"},{"floor":8.0,"key":"REST"},{"data":"PrismaMod:IllyaSaphire","floor":15.0,"key":"SMITH"},{"data":"PrismaMod:IllyaHassanGift","floor":23,"key":"SMITH"},{"floor":27,"key":"REST"},{"data":"PrismaMod:IllyaCheapChannelPoison","floor":32,"key":"SMITH"},{"floor":40,"key":"REST"},{"floor":46,"key":"REST"},{"floor":49,"key":"REST"}],"circlet_count":0,"master_deck":["PrismaMod:IllyaCommonAttack+1","PrismaMod:IllyaCommonDefend","PrismaMod:IllyaCommonAttack","PrismaMod:IllyaCommonDefend","PrismaMod:IllyaCommonAttack","PrismaMod:IllyaCommonDefend","PrismaMod:IllyaCommonAttack","PrismaMod:IllyaCommonDefend","PrismaMod:IllyaCommonAttack+1","PrismaMod:IllyaCommonDefend","PrismaMod:IllyaUncommonAttack","PrismaMod:IllyaUncommonDefend","PrismaMod:IllyaBlindPoisonToss+1","Regret","PrismaMod:IllyaHassanGift+1","PrismaMod:IllyaUpgradeOrbs+1","PrismaMod:IllyaInstallArcher","PrismaMod:IllyaSaphire+1","PrismaMod:IllyaFeed","PrismaMod:IllyaCheapChannelPoison+1","PrismaMod:IllyaInstallRuler","PrismaMod:IllyaPoisonTippedWeapons+1","PrismaMod:IllyaBlindPoisonToss+1","PrismaMod:IllyaRubysPotion","PrismaMod:IllyaStunPoison+1","PrismaMod:IllyaCommandSeal","PrismaMod:IllyaAlice","PrismaMod:IllyaHassanGift+1","PrismaMod:IllyaAlice","PrismaMod:IllyaCarnivalOrbs","PrismaMod:IllyaDualEvoke+1","PrismaMod:IllyaGrail+1","Madness","Madness","PrismaMod:IllyaRubysPotion+1","PrismaMod:IllyaBerserCAR+1","Parasite","PrismaMod:IllyaMinorZwei+1","expansioncontent:BronzeBeam"],"relics":["PrismaMod:PrismaZwei","Bird Faced Urn","Pear","Meat on the Bone","Protect_Vest","Philosopher\u0027s Stone","Ice Cream","Chemical X","Bronze Scales","Unceasing Top","Art of War","Whetstone","Red Mask","Nunchaku","Shuriken","PrismaMod:AliceRelic"],"acts_visited":["Exordium","TheCity","TheBeyond"],"potions_floor_usage":[18,39,50,50,50],"damage_taken":[{"damage":0.0,"enemies":"2 Louse","floor":1.0,"turns":2.0},{"damage":3.0,"enemies":"Cultist","floor":3.0,"turns":3.0},{"damage":2.0,"enemies":"Jaw Worm","floor":5.0,"turns":3.0},{"damage":31.0,"enemies":"Gremlin Nob","floor":7.0,"turns":5.0},{"damage":7.0,"enemies":"Lagavulin","floor":10.0,"turns":5.0},{"damage":10.0,"enemies":"3 Louse","floor":11.0,"turns":3.0},{"damage":40.0,"enemies":"Gremlin Nob","floor":12.0,"turns":6.0},{"damage":4.0,"enemies":"Looter","floor":13.0,"turns":4.0},{"damage":60.0,"enemies":"Slime Boss","floor":16.0,"turns":10.0},{"damage":50,"enemies":"3 Byrds","floor":18,"turns":6},{"damage":13,"enemies":"Spheric Guardian","floor":19,"turns":5},{"damage":8,"enemies":"Snake Plant","floor":21,"turns":4},{"damage":42,"enemies":"theDuelist:KaibaA2","floor":24,"turns":5},{"damage":41,"enemies":"3 Cultists","floor":25,"turns":6},{"damage":18,"enemies":"Chosen and Byrds","floor":28,"turns":5},{"damage":20,"enemies":"Cultist and Chosen","floor":29,"turns":5},{"damage":18,"enemies":"Shelled Parasite and Fungi","floor":31,"turns":5},{"damage":89,"enemies":"Collector","floor":33,"turns":8},{"damage":0,"enemies":"3 Shapes","floor":35,"turns":4},{"damage":40,"enemies":"3 Darklings","floor":37,"turns":4},{"damage":25,"enemies":"Writhing Mass","floor":39,"turns":5},{"damage":48,"enemies":"Maw","floor":41,"turns":7},{"damage":16,"enemies":"3 Darklings","floor":42,"turns":4},{"damage":90,"enemies":"Nemesis","floor":44,"turns":7},{"damage":26,"enemies":"Writhing Mass","floor":45,"turns":5},{"damage":3,"enemies":"4 Shapes","floor":48,"turns":6},{"damage":115,"enemies":"Time Eater","floor":50,"turns":11}],"seed_played":"-1127341117344114294","potions_obtained":[{"floor":3.0,"key":"AttackPotion"},{"floor":5.0,"key":"Regen Potion"},{"floor":16.0,"key":"Strength Potion"},{"floor":19,"key":"GamblersBrew"},{"floor":21,"key":"PowerPotion"},{"floor":41,"key":"Dexterity Potion"}],"is_trial":false,"path_per_floor":["M","?","M","?","M","R","E","R","T","E","M","E","M","?","R","B",null,"M","M","$","M","?","R","E","M","T","R","M","M","$","M","R","B",null,"M","?","M","?","M","R","M","M","T","E","M","R","$","M","R","B",null],"character_chosen":"ILLYA","items_purchased":["Ice Cream","Chemical X","Bronze Scales","PrismaMod:IllyaRubysPotion","Whetstone","expansioncontent:BronzeBeam"],"campfire_rested":5,"item_purchase_floors":[20,20,20,20,30,47],"current_hp_per_floor":[82,82,79,79,77,77,46,70,80,77,67,56,65,65,65,36,92,58,55,55,64,64,64,47,42,42,69,81,91,91,92,92,45,92,92,92,62,50,49,76,55,69,69,20,23,50,50,56,83,24],"gold":34,"neow_bonus":"TEN_PERCENT_HP_BONUS","is_daily":false,"chose_seed":false,"campfire_upgraded":4,"win_rate":0.0,"timestamp":1609139514,"path_taken":["M","?","?","?","M","R","E","R","T","E","M","E","M","?","R","BOSS","M","M","$","M","?","R","E","M","T","R","M","M","$","M","R","BOSS","M","?","M","?","M","R","M","M","T","E","M","R","?","?","R","BOSS"],"items_purchased_type":["Relic","Relic","Relic","Card","Relic","Card"],"build_version":"2020-12-22","purchased_purges":0,"victory":true,"max_hp_per_floor":[82,82,82,82,82,82,82,82,92,92,92,92,92,92,92,92,92,92,92,92,92,92,92,92,92,92,92,92,92,92,92,92,92,92,92,92,92,92,92,92,92,92,92,92,92,92,92,92,92,92],"card_choices":[{"not_picked":["PrismaMod:IllyaSaphire","PrismaMod:IllyaCheapDefend"],"picked":"PrismaMod:IllyaBlindPoisonToss","floor":1.0},{"not_picked":["PrismaMod:IllyaCheapChannelDefend","PrismaMod:IllyaGrailKun"],"picked":"PrismaMod:IllyaHassanGift","floor":3.0},{"not_picked":["PrismaMod:IllyaUncommonDefend","PrismaMod:IllyaCheapDefend"],"picked":"PrismaMod:IllyaUpgradeOrbs","floor":5.0},{"not_picked":["PrismaMod:IllyaCheapChannelAttack","PrismaMod:IllyaBoysLove"],"picked":"PrismaMod:IllyaInstallArcher","floor":7.0},{"not_picked":["PrismaMod:IllyaRussianRoulette","PrismaMod:IllyaMaid"],"picked":"PrismaMod:IllyaSaphire","floor":10.0},{"not_picked":["PrismaMod:IllyaUpgradeOrbs","PrismaMod:IllyaUberPoisonChannel","PrismaMod:IllyaGrailKun"],"picked":"SKIP","floor":11.0},{"not_picked":["PrismaMod:IllyaHassanGift","PrismaMod:IllyaMaid"],"picked":"PrismaMod:IllyaFeed","floor":12.0},{"not_picked":["PrismaMod:IllyaDualEvoke","PrismaMod:IllyaAOECommonAttack"],"picked":"PrismaMod:IllyaCheapChannelPoison","floor":13.0},{"not_picked":["PrismaMod:IllyaInstallBerserker","PrismaMod:IllyaInstallMoonCancer"],"picked":"PrismaMod:IllyaInstallRuler","floor":16.0},{"not_picked":["PrismaMod:IllyaCheapChannelDefend+1","PrismaMod:IllyaFriendMaker"],"picked":"PrismaMod:IllyaPoisonTippedWeapons+1","floor":18},{"not_picked":["PrismaMod:IllyaDevil+1","PrismaMod:IllyaFriendMaker"],"picked":"PrismaMod:IllyaBlindPoisonToss+1","floor":19},{"not_picked":["PrismaMod:IllyaAssassinRevenge","PrismaMod:IllyaUncommonAOEAttack"],"picked":"PrismaMod:IllyaStunPoison+1","floor":21},{"not_picked":["PrismaMod:IllyaFriendMaker","PrismaMod:IllyaGun+1"],"picked":"PrismaMod:IllyaAlice","floor":24},{"not_picked":["PrismaMod:IllyaRussianRoulette+1","PrismaMod:IllyaInstallBerserker"],"picked":"PrismaMod:IllyaHassanGift+1","floor":25},{"not_picked":["PrismaMod:IllyaBlindPoisonToss+1","PrismaMod:IllyaCheapAttack+1"],"picked":"PrismaMod:IllyaAlice","floor":28},{"not_picked":["PrismaMod:IllyaDualEvoke","PrismaMod:IllyaMinorRapidFire","PrismaMod:IllyaBerserCAR"],"picked":"SKIP","floor":29},{"not_picked":["PrismaMod:IllyaBoysLove+1","PrismaMod:IllyaMinorReinForce","PrismaMod:IllyaPoisonBomb"],"picked":"SKIP","floor":31},{"not_picked":["PrismaMod:IllyaInstallBerserker","PrismaMod:IllyaInstallSaber"],"picked":"PrismaMod:IllyaCarnivalOrbs","floor":33},{"not_picked":["PrismaMod:IllyaAOECommonAttack+1","PrismaMod:IllyaUncommonDefend"],"picked":"PrismaMod:IllyaDualEvoke+1","floor":35},{"not_picked":["PrismaMod:IllyaCheapDefend","PrismaMod:IllyaDualEvoke"],"picked":"PrismaMod:IllyaGrail+1","floor":37},{"not_picked":["PrismaMod:IllyaUncommonEvoke","PrismaMod:IllyaBerserCAR+1"],"picked":"PrismaMod:IllyaRubysPotion+1","floor":39},{"not_picked":["PrismaMod:IllyaReinForce+1","PrismaMod:IllyaUberChannel"],"picked":"PrismaMod:IllyaBerserCAR+1","floor":41},{"not_picked":["PrismaMod:IllyaSaphire","PrismaMod:IllyaHassanGift+1","PrismaMod:IllyaDualEvoke"],"picked":"SKIP","floor":42},{"not_picked":["PrismaMod:IllyaSaphire","PrismaMod:IllyaAOECommonAttack","PrismaMod:IllyaReinForce"],"picked":"SKIP","floor":44},{"not_picked":["PrismaMod:IllyaFriendMaker+1","PrismaMod:IllyaUpgradeOrbs+1"],"picked":"PrismaMod:IllyaMinorZwei+1","floor":45},{"not_picked":["PrismaMod:IllyaInstallAlterEgo","PrismaMod:IllyaSaphire","PrismaMod:IllyaFriendMaker"],"picked":"SKIP","floor":48}],"player_experience":315596,"relics_obtained":[{"floor":7.0,"key":"Bird Faced Urn"},{"floor":9.0,"key":"Pear"},{"floor":10.0,"key":"Meat on the Bone"},{"floor":12.0,"key":"Protect_Vest"},{"floor":24,"key":"Unceasing Top"},{"floor":26,"key":"Art of War"},{"floor":43,"key":"Nunchaku"},{"floor":44,"key":"Shuriken"}],"event_choices":[{"damage_healed":0.0,"max_hp_gain":0.0,"max_hp_loss":0.0,"gold_gain":275.0,"event_name":"Golden Shrine","player_choice":"Desecrate","floor":2.0,"gold_loss":0.0,"damage_taken":0.0,"cards_obtained":["Regret"]},{"damage_healed":0.0,"max_hp_gain":0.0,"max_hp_loss":0.0,"gold_gain":0.0,"event_name":"Living Wall","player_choice":"Grow","floor":4.0,"gold_loss":0.0,"damage_taken":0.0,"cards_upgraded":["PrismaMod:IllyaBlindPoisonToss"]},{"damage_healed":0.0,"max_hp_gain":0.0,"max_hp_loss":0.0,"gold_gain":0.0,"event_name":"Golden Wing","player_choice":"Ignored","floor":14.0,"gold_loss":0.0,"damage_taken":0.0},{"damage_healed":0,"gold_gain":0,"player_choice":"Read","damage_taken":0,"max_hp_gain":0,"max_hp_loss":0,"event_name":"The Library","floor":22,"gold_loss":0,"cards_obtained":["PrismaMod:IllyaCommandSeal"]},{"damage_healed":0,"gold_gain":0,"player_choice":"Paid","damage_taken":0,"relics_obtained":["Red Mask"],"max_hp_gain":0,"max_hp_loss":0,"event_name":"Tomb of Lord Red Mask","floor":36,"gold_loss":142},{"damage_healed":0,"gold_gain":0,"player_choice":"Embrace Madness","damage_taken":12,"max_hp_gain":0,"max_hp_loss":0,"event_name":"Winding Halls","floor":38,"gold_loss":0,"cards_obtained":["Madness","Madness"]}],"is_beta":false,"boss_relics":[{"not_picked":["SacredBark","Velvet Choker"],"picked":"Philosopher\u0027s Stone"},{"not_picked":["Astrolabe","Tiny House"],"picked":"PrismaMod:PrismaZwei"}],"items_purged_floors":[],"is_endless":false,"potions_floor_spawned":[3,5,16,19,21,28,29,31,37,41,42,44],"ascension_level":0}}