{"host":"ujyomg7d1f18u2we","time":1609125325,"event":{"mods":["AchievementEnabler","AlwaysNeverKeys","Aspiration","BaseMod","Colored Map","DeckTracker","Gremlin Skip","Highlight Path","Hubris","Minty Spire (QoL Compilation)","Quick Restart","Random Character Button","StSLib"],"gold_per_floor":[115,65,65,83,94,125,142,142,142,142,153,178,190,190,190,294,294,304,304,321,321,420,420,48,48,99,99,112,112,112,125,125,230,230,245,262,162,212,0,0,19,19,19,19,19,38,38,56,56,56,56],"floor_reached":50,"playtime":1334,"items_purged":["Defend_G","Defend_G"],"score":525,"play_id":"ede0cbd3-a793-4e6f-8eee-2862f8deeff0","local_time":"20201228001525","is_ascension_mode":false,"campfire_choices":[{"data":"Blur","floor":8,"key":"SMITH"},{"data":"Poisoned Stab","floor":10,"key":"SMITH"},{"data":"Noxious Fumes","floor":15,"key":"SMITH"},{"floor":23,"key":"REST"},{"floor":25,"key":"REST"},{"data":"Envenom","floor":29,"key":"SMITH"},{"data":"Perfected Strike","floor":32,"key":"SMITH"},{"floor":40,"key":"REST"},{"data":"After Image","floor":42,"key":"SMITH"},{"floor":44,"key":"REST"},{"data":"Poisoned Stab","floor":49,"key":"SMITH"}],"circlet_count":0,"master_deck":["Strike_G","Strike_G","Strike_G","Strike_G","Strike_G","Defend_G","Defend_G+1","Survivor","Neutralize+1","Deadly Poison","Blur+1","Poisoned Stab+1","Poisoned Stab+1","Noxious Fumes+1","Envenom+1","Bane+1","Backstab","After Image+1"],"relics":["Ring of the Snake","aspiration:Nostalgia","Burning Blood","hubris:ToyBattleship","StrikeDummy","Darkstone Periapt","hubris:Towel","WristBlade","hubris:EvacipatedBox","Ancient Tea Set","Sling","Bag of Marbles","Dream Catcher","MutagenicStrength","hubris:RunicObelisk","Lizard Tail","Red Mask","Ornamental Fan"],"acts_visited":["Exordium","TheCity","TheBeyond"],"potions_floor_usage":[6,13,13,16,28,50,50,50],"damage_taken":[{"damage":1,"enemies":"2 Louse","floor":1,"turns":3},{"damage":0,"enemies":"Jaw Worm","floor":4,"turns":4},{"damage":0,"enemies":"Small Slimes","floor":5,"turns":3},{"damage":9,"enemies":"3 Sentries","floor":6,"turns":11},{"damage":1,"enemies":"2 Fungi Beasts","floor":7,"turns":5},{"damage":0,"enemies":"Exordium Thugs","floor":11,"turns":5},{"damage":4,"enemies":"Gremlin Nob","floor":12,"turns":3},{"damage":16,"enemies":"Gremlin Gang","floor":13,"turns":3},{"damage":0,"enemies":"Slime Boss","floor":16,"turns":9},{"damage":12,"enemies":"Shell Parasite","floor":18,"turns":6},{"damage":5,"enemies":"Spheric Guardian","floor":20,"turns":5},{"damage":0,"enemies":"Snecko","floor":28,"turns":3},{"damage":8,"enemies":"Shelled Parasite and Fungi","floor":31,"turns":3},{"damage":44,"enemies":"Champ","floor":33,"turns":10},{"damage":7,"enemies":"3 Shapes","floor":35,"turns":4},{"damage":0,"enemies":"Orb Walker","floor":36,"turns":2},{"damage":31,"enemies":"2 Orb Walkers","floor":38,"turns":5},{"damage":21,"enemies":"3 Darklings","floor":41,"turns":5},{"damage":0,"enemies":"Maw","floor":46,"turns":5},{"damage":4,"enemies":"Spire Growth","floor":48,"turns":4},{"damage":114,"enemies":"hubris:GrandSnecko","floor":50,"turns":10}],"seed_played":"7146170610575429778","potions_obtained":[{"floor":1,"key":"CunningPotion"},{"floor":11,"key":"SkillPotion"},{"floor":12,"key":"Block Potion"},{"floor":13,"key":"Block Potion"},{"floor":20,"key":"Block Potion"},{"floor":38,"key":"LiquidMemories"},{"floor":41,"key":"ColorlessPotion"},{"floor":46,"key":"SteroidPotion"}],"is_trial":false,"path_per_floor":["M","?","?","M","M","E","M","R","T","R","M","E","M","?","R","B",null,"M","?","M","$","?","R","$","R","T","?","M","R","$","M","R","B",null,"M","M","$","?","?","R","M","R","T","R","?","M","?","M","R","B"],"character_chosen":"THE_SILENT","items_purchased":["hubris:EvacipatedBox","Ancient Tea Set","Sling","Bag of Marbles"],"campfire_rested":4,"item_purchase_floors":[21,21,24,24],"current_hp_per_floor":[70,70,56,62,68,65,70,70,70,70,70,70,60,60,60,66,70,64,64,65,36,36,57,57,70,70,70,70,70,70,68,68,30,70,69,70,70,45,45,66,51,51,51,70,70,70,70,70,70,0,0],"gold":56,"neow_bonus":"NOSTALGIA","is_daily":false,"chose_seed":false,"campfire_upgraded":7,"win_rate":0.0,"timestamp":1609125325,"path_taken":["M","?","?","?","M","E","M","R","T","R","M","E","M","?","R","BOSS","M","?","M","?","?","R","$","R","T","?","M","R","?","?","R","BOSS","M","M","$","?","?","R","M","R","T","R","?","?","?","M","R","BOSS"],"items_purchased_type":["Relic","Relic","Relic","Relic"],"build_version":"2020-12-22","purchased_purges":2,"victory":false,"max_hp_per_floor":[70,70,70,70,70,70,70,70,70,70,70,70,70,70,70,70,70,70,70,70,70,70,70,70,70,70,70,70,70,70,70,70,70,70,70,70,70,70,70,70,70,70,70,70,70,70,70,70,70,70,70],"card_choices":[{"not_picked":["Skewer","PiercingWail"],"picked":"Deadly Poison","floor":1},{"not_picked":["Expertise","Reflex"],"picked":"Blur","floor":4},{"not_picked":["Deflect","Concentrate"],"picked":"Poisoned Stab","floor":5},{"not_picked":["Eviscerate","Acrobatics","PiercingWail"],"picked":"SKIP","floor":6},{"not_picked":["Heel Hook","Dagger Throw"],"picked":"Poisoned Stab","floor":7},{"not_picked":["Bane","PiercingWail"],"picked":"Noxious Fumes","floor":11},{"not_picked":["Dodge and Roll","Tactician","Flying Knee"],"picked":"SKIP","floor":12},{"not_picked":["hubris:TrickCloak","Finisher","Concentrate"],"picked":"SKIP","floor":13},{"not_picked":["Malaise","A Thousand Cuts"],"picked":"Envenom","floor":16},{"not_picked":["Quick Slash+1","Noxious Fumes","Sucker Punch+1"],"picked":"SKIP","floor":18},{"not_picked":["Distraction","hubris:SlightOfHand"],"picked":"Bane","floor":20},{"not_picked":["Finisher+1","Dagger Throw"],"picked":"Backstab","floor":28},{"not_picked":["Underhanded Strike","Masterful Stab","Cloak And Dagger"],"picked":"SKIP","floor":31},{"not_picked":["hubris:SlightOfHand","Flechettes","Flying Knee+1"],"picked":"SKIP","floor":35},{"not_picked":["Underhanded Strike","Poisoned Stab"],"picked":"After Image","floor":36},{"not_picked":["Expertise+1","Dagger Spray","Bouncing Flask"],"picked":"SKIP","floor":41},{"not_picked":["Underhanded Strike","Dodge and Roll","Dagger Throw+1"],"picked":"SKIP","floor":46},{"not_picked":["Terror","Dagger Spray","Predator+1"],"picked":"SKIP","floor":48}],"player_experience":1566383,"relics_obtained":[{"floor":6,"key":"hubris:ToyBattleship"},{"floor":9,"key":"StrikeDummy"},{"floor":12,"key":"Darkstone Periapt"},{"floor":26,"key":"Dream Catcher"},{"floor":38,"key":"Lizard Tail"},{"floor":43,"key":"Ornamental Fan"}],"event_choices":[{"cards_removed":["Defend_G"],"damage_healed":0,"gold_gain":0,"player_choice":"Card Removal","damage_taken":0,"max_hp_gain":0,"max_hp_loss":0,"event_name":"The Cleric","floor":2,"gold_loss":50},{"damage_healed":0,"gold_gain":0,"player_choice":"Entered Light","damage_taken":14,"max_hp_gain":0,"max_hp_loss":0,"event_name":"Shining Light","floor":3,"gold_loss":0,"cards_upgraded":["Defend_G","Neutralize"]},{"damage_healed":0,"gold_gain":0,"player_choice":"Read","damage_taken":0,"max_hp_gain":0,"max_hp_loss":0,"event_name":"The Library","floor":19,"gold_loss":0,"cards_obtained":["Perfected Strike"]},{"damage_healed":0,"gold_gain":99,"player_choice":"Stole From Cult","damage_taken":0,"max_hp_gain":0,"max_hp_loss":0,"event_name":"Nest","floor":22,"gold_loss":0},{"damage_healed":0,"gold_gain":0,"player_choice":"Inject Mutagens","damage_taken":0,"relics_obtained":["MutagenicStrength"],"max_hp_gain":0,"max_hp_loss":0,"event_name":"Drug Dealer","floor":27,"gold_loss":0},{"damage_healed":0,"gold_gain":0,"player_choice":"Fight","damage_taken":0,"max_hp_gain":0,"max_hp_loss":0,"event_name":"Mysterious Sphere","floor":38,"gold_loss":0},{"damage_healed":0,"gold_gain":0,"player_choice":"Paid","damage_taken":0,"relics_obtained":["Red Mask"],"max_hp_gain":0,"max_hp_loss":0,"event_name":"Tomb of Lord Red Mask","floor":39,"gold_loss":212},{"cards_removed":["Perfected Strike"],"damage_healed":0,"gold_gain":0,"player_choice":"Purged","damage_taken":0,"max_hp_gain":0,"max_hp_loss":0,"event_name":"Purifier","floor":45,"gold_loss":0}],"is_beta":false,"boss_relics":[{"not_picked":["Ectoplasm","aspiration:RunicSpoon"],"picked":"WristBlade"},{"not_picked":["Ring of the Serpent","Coffee Dripper","aspiration:DefectSkillbook"],"picked":"hubris:RunicObelisk"}],"items_purged_floors":[24,37],"is_endless":false,"potions_floor_spawned":[1,11,12,13,20,38,41,46],"killed_by":"hubris:GrandSnecko","ascension_level":0}}