{"host":"grli52lbdph2722t","time":1609190236,"event":{"mods":["AchievementEnabler","BaseMod","Downfall","Minty Spire (QoL Compilation)","Quick Restart","StSLib"],"gold_per_floor":[99,110,20,39,51,84,84,84,419,419,251,264,264,292,305,305,305,305],"floor_reached":16,"playtime":884,"items_purged":["Shame"],"score":180,"play_id":"5280a9f0-cddf-4b94-971b-9e8dfbd85903","local_time":"20201228221716","is_ascension_mode":true,"campfire_choices":[{"data":"champ:VampiricStrike","floor":1,"key":"SMITH"},{"data":"champ:Taunt","floor":8,"key":"SMITH"},{"data":"champ:Riposte","floor":10,"key":"SMITH"}],"circlet_count":0,"master_deck":["AscendersBane","champ:Strike","champ:Strike","champ:Strike","champ:Strike","champ:Defend","champ:Defend","champ:Defend","champ:Defend","champ:Execute","champ:Taunt+1","champ:VampiricStrike+1","champ:Haymaker","champ:StanceDance","champ:AdrenalArmor","champ:AdrenalArmor","champ:FlashCut","champ:Riposte+1","champ:EnchantCrown","champ:Balance","Pain","champ:FightOn","champ:BerserkerStyle"],"relics":["champ:ChampionCrown","InkBottle","Eternal Feather","Old Coin","Sling","WarpedTongs","Shuriken"],"acts_visited":["Exordium"],"potions_floor_usage":[6,14,16],"damage_taken":[{"damage":46,"enemies":"Cultist","floor":2,"turns":6},{"damage":12,"enemies":"downfall:FleeingMerchant","floor":3,"turns":4},{"damage":11,"enemies":"Jaw Worm","floor":4,"turns":4},{"damage":6,"enemies":"2 Louse","floor":5,"turns":3},{"damage":31,"enemies":"Gremlin Nob","floor":6,"turns":5},{"damage":37,"enemies":"Lagavulin","floor":9,"turns":8},{"damage":22,"enemies":"downfall:FleeingMerchant","floor":11,"turns":4},{"damage":6,"enemies":"Red Slaver","floor":12,"turns":2},{"damage":25,"enemies":"3 Sentries","floor":14,"turns":8},{"damage":24,"enemies":"Exordium Wildlife","floor":15,"turns":5},{"damage":63,"enemies":"downfall:Defect","floor":16,"turns":5}],"seed_played":"7850556840751999676","potions_obtained":[{"floor":2,"key":"LiquidMemories"},{"floor":6,"key":"BlessingOfTheForge"},{"floor":14,"key":"PowerPotion"}],"is_trial":false,"path_per_floor":["R","M","$","M","M","E","T","R","E","R","$","M","?","E","M","B"],"character_chosen":"THE_CHAMP","items_purchased":["Sling"],"campfire_rested":0,"item_purchase_floors":[11],"current_hp_per_floor":[81,57,60,59,64,51,51,60,69,78,63,69,69,66,61,0,0,0],"gold":305,"neow_bonus":"THREE_RARE_CARDS","is_daily":false,"chose_seed":false,"campfire_upgraded":3,"win_rate":0.0,"timestamp":1609190236,"path_taken":["R","M","?","M","M","E","T","R","E","R","$","M","?","E","M","BOSS"],"items_purchased_type":["Relic"],"build_version":"2020-12-22","purchased_purges":1,"victory":false,"max_hp_per_floor":[90,90,90,90,90,90,90,90,90,90,90,90,90,90,90,90,90,90],"card_choices":[{"not_picked":["champ:EnchantShield","champ:Devastate"],"picked":"champ:VampiricStrike","floor":0},{"not_picked":["champ:GutPunch","champ:BladeFlurry"],"picked":"champ:Haymaker","floor":2},{"not_picked":["champ:BerserkersShout","champ:PerfectedStrike"],"picked":"champ:StanceDance","floor":3},{"not_picked":["champ:Circumvent","champ:BringItOn"],"picked":"champ:AdrenalArmor","floor":4},{"not_picked":["champ:ShieldSlam","champ:EnGarde"],"picked":"champ:AdrenalArmor","floor":5},{"not_picked":["champ:PerfectedStrike","champ:Circumvent"],"picked":"champ:FlashCut","floor":6},{"not_picked":["champ:CalledShot","champ:RageSigil"],"picked":"champ:Riposte","floor":9},{"not_picked":["champ:CalledShot","champ:FlashCut"],"picked":"champ:EnchantCrown","floor":11},{"not_picked":["champ:BladeFlurry","champ:BringItOn"],"picked":"champ:Balance","floor":12},{"not_picked":["champ:AdrenalArmor","champ:Shatter"],"picked":"champ:FightOn","floor":14},{"not_picked":["champ:FanOfKnives","champ:SwordSigil"],"picked":"champ:BerserkerStyle","floor":15}],"player_experience":4897303,"relics_obtained":[{"floor":6,"key":"InkBottle"},{"floor":7,"key":"Eternal Feather"},{"floor":9,"key":"Old Coin"},{"floor":14,"key":"Shuriken"}],"event_choices":[{"damage_healed":0,"gold_gain":0,"player_choice":"Rummage","damage_taken":0,"relics_obtained":["WarpedTongs"],"max_hp_gain":0,"max_hp_loss":0,"event_name":"Accursed Blacksmith","floor":13,"gold_loss":0,"cards_obtained":["Pain"]}],"is_beta":false,"boss_relics":[],"items_purged_floors":[3],"is_endless":false,"potions_floor_spawned":[2,6,14],"killed_by":"downfall:Defect","ascension_level":10}}