{"host":"m77rrhbqzv44va4v","time":1609132119,"event":{"mods":["AchievementEnabler","BaseMod","Colored Map","DeckTracker","Keyboard Shortcuts","Minty Spire (QoL Compilation)","StSLib","SuperFastMode","everything is the same but u backflip on backflip"],"gold_per_floor":[115,134,36,136,147,180,180,207,207,217,233,244,261,277,277,380,380,397,74,74,4,17,17,17],"floor_reached":23,"playtime":722,"items_purged":["Regret","Strike_B"],"score":287,"play_id":"4310eedd-1962-4751-9d03-3fa8f71a6f6b","local_time":"20201228140839","is_ascension_mode":true,"campfire_choices":[{"floor":7.0,"key":"REST"},{"floor":15.0,"key":"REST"}],"circlet_count":0,"master_deck":["Strike_B","Strike_B","Strike_B","Defend_B","Defend_B","Defend_B","Defend_B","Zap","Dualcast","Ball Lightning","Cold Snap","Sweeping Beam","Cold Snap+1","Beam Cell+1","Rip and Tear+1","Compile Driver+1","Conserve Battery","Echo Form","Defragment","Self Repair","Coolheaded"],"relics":["Cracked Core","Peace Pipe","Molten Egg 2","Vajra","Shuriken","Black Star","Lee\u0027s Waffle","Nilry\u0027s Codex"],"acts_visited":["Exordium","TheCity"],"potions_floor_usage":[],"damage_taken":[{"damage":3.0,"enemies":"Cultist","floor":1.0,"turns":3.0},{"damage":8.0,"enemies":"Small Slimes","floor":2.0,"turns":2.0},{"damage":1.0,"enemies":"2 Louse","floor":5.0,"turns":2.0},{"damage":27.0,"enemies":"Gremlin Nob","floor":6.0,"turns":4.0},{"damage":21.0,"enemies":"Lagavulin","floor":8.0,"turns":5.0},{"damage":0.0,"enemies":"2 Fungi Beasts","floor":10.0,"turns":2.0},{"damage":11.0,"enemies":"Exordium Thugs","floor":11.0,"turns":3.0},{"damage":0.0,"enemies":"Large Slime","floor":12.0,"turns":3.0},{"damage":12.0,"enemies":"2 Fungi Beasts","floor":13.0,"turns":2.0},{"damage":0.0,"enemies":"Looter","floor":14.0,"turns":3.0},{"damage":16.0,"enemies":"Hexaghost","floor":16.0,"turns":6.0},{"damage":18.0,"enemies":"3 Byrds","floor":18.0,"turns":3.0},{"damage":30,"enemies":"Spheric Guardian","floor":22,"turns":4},{"damage":49,"enemies":"3 Cultists","floor":23,"turns":4}],"seed_played":"8549171422308717113","potions_obtained":[{"floor":5.0,"key":"DistilledChaos"},{"floor":6.0,"key":"LiquidMemories"},{"floor":12.0,"key":"FearPotion"},{"floor":13.0,"key":"LiquidBronze"},{"floor":16.0,"key":"LiquidBronze"},{"floor":22,"key":"Energy Potion"}],"is_trial":false,"path_per_floor":["M","M","$","?","M","E","R","E","T","M","M","M","M","M","R","B",null,"M","$","?","$","M","M"],"character_chosen":"DEFECT","items_purchased":["Cold Snap","Defragment","Lee\u0027s Waffle","Self Repair"],"campfire_rested":2,"item_purchase_floors":[3,19,19,21],"current_hp_per_floor":[65,57,57,57,56,29,51,30,30,30,19,19,7,7,29,13,60,42,82,66,66,43,0,0],"gold":17,"neow_bonus":"ONE_RARE_RELIC","is_daily":false,"chose_seed":false,"campfire_upgraded":0,"win_rate":0.0,"timestamp":1609132119,"path_taken":["M","M","$","?","M","E","R","E","T","M","M","?","M","M","R","BOSS","M","$","?","$","M","M"],"items_purchased_type":["Card","Card","Relic","Card"],"build_version":"2020-12-22","purchased_purges":2,"victory":false,"max_hp_per_floor":[75,75,75,75,75,75,75,75,75,75,75,75,75,75,75,75,75,75,82,82,82,82,82,82],"card_choices":[{"not_picked":["Stack","Rebound"],"picked":"Ball Lightning","floor":1.0},{"not_picked":["Hologram","Rebound","Beam Cell"],"picked":"SKIP","floor":2.0},{"not_picked":["Redo","Compile Driver"],"picked":"Sweeping Beam","floor":5.0},{"not_picked":["BootSequence","Redo"],"picked":"Cold Snap+1","floor":6.0},{"not_picked":["Leap","Hello World"],"picked":"Beam Cell+1","floor":8.0},{"not_picked":["Hyperbeam+1","Scrape+1"],"picked":"Rip and Tear+1","floor":10.0},{"not_picked":["Recycle","BootSequence","Gash+1"],"picked":"SKIP","floor":11.0},{"not_picked":["Barrage+1","Hologram"],"picked":"Compile Driver+1","floor":12.0},{"not_picked":["Force Field","Leap"],"picked":"Conserve Battery","floor":13.0},{"not_picked":["Cold Snap+1","Gash+1","Reprogram"],"picked":"SKIP","floor":14.0},{"not_picked":["Hyperbeam+1","Fission"],"picked":"Echo Form","floor":16.0},{"not_picked":["Steam","Conserve Battery+1","Sweeping Beam+1"],"picked":"SKIP","floor":18.0},{"not_picked":["Doom and Gloom+1","Rebound+1"],"picked":"Coolheaded","floor":22}],"player_experience":820789,"relics_obtained":[{"floor":6.0,"key":"Molten Egg 2"},{"floor":8.0,"key":"Vajra"},{"floor":9.0,"key":"Shuriken"},{"floor":20,"key":"Nilry\u0027s Codex"}],"event_choices":[{"damage_healed":0.0,"max_hp_gain":0.0,"max_hp_loss":0.0,"gold_gain":100.0,"event_name":"Golden Shrine","player_choice":"Pray","floor":4.0,"gold_loss":0.0,"damage_taken":0.0},{"damage_healed":0,"gold_gain":0,"player_choice":"Obtained Book","damage_taken":16,"max_hp_gain":0,"max_hp_loss":0,"event_name":"Cursed Tome","floor":20,"gold_loss":0}],"is_beta":false,"boss_relics":[{"not_picked":["Tiny House","Philosopher\u0027s Stone"],"picked":"Black Star"}],"items_purged_floors":[3,19],"is_endless":false,"potions_floor_spawned":[5,6,12,13,16,22],"killed_by":"3 Cultists","ascension_level":8}}