{"host":"zig6x0mxqzam82fb","time":1609191661,"event":{"mods":["BaseMod","Block Reminder","Colored Map","Colored Powertips","Minty Spire (QoL Compilation)","Relic Stats","StSLib","The Marked"],"gold_per_floor":[112,130,142,161,177,208,228,153,153,173,173,199,215,230,230,333,333,362,336,239,259,18,57,57,57,66,66,78,87,96,123,123,227,227,254,264,286,31,60,71,89,101,110,110,120,161,188,202,202,202],"floor_reached":51,"playtime":4555,"items_purged":["Strike_B"],"score":1196,"play_id":"58d1cc0c-982d-4e85-891f-a32abff2f067","local_time":"20201228164101","is_ascension_mode":true,"campfire_choices":[{"data":"Defragment","floor":11,"key":"SMITH"},{"data":"Recycle","floor":15,"key":"SMITH"},{"floor":25,"key":"REST"},{"floor":27,"key":"REST"},{"floor":32,"key":"REST"},{"data":"Consume","floor":44,"key":"SMITH"},{"data":"Darkness","floor":49,"key":"PURGE"}],"circlet_count":0,"master_deck":["AscendersBane","Strike_B","Strike_B","Strike_B","Defend_B","Defend_B","Defend_B","Defend_B","Zap","Dualcast","Streamline","Cold Snap","Cold Snap","Chill","Self Repair","Genetic Algorithm","Consume+1","Writhe","Defragment+1","Recycle+1","Machine Learning","Streamline","Machine Learning","CurseOfTheBell","Leap","Glacier+1","Conserve Battery+1","Recycle","Coolheaded","Shame","Shame","Defragment+1","Electrodynamics","Turbo+1","Chill+1","Cold Snap","Madness","Madness","Parasite","Blizzard","Reinforced Body"],"relics":["Cursed Key","Blood Vial","Calipers","Anchor","Calling Bell","CeramicFish","Gremlin Horn","Du-Vu Doll","Bag of Preparation","Pantograph","Enchiridion","Bag of Marbles","Peace Pipe","StrikeDummy","Inserter","Bottled Tornado","Cables","Pear"],"acts_visited":["Exordium","TheCity","TheBeyond"],"potions_floor_usage":[6,6,16,19,21,23,23,23,33,36,50,50,50],"damage_taken":[{"damage":0,"enemies":"Small Slimes","floor":1,"turns":4},{"damage":2,"enemies":"Jaw Worm","floor":2,"turns":3},{"damage":0,"enemies":"Cultist","floor":3,"turns":3},{"damage":0,"enemies":"Large Slime","floor":4,"turns":6},{"damage":11,"enemies":"3 Louse","floor":5,"turns":3},{"damage":13,"enemies":"Lagavulin","floor":6,"turns":6},{"damage":4,"enemies":"Blue Slaver","floor":7,"turns":3},{"damage":7,"enemies":"Red Slaver","floor":10,"turns":6},{"damage":5,"enemies":"3 Sentries","floor":12,"turns":9},{"damage":11,"enemies":"Large Slime","floor":13,"turns":7},{"damage":4,"enemies":"Looter","floor":14,"turns":3},{"damage":26,"enemies":"Hexaghost","floor":16,"turns":13},{"damage":11,"enemies":"3 Byrds","floor":18,"turns":6},{"damage":19,"enemies":"2 Thieves","floor":19,"turns":5},{"damage":8,"enemies":"Centurion and Healer","floor":21,"turns":7},{"damage":18,"enemies":"Slavers","floor":23,"turns":8},{"damage":2,"enemies":"Snake Plant","floor":28,"turns":5},{"damage":28,"enemies":"Book of Stabbing","floor":31,"turns":9},{"damage":5,"enemies":"Automaton","floor":33,"turns":14},{"damage":0,"enemies":"Orb Walker","floor":35,"turns":6},{"damage":28,"enemies":"3 Darklings","floor":36,"turns":5},{"damage":0,"enemies":"Maw","floor":37,"turns":10},{"damage":0,"enemies":"Sphere and 2 Shapes","floor":39,"turns":6},{"damage":0,"enemies":"Spire Growth","floor":40,"turns":7},{"damage":0,"enemies":"Maw","floor":42,"turns":10},{"damage":0,"enemies":"Sphere and 2 Shapes","floor":45,"turns":3},{"damage":0,"enemies":"Reptomancer","floor":46,"turns":10},{"damage":0,"enemies":"4 Shapes","floor":47,"turns":3},{"damage":0,"enemies":"3 Darklings","floor":48,"turns":7},{"damage":18,"enemies":"Awakened One","floor":50,"turns":19}],"seed_played":"-414516872649513663","potions_obtained":[{"floor":2,"key":"Swift Potion"},{"floor":4,"key":"FocusPotion"},{"floor":7,"key":"GamblersBrew"},{"floor":13,"key":"AttackPotion"},{"floor":14,"key":"SneckoOil"},{"floor":18,"key":"Weak Potion"},{"floor":19,"key":"SkillPotion"},{"floor":28,"key":"Block Potion"},{"floor":39,"key":"Regen Potion"},{"floor":40,"key":"SpeedPotion"},{"floor":45,"key":"Strength Potion"}],"is_trial":false,"path_per_floor":["M","M","M","M","M","E","M","$","T","M","R","E","M","M","R","B",null,"M","M","$","M","$","E","?","R","T","R","M","?","?","E","R","B",null,"M","M","M","$","M","M","?","M","T","R","M","E","M","M","R","B",null],"character_chosen":"DEFECT","items_purchased":["EntropicBrew","Bag of Preparation","Recycle","Darkness","Bottled Tornado"],"campfire_rested":3,"item_purchase_floors":[20,22,22,22,38],"current_hp_per_floor":[68,66,66,66,55,49,54,54,54,56,56,60,58,56,56,39,66,64,54,54,55,55,46,30,52,52,74,75,75,75,54,75,75,75,75,54,63,63,72,75,66,75,75,75,75,85,85,85,85,82],"gold":202,"neow_bonus":"BOSS_RELIC","is_daily":false,"chose_seed":false,"campfire_upgraded":3,"win_rate":0.0,"timestamp":1609191661,"path_taken":["M","M","M","M","M","E","M","$","T","M","R","E","M","M","R","BOSS","M","M","$","M","$","E","?","R","T","R","M","?","?","E","R","BOSS","M","?","M","$","M","M","?","M","T","R","M","E","M","M","R","BOSS"],"items_purchased_type":["Potion","Relic","Card","Card","Relic"],"build_version":"2020-12-22","purchased_purges":1,"victory":true,"max_hp_per_floor":[75,75,75,75,75,75,75,75,75,75,75,75,75,75,75,75,75,75,75,75,75,75,75,75,75,75,75,75,75,75,75,75,75,75,75,75,75,75,75,75,75,75,75,75,75,85,85,85,85,85],"relic_stats":{"Blood Vial":29,"Peace Pipe":1,"Inserter":[43],"Gremlin Horn":[28,28],"counters":[30,206],"CeramicFish":162,"Pantograph":0,"Bag of Preparation":[30],"Cursed Key":3,"obtain_stats":[{"Calipers":9,"Inserter":34,"Pear":46,"Gremlin Horn":17,"CeramicFish":17,"Enchiridion":24,"Bag of Preparation":22,"Bottled Tornado":38,"Cursed Key":0,"Cables":43,"Blood Vial":6,"Calling Bell":17,"Du-Vu Doll":17,"Peace Pipe":29,"Anchor":12,"Pantograph":23,"Bag of Marbles":26,"Cracked Core":0,"StrikeDummy":31},{"Calipers":7,"Inserter":19,"Pear":27,"Gremlin Horn":12,"CeramicFish":12,"Enchiridion":16,"Bag of Preparation":15,"Bottled Tornado":22,"Cursed Key":0,"Cables":25,"Blood Vial":6,"Calling Bell":12,"Du-Vu Doll":12,"Peace Pipe":17,"Anchor":9,"Pantograph":16,"Bag of Marbles":16,"Cracked Core":0,"StrikeDummy":18},{"Calipers":28,"Inserter":120,"Pear":177,"Gremlin Horn":66,"CeramicFish":66,"Enchiridion":92,"Bag of Preparation":84,"Bottled Tornado":141,"Cursed Key":0,"Cables":164,"Blood Vial":25,"Calling Bell":66,"Du-Vu Doll":66,"Peace Pipe":97,"Anchor":43,"Pantograph":92,"Bag of Marbles":92,"Cracked Core":0,"StrikeDummy":106}],"Cables":[39,10,29,0,0]},"card_choices":[{"not_picked":["Barrage","Redo"],"picked":"Streamline","floor":1},{"not_picked":["Rebound","Stack"],"picked":"Cold Snap","floor":2},{"not_picked":["Go for the Eyes","Steam Power"],"picked":"Cold Snap","floor":3},{"not_picked":["Stack","Sunder"],"picked":"Chill","floor":4},{"not_picked":["Steam","Coolheaded"],"picked":"Self Repair","floor":5},{"not_picked":["Gash","Barrage"],"picked":"Genetic Algorithm","floor":6},{"not_picked":["Loop","Skim"],"picked":"Consume","floor":7},{"not_picked":["Beam Cell","Tempest"],"picked":"Defragment","floor":10},{"not_picked":["Turbo","Lockon"],"picked":"Recycle","floor":12},{"not_picked":["Redo","Conserve Battery"],"picked":"Machine Learning","floor":13},{"not_picked":["Double Energy","White Noise"],"picked":"Streamline","floor":14},{"not_picked":["Core Surge","Biased Cognition"],"picked":"Machine Learning","floor":16},{"not_picked":["Turbo","Steam"],"picked":"Leap","floor":18},{"not_picked":["Storm","Rainbow"],"picked":"Glacier+1","floor":19},{"not_picked":["Darkness","Double Energy"],"picked":"Conserve Battery+1","floor":21},{"not_picked":["Redo","Leap"],"picked":"Coolheaded","floor":23},{"not_picked":["Lockon","Rebound","Go for the Eyes"],"picked":"SKIP","floor":28},{"not_picked":["Turbo+1","Aggregate","Recycle"],"picked":"SKIP","floor":31},{"not_picked":["Core Surge","Rainbow"],"picked":"Electrodynamics","floor":33},{"not_picked":["Gash+1","Streamline+1"],"picked":"Turbo+1","floor":35},{"not_picked":["Storm","Rebound+1","Compile Driver+1"],"picked":"SKIP","floor":36},{"not_picked":["Buffer","Skim"],"picked":"Chill+1","floor":37},{"not_picked":["Reinforced Body+1","Storm"],"picked":"Cold Snap","floor":39},{"not_picked":["Aggregate","Conserve Battery+1","Redo+1"],"picked":"SKIP","floor":40},{"not_picked":["Go for the Eyes+1","Redo+1","Gash"],"picked":"SKIP","floor":42},{"not_picked":["Go for the Eyes+1","Redo+1","Gash"],"picked":"SKIP","floor":42},{"not_picked":["Streamline","Steam+1","Hologram"],"picked":"SKIP","floor":45},{"not_picked":["Reprogram","Beam Cell"],"picked":"Blizzard","floor":46},{"not_picked":["Tempest+1","Cold Snap"],"picked":"Reinforced Body","floor":47},{"not_picked":["White Noise","Gash","Reinforced Body"],"picked":"SKIP","floor":48},{"not_picked":["White Noise","Gash","Reinforced Body"],"picked":"SKIP","floor":48}],"player_experience":382131,"relics_obtained":[{"floor":6,"key":"Blood Vial"},{"floor":9,"key":"Calipers"},{"floor":12,"key":"Anchor"},{"floor":17,"key":"CeramicFish"},{"floor":17,"key":"Gremlin Horn"},{"floor":17,"key":"Du-Vu Doll"},{"floor":23,"key":"Pantograph"},{"floor":24,"key":"Enchiridion"},{"floor":26,"key":"Bag of Marbles"},{"floor":31,"key":"StrikeDummy"},{"floor":43,"key":"Cables"},{"floor":46,"key":"Pear"}],"event_choices":[{"damage_healed":0,"gold_gain":0,"player_choice":"Obtained Book","damage_taken":16,"max_hp_gain":0,"max_hp_loss":0,"event_name":"Cursed Tome","floor":24,"gold_loss":0},{"damage_healed":0,"gold_gain":0,"player_choice":"Stole Relic","damage_taken":0,"relics_obtained":["Peace Pipe"],"max_hp_gain":0,"max_hp_loss":0,"event_name":"Addict","floor":29,"gold_loss":0,"cards_obtained":["Shame"]},{"damage_healed":0,"gold_gain":0,"player_choice":"Copied","damage_taken":0,"max_hp_gain":0,"max_hp_loss":0,"event_name":"Duplicator","floor":30,"gold_loss":0,"cards_obtained":["Defragment"]},{"damage_healed":0,"gold_gain":0,"player_choice":"Embrace Madness","damage_taken":9,"max_hp_gain":0,"max_hp_loss":0,"event_name":"Winding Halls","floor":41,"gold_loss":0,"cards_obtained":["Madness","Madness"]}],"is_beta":false,"boss_relics":[{"not_picked":["Runic Dome","Philosopher\u0027s Stone"],"picked":"Calling Bell"},{"not_picked":["Black Star","Empty Cage"],"picked":"Inserter"}],"items_purged_floors":[8],"is_endless":false,"potions_floor_spawned":[2,4,7,13,14,18,19,28,39,40,45,47],"ascension_level":10}}