{"host":"l8lkgdumzpe3823a","time":1609198338,"event":{"mods":["Always Whale","Aspiration","BaseMod","Better Note","Clockwork Mod","Colored Powertips","Curses Come First","Custom Start","DeckTracker","Defuse TimeMaze Blight","Highlight Path","Hubris","Infinite Spire","Minty Spire (QoL Compilation)","Quick Restart","Replay The Spire","Shop Mod","StSLib","SuperFastMode","The Construct","The Dragon Tamer","vexMod"],"gold_per_floor":[110,130,149,149,74,74,74,1,28,28,28,28],"floor_reached":11,"playtime":199,"items_purged":["Strike_G"],"score":70,"play_id":"9dbb7064-86fe-4345-b514-07faa17993d3","local_time":"20201228173218","is_ascension_mode":true,"campfire_choices":[{"data":"Prepared","floor":6,"key":"SMITH"}],"circlet_count":0,"master_deck":["Strike_G","Strike_G","Strike_G","Strike_G","Defend_G","Defend_G","Defend_G","Defend_G","Defend_G","Survivor","Neutralize","Prepared+1","ReplayTheSpireMod:The Works+1","ReplayTheSpireMod:Speed Training","Hidden Blade","Noxious Fumes"],"relics":["Ring of the Snake","NeowsBlessing","Replay:Baseball"],"acts_visited":["Exordium"],"potions_floor_usage":[],"damage_taken":[{"damage":0,"enemies":"Cultist","floor":1,"turns":1},{"damage":0,"enemies":"Small Slimes","floor":2,"turns":1},{"damage":0,"enemies":"Jaw Worm","floor":3,"turns":1},{"damage":86,"enemies":"Gremlin Nob","floor":11,"turns":5}],"seed_played":"-1050425759629054818","potions_obtained":[{"floor":1,"key":"Energy Potion"},{"floor":3,"key":"Venom Potion"}],"is_trial":false,"path_per_floor":["M","M","M","?","$","R","?","$","T","$","E"],"character_chosen":"THE_SILENT","items_purchased":["Noxious Fumes"],"campfire_rested":0,"item_purchase_floors":[8],"current_hp_per_floor":[70,70,70,70,70,70,70,70,70,70,0,0],"gold":28,"neow_bonus":"THREE_ENEMY_KILL","is_daily":false,"chose_seed":false,"campfire_upgraded":1,"win_rate":0.0,"timestamp":1609198338,"path_taken":["M","M","M","?","$","R","?","?","T","$","E"],"items_purchased_type":["Card"],"build_version":"2020-12-22","purchased_purges":1,"victory":false,"max_hp_per_floor":[70,70,70,70,70,70,70,70,70,70,70,70],"card_choices":[{"not_picked":["Bane","PiercingWail"],"picked":"Prepared","floor":1},{"not_picked":["Quick Slash","Hidden Blade"],"picked":"ReplayTheSpireMod:The Works","floor":2},{"not_picked":["Dodge and Roll","Slice"],"picked":"ReplayTheSpireMod:Speed Training","floor":3}],"player_experience":652175,"relics_obtained":[{"floor":9,"key":"Replay:Baseball"}],"event_choices":[],"is_beta":false,"boss_relics":[],"items_purged_floors":[5],"is_endless":false,"potions_floor_spawned":[1,3],"killed_by":"Gremlin Nob","ascension_level":3}}