{"host":"qc268ltokmxwqyrx","time":1609135862,"event":{"mods":["BaseMod","Colored Map","Colored Powertips","Minty Spire (QoL Compilation)","Relic Stats","Slay the Relics Exporter","StSLib"],"gold_per_floor":[15,27,39,39,55,55,55],"floor_reached":6,"playtime":485,"items_purged":[],"score":76,"play_id":"f678c028-59cf-482f-8cca-cc15671fc98f","local_time":"20201228001102","is_ascension_mode":true,"campfire_choices":[],"circlet_count":0,"master_deck":["AscendersBane","Strike_G","Strike_G","Strike_G","Strike_G","Strike_G","Defend_G","Defend_G","Defend_G","Defend_G","Defend_G","Survivor","Neutralize+1","Bane","Blade Dance+1","Dagger Spray","Choke"],"relics":["Ring of the Snake"],"acts_visited":["Exordium"],"potions_floor_usage":[6],"damage_taken":[{"damage":11.0,"enemies":"Cultist","floor":1.0,"turns":5.0},{"damage":2.0,"enemies":"Jaw Worm","floor":2.0,"turns":6.0},{"damage":5,"enemies":"2 Louse","floor":3,"turns":3},{"damage":16,"enemies":"Large Slime","floor":5,"turns":8},{"damage":14,"enemies":"Lagavulin","floor":6,"turns":4}],"seed_played":"388568595587283636","potions_obtained":[{"floor":5,"key":"LiquidMemories"}],"is_trial":false,"path_per_floor":["M","M","M","?","M","E"],"character_chosen":"THE_SILENT","items_purchased":[],"campfire_rested":0,"item_purchase_floors":[],"current_hp_per_floor":[60,58,53,30,14,0,0],"gold":55,"neow_bonus":"TWENTY_PERCENT_HP_BONUS","is_daily":false,"chose_seed":false,"campfire_upgraded":0,"win_rate":0.0,"timestamp":1609135862,"path_taken":["M","M","?","?","M","E"],"items_purchased_type":[],"build_version":"2020-12-22","purchased_purges":0,"victory":false,"max_hp_per_floor":[78,78,78,78,78,78,78],"relic_stats":{"counters":[5,26],"obtain_stats":[{"Ring of the Snake":0},{"Ring of the Snake":0},{"Ring of the Snake":0}],"Ring of the Snake":[10]},"card_choices":[{"not_picked":["Prepared","Outmaneuver"],"picked":"Bane","floor":1.0},{"not_picked":["Flying Knee","Underhanded Strike"],"picked":"Blade Dance","floor":2},{"not_picked":["Leg Sweep","Infinite Blades"],"picked":"Dagger Spray","floor":3},{"not_picked":["Expertise","Flying Knee"],"picked":"Choke","floor":5}],"player_experience":1719948,"relics_obtained":[],"event_choices":[{"damage_healed":0,"gold_gain":0,"player_choice":"Entered Light","damage_taken":23,"max_hp_gain":0,"max_hp_loss":0,"event_name":"Shining Light","floor":4,"gold_loss":0,"cards_upgraded":["Blade Dance","Neutralize"]}],"is_beta":false,"boss_relics":[],"items_purged_floors":[],"is_endless":false,"potions_floor_spawned":[5],"killed_by":"Lagavulin","ascension_level":20}}