{"host":"9d83omykrosjn1d3","time":1609144977,"event":{"mods":["AchievementEnabler","BaseMod","BetterRewards","Card Forge","Downfall","Hubris","Minty Spire (QoL Compilation)","Permanent Neow","Shop Mod","StSLib","SuperFastMode","The Construct"],"gold_per_floor":[113,113,33,43,62,62,74,100,126,126,152,166,166,166,166,261,261,278,290,302,302,137,137,137],"floor_reached":23,"playtime":1257,"items_purged":[],"score":271,"play_id":"37dc06dc-beec-4ae4-a94c-0721886a20d4","local_time":"20201228174257","is_ascension_mode":true,"campfire_choices":[{"data":"construct:Hazardproof+1","floor":6,"key":"SMITH"},{"floor":13,"key":"REST"},{"floor":15,"key":"RECALL"}],"circlet_count":0,"master_deck":["Zap","construct:Hazardproof+2","Creative AI+1","Coolheaded+1","Heatsinks+1","Capacitor+1","hubris:SpecializedCircuitry+1","Recycle+1","Echo Form+1","Creative AI+1"],"relics":["Hammer of Thor","Seething Fire","Anvil of the Gods","hubris:Backtick","Mummified Hand","construct:ClockworkPhoenix","Happy Flower","PreservedInsect","Guardian:PocketSentry","DataDisk","hubris:Icosahedron","Busted Crown","MerchantsRug","hubris:MysteriousPyramids","Molten Egg 2","Toxic Egg 2","Frozen Egg 2"],"acts_visited":["Exordium","TheCity"],"potions_floor_usage":[],"damage_taken":[{"damage":24,"enemies":"Small Slimes","floor":1,"turns":5},{"damage":0,"enemies":"Cultist","floor":4,"turns":6},{"damage":7,"enemies":"2 Louse","floor":5,"turns":4},{"damage":1,"enemies":"2 Fungi Beasts","floor":7,"turns":4},{"damage":11,"enemies":"3 Sentries","floor":8,"turns":5},{"damage":2,"enemies":"Lagavulin","floor":11,"turns":7},{"damage":6,"enemies":"Red Slaver","floor":12,"turns":5},{"damage":25,"enemies":"The Guardian","floor":16,"turns":10},{"damage":18,"enemies":"Shell Parasite","floor":18,"turns":5},{"damage":12,"enemies":"3 Byrds","floor":19,"turns":3},{"damage":11,"enemies":"Shelled Parasite and Fungi","floor":20,"turns":5},{"damage":21,"enemies":"Slavers","floor":23,"turns":1}],"seed_played":"-5645930407584442838","potions_obtained":[{"floor":4,"key":"champ:CounterPotion"},{"floor":12,"key":"AttackPotion"},{"floor":19,"key":"GamblersBrew"}],"is_trial":false,"path_per_floor":["M","?","$","M","M","R","M","E","T","?","E","M","R","?","R","B",null,"M","M","M","?","$","E"],"character_chosen":"DEFECT","items_purchased":["Heatsinks+1","MerchantsRug","hubris:MysteriousPyramids"],"campfire_rested":1,"item_purchase_floors":[3,22,22],"current_hp_per_floor":[44,44,44,44,37,37,36,25,25,25,23,17,39,39,39,14,60,42,30,19,19,19,0,0],"gold":137,"neow_bonus":"BOSS_RELIC","is_daily":false,"chose_seed":false,"campfire_upgraded":1,"win_rate":0.0,"timestamp":1609144977,"path_taken":["M","?","$","M","?","R","?","E","T","?","E","M","R","?","R","BOSS","M","M","M","?","$","E"],"items_purchased_type":["Card","Relic","Relic"],"build_version":"2020-12-22","purchased_purges":0,"victory":false,"max_hp_per_floor":[75,75,75,75,75,75,75,75,75,75,75,75,75,75,75,75,75,75,75,75,75,75,75,75],"card_choices":[{"not_picked":["Ball Lightning+1","Chill+1"],"picked":"Coolheaded+1","floor":1},{"not_picked":["Cold Snap+1","Turbo+1","Gash+1"],"picked":"SKIP","floor":4},{"not_picked":["Lockon+1","Steam+1","Cold Snap+1"],"picked":"SKIP","floor":5},{"not_picked":["FTL+1","Stack+1","Doom and Gloom+1"],"picked":"SKIP","floor":7},{"not_picked":["Gash+1","Go for the Eyes+1"],"picked":"Capacitor+1","floor":8},{"not_picked":["Barrage+1","Sweeping Beam+1","Rebound+1"],"picked":"SKIP","floor":11},{"not_picked":["Steam Power+1","Conserve Battery+1"],"picked":"hubris:SpecializedCircuitry+1","floor":12},{"not_picked":["Hyperbeam+1","Rainbow+1"],"picked":"Echo Form+1","floor":16},{"not_picked":["Stack+1"],"picked":"SKIP","floor":18},{"not_picked":["Stack+1"],"picked":"SKIP","floor":19},{"not_picked":["Force Field+1"],"picked":"SKIP","floor":20}],"player_experience":679536,"relics_obtained":[{"floor":8,"key":"Happy Flower"},{"floor":9,"key":"PreservedInsect"},{"floor":11,"key":"DataDisk"}],"event_choices":[{"damage_healed":0,"gold_gain":0,"player_choice":"0 cards matched","damage_taken":0,"max_hp_gain":0,"max_hp_loss":0,"event_name":"Match and Keep!","floor":2,"gold_loss":0,"cards_obtained":[]},{"damage_healed":0,"gold_gain":0,"player_choice":"Box","damage_taken":0,"relics_obtained":["Guardian:PocketSentry"],"max_hp_gain":0,"max_hp_loss":0,"event_name":"Big Fish","floor":10,"gold_loss":0,"cards_obtained":["Regret"]},{"damage_healed":0,"gold_gain":0,"player_choice":"Copied","damage_taken":0,"max_hp_gain":0,"max_hp_loss":0,"event_name":"Duplicator","floor":21,"gold_loss":0,"cards_obtained":["Creative AI"]}],"is_beta":false,"boss_relics":[{"not_picked":["SacredBark","Pandora\u0027s Box"],"picked":"Busted Crown"}],"items_purged_floors":[],"is_endless":false,"potions_floor_spawned":[4,12,19],"killed_by":"Slavers","ascension_level":7}}