{"host":"873t0y8ybyo38pfq","time":1609177516,"event":{"mods":["BaseMod","Bestiary","Colored Map","Colored Powertips","Highlight Path","Minty Spire (QoL Compilation)","Quick Restart","RNG Fix","Rare Cards Sparkle","Relic Stats","StSLib"],"gold_per_floor":[117,136,152,172,191,191,217,217,217,235,235,235,235],"floor_reached":12,"playtime":387,"items_purged":[],"score":164,"play_id":"86f8038c-2b72-46cd-ade4-fd4fd2e0359b","local_time":"20201228124516","is_ascension_mode":true,"campfire_choices":[{"data":"Eviscerate","floor":6,"key":"SMITH"},{"data":"Corpse Explosion","floor":8,"key":"SMITH"},{"data":"Footwork","floor":11,"key":"SMITH"}],"circlet_count":0,"master_deck":["AscendersBane","Strike_G","Strike_G","Strike_G","Strike_G","Strike_G","Defend_G","Defend_G","Defend_G","Defend_G","Defend_G","Survivor","Neutralize","Backstab","Dagger Spray","Eviscerate+1","Terror","Corpse Explosion+1","Footwork+1"],"relics":["Ring of the Snake","NeowsBlessing","Snake Skull","Meat on the Bone"],"acts_visited":["Exordium"],"potions_floor_usage":[4,7,7],"damage_taken":[{"damage":0,"enemies":"Small Slimes","floor":1,"turns":1},{"damage":0,"enemies":"Cultist","floor":2,"turns":1},{"damage":0,"enemies":"Jaw Worm","floor":3,"turns":1},{"damage":11,"enemies":"Red Slaver","floor":4,"turns":3},{"damage":4,"enemies":"Blue Slaver","floor":5,"turns":4},{"damage":15,"enemies":"Lagavulin","floor":7,"turns":5},{"damage":0,"enemies":"Exordium Wildlife","floor":10,"turns":2},{"damage":64,"enemies":"Gremlin Nob","floor":12,"turns":4}],"seed_played":"5467378486157541445","potions_obtained":[{"floor":2,"key":"Poison Potion"},{"floor":3,"key":"Weak Potion"},{"floor":5,"key":"LiquidMemories"},{"floor":10,"key":"CultistPotion"}],"is_trial":false,"path_per_floor":["M","M","M","M","M","R","E","R","T","M","R","E"],"character_chosen":"THE_SILENT","items_purchased":[],"campfire_rested":0,"item_purchase_floors":[],"current_hp_per_floor":[59,59,59,48,44,44,29,29,29,41,41,0,0],"gold":235,"neow_bonus":"THREE_ENEMY_KILL","is_daily":false,"chose_seed":false,"campfire_upgraded":3,"win_rate":0.0,"timestamp":1609177516,"path_taken":["M","M","M","M","M","R","E","R","T","M","R","E"],"items_purchased_type":[],"build_version":"2020-12-22","purchased_purges":0,"victory":false,"max_hp_per_floor":[66,66,66,66,66,66,66,66,66,66,66,66,66],"relic_stats":{"counters":[8,21],"Snake Skull":[1],"obtain_stats":[{"NeowsBlessing":0,"Snake Skull":7,"Ring of the Snake":0,"Meat on the Bone":9},{"NeowsBlessing":0,"Snake Skull":6,"Ring of the Snake":0,"Meat on the Bone":6},{"NeowsBlessing":0,"Snake Skull":15,"Ring of the Snake":0,"Meat on the Bone":15}],"Ring of the Snake":[16],"Meat on the Bone":12},"card_choices":[{"not_picked":["Deflect","Riddle With Holes"],"picked":"Backstab","floor":1},{"not_picked":["Backflip","PiercingWail"],"picked":"Dagger Spray","floor":2},{"not_picked":["Deflect","Reflex"],"picked":"Eviscerate","floor":3},{"not_picked":["Underhanded Strike","All Out Attack"],"picked":"Terror","floor":4},{"not_picked":["Flying Knee","Underhanded Strike","Dodge and Roll"],"picked":"SKIP","floor":5},{"not_picked":["Flying Knee","Acrobatics"],"picked":"Corpse Explosion","floor":7},{"not_picked":["Cloak And Dagger","Caltrops"],"picked":"Footwork","floor":10}],"player_experience":1380572,"relics_obtained":[{"floor":7,"key":"Snake Skull"},{"floor":9,"key":"Meat on the Bone"}],"event_choices":[],"is_beta":false,"boss_relics":[],"items_purged_floors":[],"is_endless":false,"potions_floor_spawned":[2,3,5,10],"killed_by":"Gremlin Nob","ascension_level":20}}