{"host":"kn32u0f2pym5bozc","time":1609170787,"event":{"mods":["2.2 Compatiblity","BaseMod","Better Third Choice","Minty Spire (QoL Compilation)","Permanent Neow","Relic Stats","StSLib","The Animator"],"gold_per_floor":[115,115,127,143,168,200,200,226,226,226,226,240,240,266,266,345,345,362,22,62,76,41,41,52,90,164,191,191,220,220,248,248,326,326,348,362,384,384,384],"floor_reached":38,"playtime":2609,"items_purged":["animator:FeridBathory"],"score":710,"play_id":"ffa7e7b5-9424-4e9a-b9f7-b9401f906c04","local_time":"20201228105307","is_ascension_mode":true,"campfire_choices":[{"floor":7,"key":"REST"},{"floor":11,"key":"REST"},{"data":"animator:Spearman","floor":13,"key":"SMITH"},{"floor":15,"key":"REST"},{"data":"animator:Priestess","floor":23,"key":"SMITH"},{"data":"animator:Boros","floor":28,"key":"SMITH"},{"data":"animator:Aqua","floor":30,"key":"SMITH"},{"data":"animator:MetalKnight","floor":32,"key":"SMITH"}],"circlet_count":0,"master_deck":["AscendersBane","animator:Strike_Katanagatari","animator:Defend_Katanagatari","animator:Strike","animator:Strike","animator:Strike","animator:Defend","animator:Defend+1","animator:Defend","animator:Azekura","animator:Emonzaemon","animator:MetalKnight+1","animator:Lancer","animator:Spearman+1","animator:UneriGinkaku","animator:Priestess+1","animator:LizardPriest","animator:Shichika","animator:ZankiKiguchi","animator:Biyorigo","animator:Kaijin","animator:Viivi","animator:Togame","animator:Shigure","animator:GuildGirl","animator:DolaStephanie","animator:Boros+1","animator:Aqua+1","animator:SilverFang","animator:Hakurou","animator:Shigure+1"],"relics":["animator:LivingPicture","animator:TheMissingPiece","animator:PurgingStone","Oddly Smooth Stone","Bronze Scales","Darkstone Periapt","animator:BattleDrones","Velvet Choker","Meat on the Bone","InkBottle","Paper Crane","Eternal Feather","Coffee Dripper"],"acts_visited":["Exordium","TheCity","TheBeyond"],"potions_floor_usage":[6,25,31,33,33],"damage_taken":[{"damage":0.0,"enemies":"Small Slimes","floor":1.0,"turns":5.0},{"damage":3.0,"enemies":"Cultist","floor":3.0,"turns":4.0},{"damage":7.0,"enemies":"Jaw Worm","floor":4.0,"turns":4.0},{"damage":11.0,"enemies":"3 Louse","floor":5.0,"turns":4.0},{"damage":16,"enemies":"Lagavulin","floor":6,"turns":6},{"damage":28,"enemies":"3 Sentries","floor":8,"turns":9},{"damage":3,"enemies":"Blue Slaver","floor":12,"turns":4},{"damage":9,"enemies":"Red Slaver","floor":14,"turns":2},{"damage":8,"enemies":"Hexaghost","floor":16,"turns":9},{"damage":0,"enemies":"Spheric Guardian","floor":18,"turns":1},{"damage":0,"enemies":"Chosen","floor":20,"turns":3},{"damage":8,"enemies":"3 Cultists","floor":21,"turns":4},{"damage":16,"enemies":"Cultist and Chosen","floor":24,"turns":5},{"damage":14,"enemies":"Gremlin Leader","floor":25,"turns":7},{"damage":4,"enemies":"animator:HornedBat","floor":27,"turns":7},{"damage":10,"enemies":"Snake Plant","floor":29,"turns":4},{"damage":30,"enemies":"Shelled Parasite and Fungi","floor":31,"turns":5},{"damage":44,"enemies":"Collector","floor":33,"turns":10},{"damage":35,"enemies":"3 Darklings","floor":35,"turns":4},{"damage":2,"enemies":"Orb Walker","floor":36,"turns":3},{"damage":26,"enemies":"4 Shapes","floor":37,"turns":7},{"damage":45,"enemies":"Transient","floor":38,"turns":4}],"seed_played":"1249686963102767865","potions_obtained":[{"floor":4.0,"key":"CultistPotion"},{"floor":6,"key":"Strength Potion"},{"floor":18,"key":"Ancient Potion"},{"floor":21,"key":"PowerPotion"},{"floor":29,"key":"PowerPotion"},{"floor":31,"key":"Ancient Potion"},{"floor":36,"key":"Ancient Potion"},{"floor":37,"key":"BlessingOfTheForge"}],"is_trial":false,"path_per_floor":["M","?","M","M","M","E","R","E","T","?","R","M","R","M","R","B",null,"M","$","M","M","$","R","M","E","T","E","R","M","R","M","R","B",null,"M","M","M","M"],"character_chosen":"THE_ANIMATOR","items_purchased":["animator:Viivi","Meat on the Bone","animator:GuildGirl"],"campfire_rested":3,"item_purchase_floors":[19,19,22],"current_hp_per_floor":[59,59,56,49,38,22,41,13,13,13,32,30,30,21,41,34,60,60,60,60,52,52,52,36,34,34,42,57,47,62,35,50,21,56,33,46,40,0,0],"gold":384,"neow_bonus":"ONE_RANDOM_RARE_CARD","is_daily":false,"chose_seed":false,"campfire_upgraded":5,"win_rate":0.0,"timestamp":1609170787,"path_taken":["M","?","M","M","M","E","R","E","T","?","R","M","R","?","R","BOSS","M","$","M","M","?","R","?","E","T","E","R","M","R","M","R","BOSS","M","M","M","M"],"items_purchased_type":["Card","Relic","Card"],"build_version":"2020-12-22","purchased_purges":1,"victory":false,"max_hp_per_floor":[66,66,66,66,66,66,66,66,66,66,66,67,67,67,67,68,68,68,68,68,68,68,68,68,68,68,68,68,68,68,68,68,68,68,68,68,68,68,68],"relic_stats":{"Darkstone Periapt":0,"counters":[22,111],"Bronze Scales":[265],"Eternal Feather":45,"obtain_stats":[{"Darkstone Periapt":9,"animator:TheMissingPiece":0,"animator:BattleDrones":10,"Oddly Smooth Stone":6,"Velvet Choker":17,"Eternal Feather":27,"Paper Crane":26,"animator:PurgingStone":0,"Bronze Scales":8,"animator:LivingPicture":0,"Coffee Dripper":34,"InkBottle":25,"Meat on the Bone":19},{"Darkstone Periapt":6,"animator:TheMissingPiece":0,"animator:BattleDrones":6,"Oddly Smooth Stone":5,"Velvet Choker":9,"Eternal Feather":15,"Paper Crane":14,"animator:PurgingStone":0,"Bronze Scales":6,"animator:LivingPicture":0,"Coffee Dripper":18,"InkBottle":14,"Meat on the Bone":10},{"Darkstone Periapt":32,"animator:TheMissingPiece":0,"animator:BattleDrones":32,"Oddly Smooth Stone":23,"Velvet Choker":47,"Eternal Feather":74,"Paper Crane":67,"animator:PurgingStone":0,"Bronze Scales":32,"animator:LivingPicture":0,"Coffee Dripper":93,"InkBottle":67,"Meat on the Bone":48}],"InkBottle":[16],"Meat on the Bone":72},"card_choices":[{"not_picked":["animator:Mitsuba","animator:ChaikaBohdan"],"picked":"animator:MetalKnight","floor":1.0},{"not_picked":["animator:SilverFang","animator:YaoHaDucy"],"picked":"animator:Lancer","floor":3.0},{"not_picked":["animator:Guy","animator:Shion"],"picked":"animator:Spearman","floor":4.0},{"not_picked":["animator:TsurugaMeisai","animator:Togame"],"picked":"animator:UneriGinkaku","floor":5.0},{"not_picked":["animator:Konayuki","animator:Spearman"],"picked":"animator:Priestess","floor":6},{"not_picked":["animator:YaoHaDucy","animator:Mitsurugi"],"picked":"animator:LizardPriest","floor":8},{"not_picked":["animator:RinTohsaka","animator:Verdia"],"picked":"animator:Shichika","floor":12},{"not_picked":["animator:UneriGinkaku","animator:Konayuki"],"picked":"animator:ZankiKiguchi","floor":14},{"not_picked":["animator:HigakiRinne","animator:HomuraAkemi"],"picked":"animator:Biyorigo","floor":16},{"not_picked":["animator:Togame","animator:Kuribayashi"],"picked":"animator:Kaijin","floor":18},{"not_picked":["animator:Tet","animator:DolaCouronne"],"picked":"animator:Togame","floor":20},{"not_picked":["animator:MumenRider","animator:DolaCouronne"],"picked":"animator:Shigure","floor":21},{"not_picked":["animator:Hitei","animator:Alexander"],"picked":"animator:DolaStephanie","floor":25},{"not_picked":["animator:Archer","animator:YaoHaDucy"],"picked":"animator:Boros","floor":27},{"not_picked":["animator:Alexander","animator:Genos"],"picked":"animator:Aqua","floor":29},{"not_picked":["animator:Tet","animator:Mitsurugi"],"picked":"animator:SilverFang","floor":35},{"not_picked":["animator:Mikaela","animator:Viivi+1"],"picked":"animator:Hakurou","floor":36},{"not_picked":["animator:Emonzaemon","animator:TukaLunaMarceau"],"picked":"animator:Shigure+1","floor":37}],"player_experience":766184,"relics_obtained":[{"floor":6,"key":"Oddly Smooth Stone"},{"floor":8,"key":"Bronze Scales"},{"floor":9,"key":"Darkstone Periapt"},{"floor":25,"key":"InkBottle"},{"floor":26,"key":"Paper Crane"},{"floor":27,"key":"Eternal Feather"}],"event_choices":[{"damage_healed":0,"gold_gain":0,"player_choice":"Gave Potion","damage_taken":0,"relics_obtained":["animator:BattleDrones"],"max_hp_gain":0,"max_hp_loss":0,"event_name":"WeMeetAgain","floor":10,"gold_loss":0}],"is_beta":false,"boss_relics":[{"not_picked":["SacredBark","Fusion Hammer"],"picked":"Velvet Choker"},{"not_picked":["Cursed Key","animator:HolyGrailRelic"],"picked":"Coffee Dripper"}],"items_purged_floors":[19],"is_endless":false,"potions_floor_spawned":[4,6,18,21,29,31,36,37],"killed_by":"Transient","ascension_level":13}}