{"host":"y7sd46uq4xlni546","time":1609185258,"event":{"mods":["AchievementEnabler","BaseMod","Colored Map","Colored Powertips","Curses Come First","Filter the Spire","Minty Spire (QoL Compilation)","Quick Restart","Random Character Button","Rare Cards Sparkle","StSLib"],"gold_per_floor":[111,111,111,124,144,144,179,191,215,257,257,297,326,345,345,451,451,474,519,228,262,262,262,290,309,385,394,423,423,443,468,477,587,587,610,636,661,670,691,691,691],"floor_reached":40,"playtime":2434,"items_purged":[],"score":566,"play_id":"cb9ff4b6-25e2-448f-9066-b23a48f49e3b","local_time":"20201228205418","is_ascension_mode":true,"campfire_choices":[{"data":"Armaments","floor":6.0,"key":"SMITH"},{"floor":11.0,"key":"REST"},{"floor":15.0,"key":"REST"},{"floor":23,"key":"REST"},{"floor":27,"key":"REST"},{"floor":32,"key":"REST"}],"circlet_count":0,"master_deck":["Defend_R","Defend_R","Defend_R","Bash+1","Rampage","Body Slam","Sword Boomerang","Armaments+1","Rampage","Thunderclap","Rage","Reckless Charge","Flame Barrier","Clash","Double Tap","Intimidate+1","Bite","Bite","Bite","Bite","Bite","Shrug It Off","Power Through+1","Entrench+1","Blood for Blood+1","Heavy Blade+1","Juggernaut","Headbutt","Hemokinesis","Immolate","Infernal Blade","Shockwave+1","True Grit+1","The Bomb","Blood for Blood+1"],"relics":["Black Star","Happy Flower","CeramicFish","Matryoshka","Shuriken","Bottled Lightning","Bird Faced Urn","Snecko Eye","Eternal Feather","Red Mask","Bottled Flame","Dream Catcher","Akabeko","Mercury Hourglass","StrikeDummy","CaptainsWheel","Mark of Pain"],"acts_visited":["Exordium","TheCity","TheBeyond"],"potions_floor_usage":[16,21,30,31],"damage_taken":[{"damage":3.0,"enemies":"Jaw Worm","floor":1.0,"turns":4.0},{"damage":4.0,"enemies":"2 Louse","floor":4.0,"turns":3.0},{"damage":1.0,"enemies":"Cultist","floor":5.0,"turns":3.0},{"damage":16.0,"enemies":"Gremlin Nob","floor":7.0,"turns":3.0},{"damage":12.0,"enemies":"2 Fungi Beasts","floor":8.0,"turns":4.0},{"damage":37.0,"enemies":"3 Sentries","floor":10.0,"turns":7.0},{"damage":17.0,"enemies":"Lagavulin","floor":12.0,"turns":5.0},{"damage":7.0,"enemies":"Large Slime","floor":13.0,"turns":4.0},{"damage":0.0,"enemies":"Gremlin Gang","floor":14.0,"turns":4.0},{"damage":20,"enemies":"The Guardian","floor":16,"turns":11},{"damage":55,"enemies":"3 Byrds","floor":18,"turns":5},{"damage":40,"enemies":"Masked Bandits","floor":21,"turns":10},{"damage":6,"enemies":"Shell Parasite","floor":24,"turns":5},{"damage":28,"enemies":"Snake Plant","floor":25,"turns":5},{"damage":52,"enemies":"Shelled Parasite and Fungi","floor":28,"turns":6},{"damage":1,"enemies":"Sentry and Sphere","floor":30,"turns":3},{"damage":11,"enemies":"Slavers","floor":31,"turns":4},{"damage":51,"enemies":"Champ","floor":33,"turns":9},{"damage":0,"enemies":"3 Shapes","floor":35,"turns":3},{"damage":14,"enemies":"Orb Walker","floor":36,"turns":3},{"damage":22,"enemies":"Sphere and 2 Shapes","floor":37,"turns":3},{"damage":50,"enemies":"3 Darklings","floor":39,"turns":7},{"damage":19,"enemies":"Reptomancer","floor":40,"turns":2}],"seed_played":"-1265521223609595320","potions_obtained":[{"floor":5.0,"key":"Fire Potion"},{"floor":10.0,"key":"EssenceOfSteel"},{"floor":13.0,"key":"HeartOfIron"},{"floor":14.0,"key":"Dexterity Potion"},{"floor":18,"key":"HeartOfIron"},{"floor":28,"key":"Fire Potion"},{"floor":30,"key":"ElixirPotion"},{"floor":36,"key":"Ancient Potion"},{"floor":39,"key":"FearPotion"}],"is_trial":false,"path_per_floor":["M","?","?","M","M","R","E","M","T","E","R","E","M","M","R","B",null,"M","?","$","?","?","R","M","M","T","R","M","T","M","E","R","B",null,"M","M","M","?","M","E"],"character_chosen":"IRONCLAD","items_purchased":["Eternal Feather","Shrug It Off"],"campfire_rested":5,"item_purchase_floors":[20,20],"current_hp_per_floor":[77,77,77,73,72,72,56,46,46,11,35,20,15,17,41,23,80,25,25,25,14,14,50,48,30,30,69,28,28,33,28,67,36,80,80,66,51,51,13,0,0],"gold":691,"neow_bonus":"BOSS_RELIC","is_daily":false,"chose_seed":false,"campfire_upgraded":1,"win_rate":0.0,"timestamp":1609185258,"path_taken":["M","?","?","?","M","R","E","M","T","E","R","E","M","M","R","BOSS","M","?","$","?","?","R","M","?","T","R","M","?","M","E","R","BOSS","M","M","M","?","M","E"],"items_purchased_type":["Relic","Card"],"build_version":"2020-12-22","purchased_purges":0,"victory":false,"max_hp_per_floor":[80,80,80,80,80,80,80,80,80,80,80,80,80,80,80,80,80,80,80,80,80,80,80,80,80,80,80,80,80,80,80,80,80,80,80,80,80,80,80,80,80],"card_choices":[{"not_picked":["Warcry","Sword Boomerang"],"picked":"Rampage","floor":1.0},{"not_picked":["Flex","Havoc"],"picked":"Sword Boomerang","floor":4.0},{"not_picked":["Bloodletting","Clash"],"picked":"Armaments","floor":5.0},{"not_picked":["Armaments","Impervious"],"picked":"Rampage","floor":7.0},{"not_picked":["Iron Wave","Warcry"],"picked":"Thunderclap","floor":8.0},{"not_picked":["Anger","Warcry"],"picked":"Rage","floor":10.0},{"not_picked":["Iron Wave","Shockwave"],"picked":"Reckless Charge","floor":12.0},{"not_picked":["Pommel Strike","Battle Trance"],"picked":"Flame Barrier","floor":13.0},{"not_picked":["Heavy Blade","Perfected Strike"],"picked":"Clash","floor":14.0},{"not_picked":["Berserk","Limit Break"],"picked":"Double Tap","floor":16},{"not_picked":["Warcry","Dropkick"],"picked":"Intimidate+1","floor":18},{"not_picked":["Warcry","Pommel Strike"],"picked":"Power Through+1","floor":21},{"not_picked":["Sword Boomerang","Fire Breathing"],"picked":"Entrench+1","floor":24},{"not_picked":["Thunderclap","Iron Wave"],"picked":"Blood for Blood+1","floor":25},{"not_picked":["Headbutt+1","Sentinel"],"picked":"Heavy Blade+1","floor":27},{"not_picked":["Shockwave","Shrug It Off"],"picked":"Juggernaut","floor":28},{"not_picked":["Blood for Blood","Thunderclap+1"],"picked":"Headbutt","floor":30},{"not_picked":["Power Through","Perfected Strike","Rupture"],"picked":"SKIP","floor":31},{"not_picked":["Evolve","Iron Wave"],"picked":"Hemokinesis","floor":32},{"not_picked":["Corruption","Double Tap"],"picked":"Immolate","floor":33},{"not_picked":["Twin Strike","Entrench+1"],"picked":"Infernal Blade","floor":35},{"not_picked":["Reckless Charge","Flex"],"picked":"Shockwave+1","floor":36},{"not_picked":["Havoc","Power Through+1"],"picked":"True Grit+1","floor":37},{"not_picked":["Madness","Dark Shackles"],"picked":"The Bomb","floor":38},{"not_picked":["Clothesline","Sword Boomerang+1"],"picked":"Blood for Blood+1","floor":39}],"player_experience":527097,"relics_obtained":[{"floor":7.0,"key":"Happy Flower"},{"floor":7.0,"key":"Blood Vial"},{"floor":9.0,"key":"CeramicFish"},{"floor":10.0,"key":"Matryoshka"},{"floor":10.0,"key":"Shuriken"},{"floor":12.0,"key":"Bottled Lightning"},{"floor":12.0,"key":"Bird Faced Urn"},{"floor":21,"key":"Red Mask"},{"floor":26,"key":"Bottled Flame"},{"floor":26,"key":"Dream Catcher"},{"floor":29,"key":"Akabeko"},{"floor":29,"key":"Mercury Hourglass"},{"floor":31,"key":"StrikeDummy"},{"floor":31,"key":"CaptainsWheel"}],"event_choices":[{"damage_healed":0.0,"max_hp_gain":0.0,"max_hp_loss":0.0,"gold_gain":0.0,"event_name":"Living Wall","player_choice":"Grow","floor":2.0,"gold_loss":0.0,"damage_taken":0.0,"cards_upgraded":["Bash"]},{"damage_healed":0.0,"max_hp_gain":0.0,"max_hp_loss":0.0,"gold_gain":0.0,"cards_transformed":["Strike_R"],"event_name":"Transmorgrifier","player_choice":"Transformed","floor":3.0,"gold_loss":0.0,"damage_taken":0.0,"cards_obtained":["Body Slam"]},{"damage_healed":0,"gold_gain":0,"player_choice":"Became a vampire (Vial)","damage_taken":0,"max_hp_gain":0,"max_hp_loss":0,"event_name":"Vampires","floor":19,"relics_lost":["Blood Vial"],"gold_loss":0,"cards_obtained":["Bite","Bite","Bite","Bite","Bite"]},{"damage_healed":0,"gold_gain":0,"player_choice":"Fought Bandits","damage_taken":0,"max_hp_gain":0,"max_hp_loss":0,"event_name":"Masked Bandits","floor":21,"gold_loss":0},{"cards_removed":["Defend_R"],"damage_healed":0,"gold_gain":0,"player_choice":"Offered Basic","damage_taken":0,"max_hp_gain":0,"max_hp_loss":0,"event_name":"Bonfire Elementals","floor":22,"gold_loss":0},{"damage_healed":0,"gold_gain":0,"player_choice":"Memory 1","damage_taken":0,"max_hp_gain":0,"max_hp_loss":0,"event_name":"SensoryStone","floor":38,"gold_loss":0}],"is_beta":false,"boss_relics":[{"not_picked":["Pandora\u0027s Box","Cursed Key"],"picked":"Snecko Eye"},{"not_picked":["SacredBark","Coffee Dripper"],"picked":"Mark of Pain"}],"items_purged_floors":[],"is_endless":false,"potions_floor_spawned":[5,10,13,14,18,28,30,36,39],"killed_by":"Reptomancer","ascension_level":4}}