{"host":"98zq812qbocdqs0d","time":1609181475,"event":{"mods":["BaseMod","GifTheSpireLib","Minty Spire (QoL Compilation)","Replay The Spire","StSLib","The Cursed","The Hierophant"],"gold_per_floor":[362,380,390,565,37,37,48,59,84,97,97,97,108,139,139,236,236,253,253,253],"floor_reached":19,"playtime":3377,"items_purged":["Normality"],"score":257,"play_id":"d26c2c21-aa4d-4c0c-aae7-c5afc7796f46","local_time":"20201228195115","is_ascension_mode":true,"campfire_choices":[{"data":"Inflame","floor":6,"key":"SMITH"},{"data":"Clothesline","floor":11,"key":"SMITH"},{"floor":15,"key":"REST"}],"circlet_count":0,"master_deck":["AscendersBane","Strike_R","Strike_R","Strike_R","Strike_R","Strike_R","Defend_R","Defend_R","Defend_R","Defend_R","Bash","Inflame+1","Spot Weakness","Doubt","Clothesline+1","Cleave","Replay:Undeath\u0027s Touch"],"relics":["Burning Blood","Vajra","Sling","Lantern","Happy Flower","PreservedInsect","SlaversCollar"],"acts_visited":["Exordium","TheCity"],"potions_floor_usage":[8,10,16,16,16],"damage_taken":[{"damage":0,"enemies":"Small Slimes","floor":1,"turns":3},{"damage":12,"enemies":"2 Louse","floor":2,"turns":3},{"damage":11,"enemies":"Jaw Worm","floor":3,"turns":4},{"damage":6,"enemies":"Looter","floor":7,"turns":2},{"damage":9,"enemies":"Gremlin Gang","floor":8,"turns":5},{"damage":16,"enemies":"Blue Slaver","floor":10,"turns":3},{"damage":14,"enemies":"3 Louse","floor":13,"turns":4},{"damage":6,"enemies":"Gremlin Nob","floor":14,"turns":3},{"damage":31,"enemies":"Hexaghost","floor":16,"turns":7},{"damage":47,"enemies":"2 Thieves","floor":18,"turns":5},{"damage":38,"enemies":"3 Byrds","floor":19,"turns":5}],"seed_played":"-7492699935991929887","potions_obtained":[{"floor":2,"key":"BloodPotion"},{"floor":3,"key":"BloodPotion"},{"floor":7,"key":"Flashbang"},{"floor":8,"key":"PowerPotion"},{"floor":13,"key":"HeartOfIron"},{"floor":18,"key":"BlessingOfTheForge"}],"is_trial":false,"path_per_floor":["M","M","M","?","$","R","M","M","T","M","R","$","M","E","R","B",null,"M","M"],"character_chosen":"IRONCLAD","items_purchased":["Vajra","Sling","Lantern"],"campfire_rested":1,"item_purchase_floors":[5,5,5],"current_hp_per_floor":[78,72,67,67,67,67,67,64,64,70,70,70,62,62,80,71,78,37,0,0],"gold":253,"neow_bonus":"TWO_FIFTY_GOLD","is_daily":false,"chose_seed":false,"campfire_upgraded":2,"win_rate":0.0,"timestamp":1609181475,"path_taken":["M","M","M","?","$","R","M","M","T","M","R","$","M","E","R","BOSS","M","M"],"items_purchased_type":["Relic","Relic","Relic"],"build_version":"2020-12-22","purchased_purges":1,"victory":false,"max_hp_per_floor":[80,80,80,80,80,80,80,80,80,80,80,80,80,80,80,80,80,80,80,80],"card_choices":[{"not_picked":["Havoc","Feel No Pain","Sentinel"],"picked":"SKIP","floor":1},{"not_picked":["ReplayTheSpireMod:Limb From Limb","Evolve"],"picked":"Inflame","floor":2},{"not_picked":["Flame Barrier","Clothesline"],"picked":"Spot Weakness","floor":3},{"not_picked":["Body Slam","Havoc","Fire Breathing"],"picked":"SKIP","floor":7},{"not_picked":["Body Slam","Armaments","Fire Breathing"],"picked":"SKIP","floor":8},{"not_picked":["Fire Breathing","Anger"],"picked":"Clothesline","floor":10},{"not_picked":["Clothesline","Headbutt"],"picked":"Cleave","floor":13},{"not_picked":["ReplayTheSpireMod:LeadingStrike","Dropkick","Clothesline"],"picked":"SKIP","floor":14},{"not_picked":["Wild Strike","Second Wind"],"picked":"Replay:Undeath\u0027s Touch","floor":18}],"player_experience":873053,"relics_obtained":[{"floor":9,"key":"Happy Flower"},{"floor":14,"key":"PreservedInsect"}],"event_choices":[{"damage_healed":0,"gold_gain":175,"player_choice":"AGREE","damage_taken":0,"max_hp_gain":0,"max_hp_loss":0,"event_name":"Liars Game","floor":4,"gold_loss":0,"cards_obtained":["Doubt"]}],"is_beta":false,"boss_relics":[{"not_picked":["Painkiller Herb","Electric Blood"],"picked":"SlaversCollar"}],"items_purged_floors":[5],"is_endless":false,"potions_floor_spawned":[2,3,7,8,13,18],"killed_by":"3 Byrds","ascension_level":10}}