{"host":"6r341r9cz00j2qc1","time":1609186624,"event":{"mods":["BaseMod","Better Third Choice","Downfall","GungeonMod","Hermit","Lobotomy","LobotomyExtend","Minty Spire (QoL Compilation)","Shop Mod","StSLib"],"gold_per_floor":[119,134,150,325,337,337,349,349,349,361,373,385,397,440,452,464,464],"floor_reached":16,"playtime":890,"items_purged":[],"score":100,"play_id":"68b018c9-7ac9-46ca-a87b-4d92efb9215b","local_time":"20201228211704","is_ascension_mode":false,"campfire_choices":[{"floor":6,"key":"REST"},{"data":"hermit:CursedWeapon","floor":8,"key":"SMITH"},{"floor":13,"key":"REST"},{"data":"hermit:DeadMansHand","floor":15,"key":"SMITH"}],"circlet_count":0,"master_deck":["hermit:Strike_Hermit","hermit:Strike_Hermit","hermit:Strike_Hermit","hermit:Strike_Hermit","hermit:Defend_Hermit","hermit:Defend_Hermit","hermit:Defend_Hermit","hermit:Defend_Hermit","hermit:Snapshot","hermit:Covet","hermit:Grudge","CherryBlossoms","hermit:CursedWeapon+1","MHz","Doubt","Wellcheers","hermit:Misfire","Scorched","hermit:SprayPray","Bloodbath","hermit:DeadMansHand+1"],"relics":["hermit:Momento","CogitoBucket","LetterFromLob","MawBank","DemoMod:WhiteGuonStone","Blood Vial","DemoMod:MonsterBlood","hermit:RedScarf"],"acts_visited":["Exordium"],"potions_floor_usage":[16,16,16],"damage_taken":[{"damage":1,"enemies":"Cultist","floor":1,"turns":3},{"damage":0,"enemies":"Small Slimes","floor":2,"turns":2},{"damage":3,"enemies":"2 Louse","floor":3,"turns":2},{"damage":23,"enemies":"Exordium Wildlife","floor":5,"turns":4},{"damage":13,"enemies":"Lots of Slimes","floor":7,"turns":4},{"damage":28,"enemies":"Lagavulin","floor":14,"turns":5},{"damage":58,"enemies":"Hexaghost","floor":16,"turns":4}],"seed_played":"-665261661305400538","potions_obtained":[{"floor":2,"key":"Dexterity Potion"},{"floor":3,"key":"AttackPotion"}],"is_trial":false,"path_per_floor":["M","M","M","?","M","R","M","R","T","?","$","T","R","E","R","B"],"character_chosen":"HERMIT","items_purchased":[],"campfire_rested":2,"item_purchase_floors":[],"current_hp_per_floor":[74,74,71,71,48,70,57,57,57,47,47,54,78,52,52,0,0],"gold":464,"neow_bonus":"","is_daily":false,"chose_seed":false,"campfire_upgraded":2,"win_rate":0.0,"timestamp":1609186624,"path_taken":["M","M","?","?","M","R","M","R","T","?","$","?","R","E","R","BOSS"],"items_purchased_type":[],"build_version":"2020-12-22","purchased_purges":0,"victory":false,"max_hp_per_floor":[75,75,75,75,75,75,75,75,75,75,75,82,82,82,82,82,82],"card_choices":[{"not_picked":["UniverseFragment","DespairKnight","GalaxyChild"],"picked":"Singing Bowl","floor":1},{"not_picked":["hermit:Coalescence","hermit:Manifest"],"picked":"hermit:Grudge","floor":1},{"not_picked":["Woodsman","ShyLook"],"picked":"CherryBlossoms","floor":2},{"not_picked":["hermit:LowProfile","hermit:Manifest"],"picked":"hermit:CursedWeapon","floor":2},{"not_picked":["FieryBird","Yin"],"picked":"MHz","floor":3},{"not_picked":["hermit:HoleUp","hermit:WideOpen","hermit:Shortfuse"],"picked":"SKIP","floor":3},{"not_picked":["RedShoes","SpiderBud"],"picked":"Wellcheers","floor":5},{"not_picked":["hermit:Adapt","hermit:Vantage"],"picked":"hermit:Misfire","floor":5},{"not_picked":["WallGazer","SnowQueen","BeautyBeast"],"picked":"Singing Bowl","floor":7},{"not_picked":["BeautyBeast","SpiderBud"],"picked":"Scorched","floor":7},{"not_picked":["hermit:BodyArmor","hermit:LowProfile"],"picked":"hermit:SprayPray","floor":7},{"not_picked":["UniverseFragment","QueenOfHatred"],"picked":"Bloodbath","floor":14},{"not_picked":["hermit:FlashPowder","hermit:HoleUp"],"picked":"hermit:DeadMansHand","floor":14}],"player_experience":427567,"relics_obtained":[{"floor":1,"key":"LetterFromLob"},{"floor":9,"key":"MawBank"},{"floor":12,"key":"DemoMod:MonsterBlood"},{"floor":14,"key":"hermit:RedScarf"}],"event_choices":[{"damage_healed":0,"gold_gain":175,"player_choice":"AGREE","damage_taken":150,"max_hp_gain":0,"max_hp_loss":0,"event_name":"betterThird:BetterSerpent","floor":4,"gold_loss":0},{"damage_healed":0,"gold_gain":1,"player_choice":"Relic Relic ","damage_taken":10,"max_hp_gain":0,"max_hp_loss":0,"event_name":"betterThird:BetterScrap","floor":10,"gold_loss":0,"cards_obtained":["A Thousand Cuts"]}],"is_beta":false,"boss_relics":[],"items_purged_floors":[],"is_endless":false,"potions_floor_spawned":[2,3],"killed_by":"Hexaghost","ascension_level":0}}