{"host":"dfw6edahkz448cbz","time":1609198915,"event":{"mods":["BaseMod","Better Silent Start","Block Reminder","Gold Saver","Minty Spire (QoL Compilation)","StSLib","everything is the same but u backflip on backflip"],"gold_per_floor":[794,810,810,547,722,758,167,190,217,217,235,250,250,284,284,404,404,418,418,418,418,418],"floor_reached":21,"playtime":578,"items_purged":["Strike_G","Doubt"],"score":343,"play_id":"b00bcd37-d51b-4de0-8888-719900b3cf1a","local_time":"20201228164155","is_ascension_mode":true,"campfire_choices":[{"data":"Noxious Fumes","floor":13.0,"key":"SMITH"},{"floor":15.0,"key":"REST"}],"circlet_count":0,"master_deck":["AscendersBane","Strike_G","Strike_G","Defend_G","Defend_G","Defend_G","Defend_G","Survivor","Neutralize","Backstab","Noxious Fumes+1","Dash","Flechettes","Backflip","Bouncing Flask","Footwork","Deadly Poison","Burst","Ghostly","Ghostly","Ghostly","Ghostly","Ghostly"],"relics":["Ring of the Snake","NeowsBlessing","Bloody Idol","Snake Skull","StoneCalendar","Bronze Scales","Boot","Shuriken","Snecko Eye"],"acts_visited":["Exordium","TheCity"],"potions_floor_usage":[],"damage_taken":[{"damage":0.0,"enemies":"Small Slimes","floor":1.0,"turns":1.0},{"damage":0.0,"enemies":"Jaw Worm","floor":2.0,"turns":1.0},{"damage":0.0,"enemies":"3 Sentries","floor":6.0,"turns":2.0},{"damage":3.0,"enemies":"2 Louse","floor":8.0,"turns":2.0},{"damage":22.0,"enemies":"Exordium Thugs","floor":11.0,"turns":4.0},{"damage":6.0,"enemies":"2 Fungi Beasts","floor":12.0,"turns":4.0},{"damage":7.0,"enemies":"Lagavulin","floor":14.0,"turns":4.0},{"damage":31.0,"enemies":"The Guardian","floor":16.0,"turns":9.0},{"damage":10.0,"enemies":"Shell Parasite","floor":18.0,"turns":4.0},{"damage":0,"enemies":"Spheric Guardian","floor":21,"turns":1}],"seed_played":"8377791323724408870","potions_obtained":[{"floor":1.0,"key":"LiquidMemories"},{"floor":8.0,"key":"SkillPotion"},{"floor":12.0,"key":"Fire Potion"},{"floor":14.0,"key":"SmokeBomb"},{"floor":18.0,"key":"Strength Potion"}],"is_trial":false,"path_per_floor":["M","M","?","$","?","E","$","M","T","?","M","M","R","E","R","B",null,"M","?","?","M"],"character_chosen":"THE_SILENT","items_purchased":["Noxious Fumes","Dash","Flechettes","StoneCalendar","Bronze Scales","Bouncing Flask"],"campfire_rested":1,"item_purchase_floors":[4,4,4,7,7,7],"current_hp_per_floor":[63,63,63,63,63,63,63,60,60,53,31,25,25,18,37,6,50,40,32,32,32,32],"gold":418,"neow_bonus":"THREE_ENEMY_KILL","is_daily":false,"chose_seed":false,"campfire_upgraded":1,"win_rate":0.0,"timestamp":1609198915,"path_taken":["M","M","?","$","?","E","$","M","T","?","M","M","R","E","R","BOSS","M","?","?","?"],"items_purchased_type":["Card","Card","Card","Relic","Relic","Card"],"build_version":"2020-12-22","purchased_purges":2,"victory":false,"max_hp_per_floor":[70,70,65,65,65,65,65,65,65,65,65,65,65,65,65,65,65,65,32,32,32,32],"card_choices":[{"not_picked":["Accuracy","Bane","Crippling Poison"],"picked":"SKIP","floor":1.0},{"not_picked":["Prepared","Calculated Gamble"],"picked":"Backstab","floor":2.0},{"not_picked":["Blade Dance","Concentrate"],"picked":"Backflip","floor":6.0},{"not_picked":["Backflip","Dagger Throw"],"picked":"Footwork","floor":8.0},{"not_picked":["Sucker Punch","PiercingWail"],"picked":"Deadly Poison","floor":11.0},{"not_picked":["Acrobatics","Quick Slash","Flechettes"],"picked":"SKIP","floor":12.0},{"not_picked":["Reflex","Blade Dance","Outmaneuver"],"picked":"SKIP","floor":14.0},{"not_picked":["Adrenaline","Venomology"],"picked":"Burst","floor":16.0},{"not_picked":["Blade Dance","Concentrate+1","Dagger Throw"],"picked":"SKIP","floor":18.0}],"player_experience":140449,"relics_obtained":[{"floor":6.0,"key":"Snake Skull"},{"floor":9.0,"key":"Boot"},{"floor":14.0,"key":"Shuriken"}],"event_choices":[{"damage_healed":0.0,"max_hp_gain":0.0,"max_hp_loss":5.0,"gold_gain":0.0,"event_name":"Golden Idol","player_choice":"Lose Max HP","floor":3.0,"gold_loss":0.0,"damage_taken":0.0,"relics_obtained":["Golden Idol"]},{"damage_healed":0.0,"max_hp_gain":0.0,"max_hp_loss":0.0,"gold_gain":175.0,"event_name":"Liars Game","player_choice":"AGREE","floor":5.0,"gold_loss":0.0,"damage_taken":0.0,"cards_obtained":["Doubt"]},{"cards_removed":["Strike_G"],"damage_healed":0.0,"max_hp_gain":0.0,"max_hp_loss":0.0,"gold_gain":0.0,"event_name":"Golden Wing","player_choice":"Card Removal","floor":10.0,"gold_loss":0.0,"damage_taken":7.0},{"damage_healed":0.0,"max_hp_gain":0.0,"max_hp_loss":33.0,"gold_gain":0.0,"event_name":"Ghosts","player_choice":"Became a Ghost","floor":19.0,"gold_loss":0.0,"damage_taken":0.0,"cards_obtained":["Ghostly","Ghostly","Ghostly","Ghostly","Ghostly"]},{"damage_healed":0.0,"max_hp_gain":0.0,"max_hp_loss":0.0,"gold_gain":0.0,"event_name":"Forgotten Altar","player_choice":"Gave Idol","floor":20.0,"relics_lost":["Golden Idol"],"gold_loss":0.0,"damage_taken":0.0,"relics_obtained":["Bloody Idol"]}],"is_beta":false,"boss_relics":[{"not_picked":["Philosopher\u0027s Stone","HoveringKite"],"picked":"Snecko Eye"}],"items_purged_floors":[4,7],"is_endless":false,"potions_floor_spawned":[1,8,12,14,18],"killed_by":"Spheric Guardian","ascension_level":10}}