{"host":"avjwtc49fhlk6kym","time":1609197613,"event":{"mods":["AchievementEnabler","BaseMod","Better Match","Better Note","Better Third Choice","Colored Map","Colored Powertips","Displayed Cursed Tome","Highlight Path","Minty Spire (QoL Compilation)","Permanent Neow","Quick Restart","StSLib"],"gold_per_floor":[110,60,12,31,42,42,60,60,60,60,60,60,79,5,5,136,136,159,159,172,172,193,193,193],"floor_reached":23,"playtime":952,"items_purged":[],"score":181,"play_id":"9a06c999-b6f1-4636-9c83-76bb41be0ad7","local_time":"20201228182013","is_ascension_mode":false,"campfire_choices":[{"data":"FollowUp","floor":6.0,"key":"SMITH"},{"data":"Sanctity","floor":8.0,"key":"SMITH"},{"data":"Defend_P","floor":12.0,"key":"SMITH"},{"data":"BattleHymn","floor":15,"key":"SMITH"}],"circlet_count":0,"master_deck":["Strike_P","Strike_P+1","Strike_P","Strike_P","Defend_P+1","Defend_P+1","Defend_P","Defend_P","Eruption+1","Vigilance","LessonLearned+1","Consecrate+1","FollowUp+1","Sanctity+1","PathToVictory","Conclude","Injury","ConjureBlade+1","BattleHymn+1","Scrawl","PathToVictory","FlurryOfBlows","LikeWater"],"relics":["HolyWater","Eternal Feather","Golden Idol","StrikeDummy"],"acts_visited":["Exordium","TheCity"],"potions_floor_usage":[13,13],"damage_taken":[{"damage":1.0,"enemies":"Small Slimes","floor":1.0,"turns":2.0},{"damage":1.0,"enemies":"Jaw Worm","floor":4.0,"turns":5.0},{"damage":1.0,"enemies":"2 Louse","floor":5.0,"turns":2.0},{"damage":2.0,"enemies":"Looter","floor":7.0,"turns":3.0},{"damage":3,"enemies":"Red Slaver","floor":13,"turns":2},{"damage":71,"enemies":"The Guardian","floor":16,"turns":12},{"damage":2,"enemies":"Chosen","floor":18,"turns":3},{"damage":17,"enemies":"Shell Parasite","floor":20,"turns":5},{"damage":36,"enemies":"Centurion and Healer","floor":22,"turns":4},{"damage":21,"enemies":"Book of Stabbing","floor":23,"turns":1}],"seed_played":"1378297050272114218","potions_obtained":[{"floor":5.0,"key":"ColorlessPotion"},{"floor":7.0,"key":"SpeedPotion"}],"is_trial":false,"path_per_floor":["M","?","$","M","M","R","M","R","T","?","T","R","M","$","R","B",null,"M","?","M","?","M","E"],"character_chosen":"WATCHER","items_purchased":["FollowUp","BattleHymn"],"campfire_rested":0,"item_purchase_floors":[3,14],"current_hp_per_floor":[71,71,71,70,69,69,67,67,67,67,67,72,69,69,72,1,72,70,63,46,46,10,0,0],"gold":193,"neow_bonus":"THREE_RARE_CARDS","is_daily":false,"chose_seed":false,"campfire_upgraded":4,"win_rate":0.0,"timestamp":1609197613,"path_taken":["M","?","$","M","M","R","M","R","T","?","?","R","M","$","R","BOSS","M","?","M","?","?","E"],"items_purchased_type":["Card","Card"],"build_version":"2020-12-22","purchased_purges":0,"victory":false,"max_hp_per_floor":[72,72,72,72,72,72,72,72,72,72,72,72,72,72,72,72,72,72,72,72,72,72,72,72],"card_choices":[{"not_picked":["Alpha","DeusExMachina"],"picked":"LessonLearned","floor":0.0},{"not_picked":["FlyingSleeves","FollowUp"],"picked":"Consecrate","floor":1.0},{"not_picked":["Evaluate","Swivel"],"picked":"Sanctity","floor":4.0},{"not_picked":["Prostrate","MentalFortress"],"picked":"PathToVictory","floor":5.0},{"not_picked":["Crescendo","ClearTheMind"],"picked":"Conclude","floor":7.0},{"not_picked":["Consecrate","Halt"],"picked":"ConjureBlade","floor":13},{"not_picked":["LessonLearned","SpiritShield"],"picked":"Scrawl","floor":16},{"not_picked":["BowlingBash+1","Worship"],"picked":"PathToVictory","floor":18},{"not_picked":["Vengeance","TalkToTheHand"],"picked":"FlurryOfBlows","floor":20},{"not_picked":["PathToVictory","WheelKick"],"picked":"LikeWater","floor":22}],"player_experience":354298,"relics_obtained":[{"floor":9.0,"key":"Eternal Feather"},{"floor":11.0,"key":"StrikeDummy"}],"event_choices":[{"cards_removed":["Pain"],"damage_healed":0.0,"max_hp_gain":0.0,"max_hp_loss":0.0,"gold_gain":0.0,"event_name":"The Cleric","player_choice":"Card Removal","floor":2.0,"gold_loss":50.0,"damage_taken":0.0},{"damage_healed":0.0,"max_hp_gain":0.0,"max_hp_loss":0.0,"gold_gain":0.0,"event_name":"Golden Idol","player_choice":"Take Wound","floor":10.0,"gold_loss":0.0,"damage_taken":0.0,"relics_obtained":["Golden Idol"],"cards_obtained":["Injury"]},{"damage_healed":0,"gold_gain":0,"player_choice":"Damaged","damage_taken":7,"max_hp_gain":0,"max_hp_loss":0,"event_name":"Wheel of Change","floor":19,"gold_loss":0},{"cards_removed":["Strike_P"],"damage_healed":0,"gold_gain":0,"player_choice":"Give","damage_taken":0,"max_hp_gain":0,"max_hp_loss":0,"event_name":"betterNote:BetterNote","floor":21,"gold_loss":0,"cards_obtained":["Strike_P"]}],"is_beta":false,"boss_relics":[{"not_picked":["Coffee Dripper","SacredBark"],"picked":"HolyWater"}],"items_purged_floors":[],"is_endless":false,"potions_floor_spawned":[5,7],"killed_by":"Book of Stabbing","ascension_level":0}}