{"host":"grli52lbdph2722t","time":1609179243,"event":{"mods":["AchievementEnabler","BaseMod","Downfall","Minty Spire (QoL Compilation)","Quick Restart","StSLib"],"gold_per_floor":[99,99,99,99,99,126,126,126,154,174,16,30,30,49,67,67,67,67],"floor_reached":16,"playtime":561,"items_purged":[],"score":200,"play_id":"22a37688-601d-46e3-a257-d1d7eed0205c","local_time":"20201228191403","is_ascension_mode":true,"campfire_choices":[{"data":"champ:Taunt","floor":1,"key":"SMITH"},{"data":"champ:Improvising","floor":13,"key":"SMITH"}],"circlet_count":0,"master_deck":["AscendersBane","champ:Strike","champ:Strike","champ:Strike+1","champ:Defend","champ:Defend","champ:Defend","champ:Defend","champ:Execute","champ:Taunt+1","champ:BladeFlurry+1","champ:Backstep","champ:Improvising+1","champ:ShieldThrow","champ:DefensiveShout","champ:EnGarde","champ:EndlessRage","champ:Riposte","champ:ShieldWall"],"relics":["champ:ChampionCrown","downfall:HeartsMalice","champ:DefensiveTrainingManual","Regal Pillow","Pantograph","Whetstone","PreservedInsect"],"acts_visited":["Exordium"],"potions_floor_usage":[16,16],"damage_taken":[{"damage":0,"enemies":"2 Louse","floor":2,"turns":1},{"damage":0,"enemies":"Small Slimes","floor":5,"turns":1},{"damage":0,"enemies":"Gremlin Nob","floor":6,"turns":1},{"damage":32,"enemies":"3 Sentries","floor":9,"turns":13},{"damage":0,"enemies":"Cultist","floor":10,"turns":3},{"damage":0,"enemies":"downfall:FleeingMerchant","floor":11,"turns":4},{"damage":23,"enemies":"2 Fungi Beasts","floor":12,"turns":4},{"damage":16,"enemies":"Blue Slaver","floor":14,"turns":4},{"damage":13,"enemies":"Exordium Wildlife","floor":15,"turns":3},{"damage":52,"enemies":"downfall:Ironclad","floor":16,"turns":5}],"seed_played":"1817286812809939327","potions_obtained":[{"floor":9,"key":"Block Potion"},{"floor":10,"key":"Dexterity Potion"},{"floor":12,"key":"SkillPotion"}],"is_trial":false,"path_per_floor":["R","M","?","?","M","E","T","?","E","M","$","M","R","M","M","B"],"character_chosen":"THE_CHAMP","items_purchased":["PreservedInsect"],"campfire_rested":0,"item_purchase_floors":[11],"current_hp_per_floor":[81,81,81,81,81,81,81,81,64,64,64,46,46,35,27,0,0,0],"gold":67,"neow_bonus":"THREE_ENEMY_KILL","is_daily":false,"chose_seed":false,"campfire_upgraded":2,"win_rate":0.0,"timestamp":1609179243,"path_taken":["R","M","?","?","M","E","T","?","E","M","$","?","R","M","M","BOSS"],"items_purchased_type":["Relic"],"build_version":"2020-12-22","purchased_purges":0,"victory":false,"max_hp_per_floor":[90,90,90,90,90,90,90,90,90,90,90,90,90,90,90,90,90,90],"card_choices":[{"not_picked":["champ:ShieldSigil","champ:FalseCounter"],"picked":"champ:BladeFlurry","floor":2},{"not_picked":["champ:Haymaker","champ:AdrenalArmor"],"picked":"champ:Backstep","floor":5},{"not_picked":["champ:Haymaker","champ:CrookedStrike"],"picked":"champ:Improvising","floor":6},{"not_picked":["champ:BerserkersShout","champ:AdrenalArmor"],"picked":"champ:ShieldThrow","floor":9},{"not_picked":["champ:Circumvent","champ:TornadoPunch"],"picked":"champ:DefensiveShout","floor":10},{"not_picked":["champ:FanOfKnives","champ:CrookedStrike"],"picked":"champ:EnGarde","floor":11},{"not_picked":["champ:RageSigil","champ:FalseCounter"],"picked":"champ:EndlessRage","floor":12},{"not_picked":["champ:GladiatorStyle","champ:Haymaker"],"picked":"champ:Riposte","floor":14},{"not_picked":["champ:Backstep","champ:Lariat"],"picked":"champ:ShieldWall","floor":15}],"player_experience":4897303,"relics_obtained":[{"floor":6,"key":"Regal Pillow"},{"floor":7,"key":"Pantograph"},{"floor":9,"key":"Whetstone"}],"event_choices":[{"damage_healed":0,"gold_gain":0,"player_choice":"Box","damage_taken":0,"relics_obtained":["champ:DefensiveTrainingManual"],"max_hp_gain":0,"max_hp_loss":0,"event_name":"Big Fish","floor":3,"gold_loss":0,"cards_obtained":["Regret"]},{"cards_removed":["Regret"],"damage_healed":0,"gold_gain":0,"player_choice":"Card Removal","damage_taken":0,"max_hp_gain":0,"max_hp_loss":0,"event_name":"The Cleric","floor":4,"gold_loss":0},{"cards_removed":["champ:Strike"],"damage_healed":0,"gold_gain":0,"player_choice":"Offered Basic","damage_taken":0,"max_hp_gain":0,"max_hp_loss":0,"event_name":"Bonfire Elementals","floor":8,"gold_loss":0}],"is_beta":false,"boss_relics":[],"items_purged_floors":[],"is_endless":false,"potions_floor_spawned":[9,10,12,15],"killed_by":"downfall:Ironclad","ascension_level":10}}