{"host":"szp1d6dso4pv7ddl","time":1609116601,"event":{"mods":["AchievementEnabler","Alarm Clock","BaseMod","Bestiary","Block Reminder","Colored Map","Colored Powertips","Curses Come First","Displayed Cursed Tome","Highlight Path","Minty Spire (QoL Compilation)","Permanent Neow","Quick Restart","Relic Sorter","Relic Stats","StSLib","Synergy Search"],"gold_per_floor":[113,113,113,33,44,44,59,59,140,158,158,183,200,211,211,285,285,302,227,18,18,36,36,48,48,48],"floor_reached":25,"playtime":836,"items_purged":[],"score":335,"play_id":"43cf47ac-a009-4420-bd9a-b38a65c7126d","local_time":"20201227165001","is_ascension_mode":true,"campfire_choices":[{"data":"Neutralize","floor":6.0,"key":"SMITH"},{"data":"Outmaneuver","floor":11.0,"key":"SMITH"},{"floor":15.0,"key":"REST"}],"circlet_count":0,"master_deck":["AscendersBane","Strike_G","Strike_G","Strike_G","Strike_G","Strike_G","Defend_G","Defend_G","Defend_G","Survivor","Neutralize+1","Dagger Spray","Masterful Stab","Backstab","Slice","Outmaneuver+1","Crippling Poison","Dagger Throw","After Image","Terror","A Thousand Cuts","Panache","Deflect","Shame","Footwork","Decay"],"relics":["Runic Pyramid","FaceOfCleric","Blue Candle","Potion Belt","Fusion Hammer","Torii"],"acts_visited":["Exordium","TheCity"],"potions_floor_usage":[],"damage_taken":[{"damage":0.0,"enemies":"Small Slimes","floor":1.0,"turns":3.0},{"damage":1.0,"enemies":"Jaw Worm","floor":5.0,"turns":2.0},{"damage":1.0,"enemies":"2 Louse","floor":7.0,"turns":2.0},{"damage":12.0,"enemies":"Exordium Thugs","floor":10.0,"turns":4.0},{"damage":25.0,"enemies":"Lagavulin","floor":12.0,"turns":6.0},{"damage":7.0,"enemies":"2 Fungi Beasts","floor":13.0,"turns":3.0},{"damage":23.0,"enemies":"Large Slime","floor":14.0,"turns":4.0},{"damage":5.0,"enemies":"Hexaghost","floor":16.0,"turns":10.0},{"damage":28,"enemies":"Spheric Guardian","floor":18,"turns":5},{"damage":19,"enemies":"2 Thieves","floor":22,"turns":4},{"damage":43,"enemies":"Shelled Parasite and Fungi","floor":24,"turns":6},{"damage":12,"enemies":"Centurion and Healer","floor":25,"turns":2}],"seed_played":"4473516208948652614","potions_obtained":[{"floor":1.0,"key":"LiquidMemories"},{"floor":7.0,"key":"DistilledChaos"},{"floor":14.0,"key":"FairyPotion"},{"floor":18,"key":"Dexterity Potion"}],"is_trial":false,"path_per_floor":["M","?","?","$","M","R","M","?","T","M","R","E","M","M","R","B",null,"M","?","$","?","M","?","M","M"],"character_chosen":"THE_SILENT","items_purchased":["Backstab","Panache","Deflect"],"campfire_rested":1,"item_purchase_floors":[4,20,20],"current_hp_per_floor":[63,68,68,68,67,67,66,66,66,55,55,31,25,3,26,22,66,39,39,39,39,21,21,8,0,0],"gold":48,"neow_bonus":"BOSS_RELIC","is_daily":false,"chose_seed":false,"campfire_upgraded":2,"win_rate":0.0,"timestamp":1609116601,"path_taken":["M","?","?","?","M","R","M","?","T","M","R","E","M","M","R","BOSS","M","?","$","?","M","?","?","M"],"items_purchased_type":["Card","Card","Card"],"build_version":"2020-12-22","purchased_purges":0,"victory":false,"max_hp_per_floor":[70,75,75,75,75,75,75,75,75,76,76,77,78,79,79,80,80,81,81,81,81,82,82,83,83,83],"relic_stats":{"FaceOfCleric":8,"Torii":6,"counters":[12,51],"Blue Candle":[3],"obtain_stats":[{"Potion Belt":12,"FaceOfCleric":8,"Torii":21,"Blue Candle":9,"Fusion Hammer":17,"Ring of the Snake":0,"Runic Pyramid":0},{"Potion Belt":5,"FaceOfCleric":3,"Torii":9,"Blue Candle":3,"Fusion Hammer":8,"Ring of the Snake":0,"Runic Pyramid":0},{"Potion Belt":17,"FaceOfCleric":7,"Torii":39,"Blue Candle":7,"Fusion Hammer":34,"Ring of the Snake":0,"Runic Pyramid":0}]},"card_choices":[{"not_picked":["Calculated Gamble","Blade Dance"],"picked":"Dagger Spray","floor":1.0},{"not_picked":["PiercingWail","Backflip"],"picked":"Slice","floor":5.0},{"not_picked":["Acrobatics","Heel Hook"],"picked":"Outmaneuver","floor":7.0},{"not_picked":["Bouncing Flask","Slice"],"picked":"Crippling Poison","floor":10.0},{"not_picked":["Calculated Gamble","Finisher"],"picked":"Dagger Throw","floor":12.0},{"not_picked":["Flying Knee","Noxious Fumes"],"picked":"After Image","floor":13.0},{"not_picked":["Accuracy","Masterful Stab"],"picked":"Terror","floor":14.0},{"not_picked":["Adrenaline","Die Die Die"],"picked":"A Thousand Cuts","floor":16.0},{"not_picked":["Acrobatics","Accuracy","Finisher"],"picked":"SKIP","floor":18},{"not_picked":["Setup","Skewer"],"picked":"Footwork","floor":22},{"not_picked":["Sucker Punch","Acrobatics","Infinite Blades"],"picked":"SKIP","floor":24}],"player_experience":1038626,"relics_obtained":[{"floor":9.0,"key":"Blue Candle"},{"floor":12.0,"key":"Potion Belt"}],"event_choices":[{"damage_healed":0.0,"max_hp_gain":5.0,"max_hp_loss":0.0,"gold_gain":0.0,"event_name":"Big Fish","player_choice":"Donut","floor":2.0,"gold_loss":0.0,"damage_taken":0.0},{"damage_healed":0.0,"max_hp_gain":0.0,"max_hp_loss":0.0,"gold_gain":0.0,"cards_transformed":["Defend_G"],"event_name":"Living Wall","player_choice":"Change","floor":3.0,"gold_loss":0.0,"damage_taken":0.0,"cards_obtained":["Masterful Stab"]},{"damage_healed":0.0,"max_hp_gain":0.0,"max_hp_loss":0.0,"gold_gain":0.0,"event_name":"FaceTrader","player_choice":"Trade","floor":8.0,"gold_loss":0.0,"damage_taken":0.0,"relics_obtained":["FaceOfCleric"]},{"cards_removed":["Defend_G"],"damage_healed":0,"gold_gain":0,"player_choice":"Gave Gold","damage_taken":0,"max_hp_gain":0,"max_hp_loss":0,"event_name":"Beggar","floor":19,"gold_loss":75},{"damage_healed":0,"gold_gain":0,"player_choice":"Stole Relic","damage_taken":0,"relics_obtained":["Torii"],"max_hp_gain":0,"max_hp_loss":0,"event_name":"Addict","floor":21,"gold_loss":0,"cards_obtained":["Shame"]},{"damage_healed":0,"gold_gain":0,"player_choice":"Smashed Altar","damage_taken":0,"max_hp_gain":0,"max_hp_loss":0,"event_name":"Forgotten Altar","floor":23,"gold_loss":0,"cards_obtained":["Decay"]}],"is_beta":false,"boss_relics":[{"not_picked":["SlaversCollar","Astrolabe"],"picked":"Fusion Hammer"}],"items_purged_floors":[],"is_endless":false,"potions_floor_spawned":[1,7,14,18],"killed_by":"Centurion and Healer","ascension_level":13}}