{"host":"r53pw7z744tg3fxg","time":1609183376,"event":{"mods":["AchievementEnabler","BaseMod","Colored Map","Colored Powertips","Highlight Path","Minty Spire (QoL Compilation)","Quick Restart","Transform Curses"],"gold_per_floor":[119,139,139,155,170,196,196,208,231,248,248,264,295,312,312,413,413,413,413,413,413,413,413],"floor_reached":22,"playtime":1049,"items_purged":[],"score":303,"play_id":"25406e8d-d02e-414e-aa5b-f4c4209802e9","local_time":"20201228122256","is_ascension_mode":true,"campfire_choices":[{"floor":7,"key":"REST"},{"floor":11,"key":"REST"},{"floor":15,"key":"REST"}],"circlet_count":0,"master_deck":["AscendersBane","Strike_P","Strike_P","Strike_P+1","Strike_P","Defend_P","Defend_P+1","Defend_P","Defend_P","Eruption","Vigilance","Evaluate+1","ClearTheMind+1","ThirdEye","CutThroughFate","EmptyBody","LessonLearned","PathToVictory","FlurryOfBlows+1","FearNoEvil","SpiritShield+1","Halt+1","SashWhip","WheelKick+1"],"relics":["PureWater","Blue Candle","Bag of Preparation","Omamori","Ectoplasm","MutagenicStrength"],"acts_visited":["Exordium","TheCity"],"potions_floor_usage":[6,8,14,16,20,22],"damage_taken":[{"damage":0,"enemies":"Cultist","floor":1,"turns":3},{"damage":7,"enemies":"Jaw Worm","floor":2,"turns":4},{"damage":1,"enemies":"2 Louse","floor":4,"turns":2},{"damage":11,"enemies":"Exordium Thugs","floor":5,"turns":4},{"damage":14,"enemies":"Gremlin Nob","floor":6,"turns":4},{"damage":13,"enemies":"2 Fungi Beasts","floor":8,"turns":4},{"damage":5,"enemies":"Exordium Wildlife","floor":10,"turns":3},{"damage":10,"enemies":"Exordium Thugs","floor":12,"turns":5},{"damage":35,"enemies":"Lagavulin","floor":13,"turns":8},{"damage":1,"enemies":"Looter","floor":14,"turns":2},{"damage":12,"enemies":"The Guardian","floor":16,"turns":9},{"damage":13,"enemies":"Spheric Guardian","floor":18,"turns":5},{"damage":21,"enemies":"Chosen","floor":20,"turns":8},{"damage":26,"enemies":"Sentry and Sphere","floor":21,"turns":8},{"damage":4,"enemies":"Centurion and Healer","floor":22,"turns":1}],"seed_played":"-5713477215846243287","potions_obtained":[{"floor":2,"key":"StancePotion"},{"floor":5,"key":"Weak Potion"},{"floor":13,"key":"DistilledChaos"},{"floor":14,"key":"PowerPotion"},{"floor":16,"key":"Dexterity Potion"},{"floor":21,"key":"Explosive Potion"}],"is_trial":false,"path_per_floor":["M","M","?","M","M","E","R","M","T","M","R","M","E","M","R","B",null,"M","?","M","M","M"],"character_chosen":"WATCHER","items_purchased":[],"campfire_rested":3,"item_purchase_floors":[],"current_hp_per_floor":[72,65,49,48,37,23,46,33,33,28,51,41,6,5,28,16,63,50,50,29,3,0,0],"gold":413,"neow_bonus":"TEN_PERCENT_HP_BONUS","is_daily":false,"chose_seed":false,"campfire_upgraded":0,"win_rate":0.0,"timestamp":1609183376,"path_taken":["M","M","?","M","M","E","R","M","T","M","R","M","E","M","R","BOSS","M","?","M","M","M"],"items_purchased_type":[],"build_version":"2020-12-22","purchased_purges":0,"victory":false,"max_hp_per_floor":[79,79,79,79,79,79,79,79,79,79,79,79,79,79,79,79,79,79,79,79,79,79,79],"card_choices":[{"not_picked":["EmptyFist","ClearTheMind"],"picked":"Evaluate","floor":1},{"not_picked":["CutThroughFate","Protect"],"picked":"ClearTheMind","floor":2},{"not_picked":["Protect","Perseverance"],"picked":"ThirdEye","floor":4},{"not_picked":["Weave","FlurryOfBlows"],"picked":"CutThroughFate","floor":5},{"not_picked":["WindmillStrike","Sanctity"],"picked":"EmptyBody","floor":6},{"not_picked":["Evaluate","FollowUp"],"picked":"LessonLearned","floor":8},{"not_picked":["CutThroughFate","EmptyFist"],"picked":"PathToVictory","floor":10},{"not_picked":["Adaptation","WreathOfFlame"],"picked":"FlurryOfBlows","floor":12},{"not_picked":["Wireheading","Prostrate"],"picked":"FearNoEvil","floor":13},{"not_picked":["EmptyMind","EmptyBody","Collect"],"picked":"SKIP","floor":14},{"not_picked":["MasterReality","LessonLearned"],"picked":"SpiritShield","floor":16},{"not_picked":["ThirdEye","EmptyFist+1"],"picked":"Halt+1","floor":18},{"not_picked":["Evaluate","FearNoEvil"],"picked":"SashWhip","floor":20},{"not_picked":["EmptyBody","CutThroughFate"],"picked":"WheelKick+1","floor":21}],"player_experience":1158396,"relics_obtained":[{"floor":6,"key":"Blue Candle"},{"floor":9,"key":"Bag of Preparation"},{"floor":13,"key":"Omamori"}],"event_choices":[{"damage_healed":0,"gold_gain":0,"player_choice":"Entered Light","damage_taken":16,"max_hp_gain":0,"max_hp_loss":0,"event_name":"Shining Light","floor":3,"gold_loss":0,"cards_upgraded":["Defend_P","Strike_P"]},{"damage_healed":0,"gold_gain":0,"player_choice":"Inject Mutagens","damage_taken":0,"relics_obtained":["MutagenicStrength"],"max_hp_gain":0,"max_hp_loss":0,"event_name":"Drug Dealer","floor":19,"gold_loss":0}],"is_beta":false,"boss_relics":[{"not_picked":["Astrolabe","Fusion Hammer"],"picked":"Ectoplasm"}],"items_purged_floors":[],"is_endless":false,"potions_floor_spawned":[2,5,13,14,16,21],"killed_by":"Centurion and Healer","ascension_level":10}}