{"host":"0nfdmr2b19ur4mbc","time":1609158092,"event":{"mods":["2.2 Compatiblity","AchievementEnabler","BaseMod","Better Match","Better Note","Better Third Choice","Better Vampires","Disable Question Mark Monsters","Hubris","Infinite Spire","Minty Spire (QoL Compilation)","Quick Restart","Rare Cards Sparkle","Replay The Spire","StSLib"],"gold_per_floor":[110,121,121,139,139,139,171,171,194,206,206,216,251,21,21,21,21],"floor_reached":16,"playtime":761,"items_purged":[],"score":121,"play_id":"224f0baa-5dfe-4ad4-873e-52852a1ef24b","local_time":"20201228132132","is_ascension_mode":true,"campfire_choices":[{"data":"Tactician","floor":6.0,"key":"SMITH"},{"floor":8.0,"key":"REST"}],"circlet_count":0,"master_deck":["Strike_G","Strike_G","Strike_G","Strike_G","Defend_G","Defend_G","Defend_G","Defend_G","Defend_G","Survivor","Neutralize","Blade Dance","Tactician+1","Reaper+1","Toxin Wave","hubris:Sniper","Underhanded Strike","Toxin Wave+1"],"relics":["Ring of the Snake","NeowsBlessing","Happy Flower","Bag of Preparation","Tiny Chest","Replay:Wax Seal","Pet Ghost","Membership Card","hubris:SlimyHat"],"acts_visited":["Exordium"],"potions_floor_usage":[13,16,16],"damage_taken":[{"damage":0.0,"enemies":"Jaw Worm","floor":1.0,"turns":1.0},{"damage":0.0,"enemies":"2 Louse","floor":2.0,"turns":1.0},{"damage":0.0,"enemies":"Cultist","floor":4.0,"turns":1.0},{"damage":46.0,"enemies":"3 Sentries","floor":7.0,"turns":11.0},{"damage":9.0,"enemies":"Red Slaver","floor":10.0,"turns":4.0},{"damage":3,"enemies":"Blue Slaver","floor":12,"turns":5},{"damage":13,"enemies":"Replay:BlueRogue","floor":13,"turns":4},{"damage":76,"enemies":"Fading Forest","floor":16,"turns":9}],"seed_played":"7717794394171448726","potions_obtained":[{"floor":7.0,"key":"ColorlessPotion"},{"floor":10.0,"key":"Energy Potion"},{"floor":13,"key":"SkillPotion"}],"is_trial":false,"path_per_floor":["M","M","?","M","?","R","E","R","T","M","?","M","E","$","R","B"],"character_chosen":"THE_SILENT","items_purchased":["Membership Card","hubris:SlimyHat"],"campfire_rested":1,"item_purchase_floors":[14,14],"current_hp_per_floor":[70,70,53,54,54,54,23,44,44,35,35,37,24,24,45,0,0],"gold":21,"neow_bonus":"THREE_ENEMY_KILL","is_daily":false,"chose_seed":false,"campfire_upgraded":1,"win_rate":0.0,"timestamp":1609158092,"path_taken":["M","M","?","M","?","R","E","R","T","M","?","?","E","?","R","BOSS"],"items_purchased_type":["Relic","Relic"],"build_version":"2020-12-22","purchased_purges":0,"victory":false,"max_hp_per_floor":[70,70,70,70,70,70,70,70,70,70,70,70,70,70,70,70,70],"card_choices":[{"not_picked":["Dodge and Roll","Acrobatics"],"picked":"Blade Dance","floor":1.0},{"not_picked":["Cloak And Dagger","Sucker Punch"],"picked":"Tactician","floor":2.0},{"not_picked":["Eviscerate","Poisoned Stab","PiercingWail"],"picked":"SKIP","floor":4.0},{"not_picked":["Acrobatics","Heel Hook"],"picked":"Toxin Wave","floor":7.0},{"not_picked":["Caltrops","Bane"],"picked":"hubris:Sniper","floor":10.0},{"not_picked":["Dagger Spray","Tactician"],"picked":"Underhanded Strike","floor":12},{"not_picked":["Draining Mist","Backflip"],"picked":"Toxin Wave","floor":13}],"player_experience":116968,"relics_obtained":[{"floor":5.0,"key":"Bag of Preparation"},{"floor":7.0,"key":"Tiny Chest"},{"floor":9.0,"key":"Replay:Wax Seal"},{"floor":13,"key":"Pet Ghost"}],"event_choices":[{"cards_removed":["Strike_G"],"damage_healed":0,"gold_gain":0,"player_choice":"Offered Basic","damage_taken":0,"max_hp_gain":0,"max_hp_loss":0,"event_name":"Bonfire Elementals","floor":11,"gold_loss":0}],"is_beta":false,"boss_relics":[],"items_purged_floors":[],"is_endless":false,"potions_floor_spawned":[7,10,13],"killed_by":"Fading Forest","ascension_level":2}}