{"host":"5bdt6s51dmpd4l3v","time":1609147191,"event":{"mods":["AchievementEnabler","BaseMod","Colored Map","Colored Powertips","Highlight Path","Minty Spire (QoL Compilation)","Quick Restart","Rare Cards Sparkle","StSLib"],"gold_per_floor":[109,109,259,259,11,41,41,74,74,94,105,105,136,147,147,218,218,231,16,32,32,32,32],"floor_reached":22,"playtime":561,"items_purged":["Pain"],"score":479,"play_id":"922616cd-66d8-4609-82ba-ed61741a73d0","local_time":"20201228171951","is_ascension_mode":true,"campfire_choices":[{"data":"Bloodletting","floor":7,"key":"SMITH"},{"data":"Inflame","floor":12,"key":"SMITH"},{"data":"Body Slam","floor":15,"key":"SMITH"}],"circlet_count":0,"master_deck":["AscendersBane","Strike_R+1","Strike_R+1","Strike_R+1","Strike_R+1","Strike_R+1","Defend_R+1","Defend_R+1","Defend_R+1","Defend_R+1","Bash","Cleave+1","Doubt","Bloodletting+1","Shockwave+1","Second Wind+1","Inflame+1","Body Slam+1","Twin Strike","Demon Form","True Grit+1","Flex+1","Spot Weakness+1"],"relics":["Burning Blood","NeowsBlessing","WarpedTongs","Sling","InkBottle","Toxic Egg 2","Champion Belt","Pen Nib","Mark of Pain","Brimstone"],"acts_visited":["Exordium","TheCity"],"potions_floor_usage":[10,13,14,14,20],"damage_taken":[{"damage":0.0,"enemies":"Jaw Worm","floor":1.0,"turns":1.0},{"damage":0,"enemies":"Gremlin Nob","floor":6,"turns":1},{"damage":0,"enemies":"Lagavulin","floor":8,"turns":1},{"damage":4,"enemies":"Small Slimes","floor":10,"turns":4},{"damage":0,"enemies":"Cultist","floor":11,"turns":3},{"damage":24,"enemies":"Gremlin Nob","floor":13,"turns":4},{"damage":9,"enemies":"Looter","floor":14,"turns":2},{"damage":32,"enemies":"Slime Boss","floor":16,"turns":10},{"damage":24,"enemies":"2 Thieves","floor":18,"turns":4},{"damage":20,"enemies":"Chosen","floor":20,"turns":4},{"damage":41,"enemies":"3 Cultists","floor":22,"turns":4}],"seed_played":"1132072402575612238","potions_obtained":[{"floor":6,"key":"ElixirPotion"},{"floor":8,"key":"AttackPotion"},{"floor":11,"key":"Weak Potion"},{"floor":13,"key":"DistilledChaos"},{"floor":18,"key":"Dexterity Potion"}],"is_trial":false,"path_per_floor":["M","?","?","?","$","E","R","E","T","M","M","R","E","M","R","B",null,"M","$","M","?","M"],"character_chosen":"IRONCLAD","items_purchased":["Sling","Flex+1","Brimstone"],"campfire_rested":0,"item_purchase_floors":[5,19,19],"current_hp_per_floor":[74,51,51,51,51,57,57,63,63,65,71,71,53,50,50,24,62,44,44,30,30,0,0],"gold":32,"neow_bonus":"THREE_ENEMY_KILL","is_daily":false,"chose_seed":false,"campfire_upgraded":3,"win_rate":0.0,"timestamp":1609147191,"path_taken":["M","?","?","?","$","E","R","E","T","M","M","R","E","M","R","BOSS","M","$","?","?","M"],"items_purchased_type":["Relic","Card","Relic"],"build_version":"2020-12-22","purchased_purges":1,"victory":false,"max_hp_per_floor":[75,75,75,75,75,75,75,75,75,75,75,75,75,75,75,75,75,75,75,75,75,75,75],"card_choices":[{"not_picked":["Headbutt","Warcry"],"picked":"Cleave","floor":1.0},{"not_picked":["Thunderclap","Immolate"],"picked":"Bloodletting","floor":6},{"not_picked":["Battle Trance+1","Feel No Pain"],"picked":"Shockwave+1","floor":8},{"not_picked":["Feel No Pain","Heavy Blade"],"picked":"Second Wind+1","floor":10},{"not_picked":["Thunderclap","True Grit+1"],"picked":"Inflame","floor":11},{"not_picked":["Inflame","Sever Soul"],"picked":"Body Slam","floor":13},{"not_picked":["Clash","Heavy Blade"],"picked":"Twin Strike","floor":14},{"not_picked":["Bludgeon","Feed"],"picked":"Demon Form","floor":16},{"not_picked":["Twin Strike","Searing Blow"],"picked":"True Grit+1","floor":18},{"not_picked":["Twin Strike","Perfected Strike"],"picked":"Spot Weakness+1","floor":20}],"player_experience":273249,"relics_obtained":[{"floor":6,"key":"InkBottle"},{"floor":8,"key":"Toxic Egg 2"},{"floor":9,"key":"Champion Belt"},{"floor":13,"key":"Pen Nib"}],"event_choices":[{"damage_healed":0.0,"max_hp_gain":0.0,"max_hp_loss":0.0,"gold_gain":0.0,"event_name":"Shining Light","player_choice":"Entered Light","floor":2.0,"gold_loss":0.0,"damage_taken":23.0,"cards_upgraded":["Cleave","Strike_R"]},{"damage_healed":0.0,"max_hp_gain":0.0,"max_hp_loss":0.0,"gold_gain":150.0,"event_name":"Liars Game","player_choice":"AGREE","floor":3.0,"gold_loss":0.0,"damage_taken":0.0,"cards_obtained":["Doubt"]},{"damage_healed":0,"gold_gain":0,"player_choice":"Rummage","damage_taken":0,"relics_obtained":["WarpedTongs"],"max_hp_gain":0,"max_hp_loss":0,"event_name":"Accursed Blacksmith","floor":4,"gold_loss":0,"cards_obtained":["Pain"]},{"damage_healed":0,"gold_gain":0,"player_choice":"Simplicity","damage_taken":0,"max_hp_gain":0,"max_hp_loss":0,"event_name":"Back to Basics","floor":21,"gold_loss":0,"cards_upgraded":["Strike_R","Strike_R","Strike_R","Strike_R","Defend_R","Defend_R","Defend_R","Defend_R"]}],"is_beta":false,"boss_relics":[{"not_picked":["Runic Dome","Runic Cube"],"picked":"Mark of Pain"}],"items_purged_floors":[5],"is_endless":false,"potions_floor_spawned":[6,8,11,13,18],"killed_by":"3 Cultists","ascension_level":18}}