{"host":"jm9833yuloeli2yd","time":1609126179,"event":{"mods":["AchievementEnabler","BaseMod","Better Altar","Better Match","Better Note","Better Sensory Stone","Better Skull","Better Third Choice","Better Vampires","BetterRewards","Colored Map","Colored Powertips","DeckTracker","Marked Mod","Minty Spire (QoL Compilation)","Permanent Neow","Quick Restart","StSLib","SuperFastMode"],"gold_per_floor":[114,130,130,142,152,152,169,204,204,169,6,6,37,8,8,85,85,102,119,136,136,136,136],"floor_reached":22,"playtime":646,"items_purged":[],"score":642,"play_id":"da5fc9b2-58ab-4d3e-b266-2e7405a3f272","local_time":"20201227222939","is_ascension_mode":true,"campfire_choices":[{"data":"Defragment","floor":6.0,"key":"SMITH"},{"data":"Go for the Eyes","floor":12.0,"key":"SMITH"},{"data":"Genetic Algorithm","floor":15.0,"key":"SMITH"}],"circlet_count":0,"master_deck":["AscendersBane","Strike_B","Strike_B","Strike_B","Defend_B","Defend_B","Defend_B","Defend_B","Zap","Dualcast","Flash of Steel","Melter","Defragment+1","Chill","Go for the Eyes+1","Amplify","Hologram","Genetic Algorithm+1","Coolheaded","Creative AI","Conserve Battery","Loop+1","Double Energy"],"relics":["Cracked Core","Ginger","Strange Spoon","Du-Vu Doll","HornCleat","PreservedInsect","Meat on the Bone","Philosopher\u0027s Stone"],"acts_visited":["Exordium","TheCity"],"potions_floor_usage":[20,20],"damage_taken":[{"damage":2.0,"enemies":"2 Louse","floor":1.0,"turns":2.0},{"damage":0.0,"enemies":"Small Slimes","floor":2.0,"turns":2.0},{"damage":4.0,"enemies":"Jaw Worm","floor":4.0,"turns":3.0},{"damage":8.0,"enemies":"Blue Slaver","floor":5.0,"turns":3.0},{"damage":12.0,"enemies":"Lots of Slimes","floor":7.0,"turns":4.0},{"damage":11.0,"enemies":"Lagavulin","floor":8.0,"turns":8.0},{"damage":0.0,"enemies":"Gremlin Nob","floor":13.0,"turns":3.0},{"damage":36.0,"enemies":"Hexaghost","floor":16.0,"turns":12.0},{"damage":5.0,"enemies":"2 Thieves","floor":18.0,"turns":5.0},{"damage":22.0,"enemies":"Shell Parasite","floor":19.0,"turns":6.0},{"damage":45,"enemies":"3 Cultists","floor":20,"turns":7},{"damage":21,"enemies":"Centurion and Healer","floor":22,"turns":1}],"seed_played":"5453768607673729035","potions_obtained":[{"floor":4.0,"key":"SkillPotion"},{"floor":5.0,"key":"Explosive Potion"},{"floor":13.0,"key":"BlessingOfTheForge"},{"floor":16.0,"key":"Dexterity Potion"},{"floor":19.0,"key":"Strength Potion"}],"is_trial":false,"path_per_floor":["M","M","?","M","M","R","M","E","T","?","$","R","E","$","R","B",null,"M","M","M","?","M"],"character_chosen":"DEFECT","items_purchased":["Flash of Steel","Strange Spoon","PreservedInsect","Coolheaded"],"campfire_rested":0,"item_purchase_floors":[0,0,11,14],"current_hp_per_floor":[55,55,60,56,48,48,36,25,25,44,44,44,44,44,44,20,62,57,47,14,14,0,0],"gold":136,"neow_bonus":"","is_daily":false,"chose_seed":false,"campfire_upgraded":3,"win_rate":0.0,"timestamp":1609126179,"path_taken":["M","M","?","M","M","R","M","E","T","?","$","R","E","?","R","BOSS","M","M","M","?","?"],"items_purchased_type":["Card","Relic","Relic","Card"],"build_version":"2020-12-22","purchased_purges":0,"victory":false,"max_hp_per_floor":[71,71,76,76,76,76,76,76,76,76,76,76,76,76,76,76,76,76,76,76,76,76,76],"card_choices":[{"not_picked":["Compile Driver","Stack"],"picked":"Melter","floor":1.0},{"not_picked":["Conserve Battery","Heatsinks"],"picked":"Defragment","floor":2.0},{"not_picked":["Streamline","Barrage"],"picked":"Chill","floor":4.0},{"not_picked":["Stack","Redo"],"picked":"Go for the Eyes","floor":5.0},{"not_picked":["Tempest","Skim"],"picked":"Amplify","floor":7.0},{"not_picked":["Streamline","Sweeping Beam"],"picked":"Hologram","floor":8.0},{"not_picked":["Aggregate","Steam Power"],"picked":"Genetic Algorithm","floor":13.0},{"not_picked":["Amplify","Multi-Cast"],"picked":"Creative AI","floor":16.0},{"not_picked":["Heatsinks","Barrage+1"],"picked":"Conserve Battery","floor":18.0},{"not_picked":["Darkness","Beam Cell"],"picked":"Loop+1","floor":19.0},{"not_picked":["Barrage","Conserve Battery"],"picked":"Double Energy","floor":20}],"player_experience":1169940,"relics_obtained":[{"floor":8.0,"key":"Du-Vu Doll"},{"floor":9.0,"key":"HornCleat"},{"floor":13.0,"key":"Meat on the Bone"}],"event_choices":[{"damage_healed":0.0,"max_hp_gain":5.0,"max_hp_loss":0.0,"gold_gain":0.0,"event_name":"Big Fish","player_choice":"Donut","floor":3.0,"gold_loss":0.0,"damage_taken":0.0},{"damage_healed":19.0,"max_hp_gain":0.0,"max_hp_loss":0.0,"gold_gain":0.0,"event_name":"The Cleric","player_choice":"Healed","floor":10.0,"gold_loss":35.0,"damage_taken":0.0},{"cards_removed":["Strike_B"],"damage_healed":0,"gold_gain":0,"player_choice":"Purged","damage_taken":0,"max_hp_gain":0,"max_hp_loss":0,"event_name":"Purifier","floor":21,"gold_loss":0}],"is_beta":false,"boss_relics":[{"not_picked":["Empty Cage","SlaversCollar"],"picked":"Philosopher\u0027s Stone"}],"items_purged_floors":[],"is_endless":false,"potions_floor_spawned":[4,5,13,16,19],"killed_by":"Centurion and Healer","ascension_level":20}}