{"host":"0fm1w3v00gid44jl","time":1609178734,"event":{"mods":["AchievementEnabler","BaseMod","Colored Map","Colored Powertips","Displayed Cursed Tome","Downfall","Googly Eyes","Highlight Path","Minty Spire (QoL Compilation)","Permanent Neow","Relic Stats","StSLib","SuperFastMode","slay the spire mod where everything is the same but ironclad has a cowboy hat"],"gold_per_floor":[99,110,210,210,46,56,124,159,159,69,69,79,112,112,112],"floor_reached":13,"playtime":516,"items_purged":["champ:Strike"],"score":128,"play_id":"c2adf004-198a-4eaf-9ee9-d9888e01498b","local_time":"20201228120534","is_ascension_mode":true,"campfire_choices":[{"data":"champ:Taunt","floor":1.0,"key":"SMITH"},{"floor":9.0,"key":"REST"},{"data":"champ:FalseCounter","floor":11.0,"key":"SMITH"}],"circlet_count":0,"master_deck":["champ:Strike","champ:Strike","champ:Strike","champ:Defend","champ:Defend","champ:Defend","champ:Taunt+1","champ:TornadoPunch","champ:Control","champ:FalseCounter+1","champ:Lariat","champ:SkillfulDodge+1","champ:ShieldSigil+1","champ:FocusedDefense+1","champ:IronFortress"],"relics":["champ:ChampionCrown","downfall:ShatteredFragment","Matryoshka","Toxic Egg 2","champ:SignatureFinisher"],"acts_visited":["Exordium"],"potions_floor_usage":[],"damage_taken":[{"damage":7.0,"enemies":"Small Slimes","floor":2.0,"turns":3.0},{"damage":0.0,"enemies":"downfall:FleeingMerchant","floor":5.0,"turns":4.0},{"damage":4.0,"enemies":"Jaw Worm","floor":6.0,"turns":2.0},{"damage":16.0,"enemies":"Lagavulin","floor":8.0,"turns":7.0},{"damage":8.0,"enemies":"downfall:FleeingMerchant","floor":10.0,"turns":4.0},{"damage":0.0,"enemies":"Cultist","floor":12.0,"turns":2.0},{"damage":0.0,"enemies":"Gremlin Nob","floor":13.0,"turns":3.0}],"seed_played":"-5729967218184512731","potions_obtained":[{"floor":2.0,"key":"Block Potion"},{"floor":12.0,"key":"ColorlessPotion"},{"floor":13,"key":"SteroidPotion"}],"is_trial":false,"path_per_floor":["R","M","?","?","$","M","T","E","R","$","R","M","E"],"character_chosen":"THE_CHAMP","items_purchased":["champ:FalseCounter","champ:FocusedDefense+1"],"campfire_rested":1,"item_purchase_floors":[5,10],"current_hp_per_floor":[81,74,74,47,47,43,43,27,51,46,46,46,46,46,46],"gold":112,"neow_bonus":"REMOVE_TWO","is_daily":false,"chose_seed":false,"campfire_upgraded":2,"win_rate":0.0,"timestamp":1609178734,"path_taken":["R","M","?","?","?","M","T","E","R","$","R","M","E"],"items_purchased_type":["Card","Card"],"build_version":"2020-12-22","purchased_purges":1,"victory":false,"max_hp_per_floor":[81,81,81,81,81,81,81,81,81,81,81,81,81,81,81],"relic_stats":{"counters":[7,25],"obtain_stats":[{"downfall:ShatteredFragment":4,"Matryoshka":7,"champ:ChampionCrown":0,"champ:SignatureFinisher":13,"Toxic Egg 2":8},{"downfall:ShatteredFragment":1,"Matryoshka":3,"champ:ChampionCrown":0,"champ:SignatureFinisher":7,"Toxic Egg 2":4},{"downfall:ShatteredFragment":3,"Matryoshka":9,"champ:ChampionCrown":0,"champ:SignatureFinisher":25,"Toxic Egg 2":16}]},"card_choices":[{"not_picked":["champ:DefensiveShout","champ:Encircle"],"picked":"champ:TornadoPunch","floor":2.0},{"not_picked":["champ:CrookedStrike","champ:RapidStrikes"],"picked":"champ:Control","floor":5.0},{"not_picked":["champ:CrookedStrike","champ:IronFortress"],"picked":"champ:Lariat","floor":6.0},{"not_picked":["champ:BerserkersShout+1","champ:RapidStrikes"],"picked":"champ:SkillfulDodge+1","floor":8.0},{"not_picked":["champ:IgnorePain+1","champ:RecklessLeap"],"picked":"champ:ShieldSigil+1","floor":10.0},{"not_picked":["champ:BladeFlurry","champ:FanOfKnives","champ:IronFortress"],"picked":"SKIP","floor":12.0},{"not_picked":["champ:DeathBlow","champ:GutPunch","champ:IronFortress"],"picked":"SKIP","floor":13},{"not_picked":["champ:DeathBlow","champ:GutPunch","champ:IronFortress"],"picked":"SKIP","floor":13},{"not_picked":["champ:DeathBlow","champ:GutPunch"],"picked":"champ:IronFortress","floor":13}],"player_experience":1456186,"relics_obtained":[{"floor":7.0,"key":"Matryoshka"},{"floor":8.0,"key":"Toxic Egg 2"},{"floor":13,"key":"champ:SignatureFinisher"}],"event_choices":[],"is_beta":false,"boss_relics":[],"items_purged_floors":[5],"is_endless":false,"potions_floor_spawned":[2,12,13],"killed_by":"Gremlin Nob","ascension_level":2}}