{"host":"1hv1kueuvc4r3rdp","time":1609128703,"event":{"mods":["AchievementEnabler","BaseMod","DeckTracker","Highlight Path","Minty Spire (QoL Compilation)","Permanent Neow","StSLib"],"gold_per_floor":[117,134,134,147,166,166,183,60,60,73,87,20,45,68,80,197,209,238,250,277,299,331,343,374,386,398,455,482,494,494],"floor_reached":29,"playtime":1809,"items_purged":[],"score":233,"play_id":"d2a9e9fe-1f6b-4bfa-a289-f7368644f83a","local_time":"20201227221143","daily_mods":["Uncertain Future"],"is_ascension_mode":false,"campfire_choices":[{"data":"Riddle With Holes","floor":6,"key":"SMITH"},{"floor":15,"key":"REST"},{"data":"Leg Sweep","floor":23,"key":"SMITH"},{"floor":25,"key":"REST"}],"circlet_count":0,"master_deck":["Strike_G","Strike_G","Strike_G","Defend_G","Defend_G","Defend_G","Survivor","Neutralize","Well Laid Plans","Riddle With Holes+1","Quick Slash","Backstab","Cloak And Dagger","Crippling Poison","Dash","A Thousand Cuts+1","Riddle With Holes+1","Tactician+1","Glass Knife+1","Dagger Spray+1","Footwork+1","Leg Sweep+1","Footwork+1","Footwork+1","Caltrops+1"],"relics":["Ring of the Snake","Frozen Egg 2","MawBank","Astrolabe","Gremlin Horn","Bag of Preparation"],"acts_visited":["Exordium","TheCity"],"potions_floor_usage":[7,10,13,16,22,29],"damage_taken":[{"damage":0,"enemies":"Jaw Worm","floor":1,"turns":6},{"damage":6,"enemies":"Cultist","floor":2,"turns":6},{"damage":0,"enemies":"2 Louse","floor":4,"turns":2},{"damage":9,"enemies":"Lots of Slimes","floor":5,"turns":4},{"damage":2,"enemies":"Large Slime","floor":7,"turns":6},{"damage":13,"enemies":"Gremlin Gang","floor":10,"turns":6},{"damage":3,"enemies":"Red Slaver","floor":11,"turns":3},{"damage":16,"enemies":"Lagavulin","floor":13,"turns":6},{"damage":4,"enemies":"2 Fungi Beasts","floor":14,"turns":2},{"damage":27,"enemies":"Slime Boss","floor":16,"turns":11},{"damage":5,"enemies":"3 Byrds","floor":18,"turns":4},{"damage":16,"enemies":"Spheric Guardian","floor":20,"turns":4},{"damage":0,"enemies":"Centurion and Healer","floor":21,"turns":6},{"damage":17,"enemies":"Cultist and Chosen","floor":22,"turns":7},{"damage":17,"enemies":"Snake Plant","floor":24,"turns":7},{"damage":16,"enemies":"Sentry and Sphere","floor":28,"turns":7},{"damage":21,"enemies":"Slavers","floor":29,"turns":1}],"seed_played":"695721869305778952","potions_obtained":[{"floor":5,"key":"ColorlessPotion"},{"floor":10,"key":"AttackPotion"},{"floor":11,"key":"EssenceOfSteel"},{"floor":14,"key":"FearPotion"},{"floor":20,"key":"SkillPotion"},{"floor":22,"key":"Energy Potion"}],"is_trial":true,"path_per_floor":["M","M","?","M","M","R","M","$","T","M","M","$","E","M","R","B",null,"M","?","M","M","M","R","M","R","T","T","M","E"],"character_chosen":"THE_SILENT","items_purchased":["Regen Potion","Cloak And Dagger","Crippling Poison"],"campfire_rested":2,"item_purchase_floors":[8,8,12],"current_hp_per_floor":[70,64,64,64,55,55,53,53,53,55,52,52,36,32,53,26,70,65,65,49,49,32,32,15,36,36,36,20,0,0],"gold":494,"neow_bonus":"","is_daily":false,"chose_seed":true,"campfire_upgraded":2,"win_rate":0.0,"timestamp":1609128703,"path_taken":["M","M","?","M","M","R","?","?","T","M","M","$","E","M","R","BOSS","M","?","M","M","M","R","M","R","T","?","M","E"],"items_purchased_type":["Potion","Card","Card"],"build_version":"2020-12-22","purchased_purges":0,"victory":false,"max_hp_per_floor":[70,70,70,70,70,70,70,70,70,70,70,70,70,70,70,70,70,70,70,70,70,70,70,70,70,70,70,70,70,70],"card_choices":[{"not_picked":["Prepared","Blade Dance"],"picked":"Well Laid Plans","floor":1},{"not_picked":["Backflip","Bane"],"picked":"Riddle With Holes","floor":2},{"not_picked":["Cloak And Dagger","Backflip"],"picked":"Quick Slash","floor":4},{"not_picked":["Sucker Punch","Calculated Gamble"],"picked":"Backstab","floor":5},{"not_picked":["Envenom","Sucker Punch","Choke"],"picked":"SKIP","floor":7},{"not_picked":["Underhanded Strike","Choke","Deadly Poison"],"picked":"SKIP","floor":10},{"not_picked":["Flying Knee","Bane","Deadly Poison"],"picked":"SKIP","floor":11},{"not_picked":["Poisoned Stab","Dagger Throw","Acrobatics"],"picked":"SKIP","floor":13},{"not_picked":["Outmaneuver","Slice"],"picked":"Dash","floor":14},{"not_picked":["Doppelganger","Tools of the Trade+1"],"picked":"A Thousand Cuts+1","floor":16},{"not_picked":["Acrobatics","Crippling Poison"],"picked":"Dagger Spray+1","floor":18},{"not_picked":["Masterful Stab","Predator"],"picked":"Leg Sweep","floor":20},{"not_picked":["Leg Sweep","Deflect"],"picked":"Footwork+1","floor":21},{"not_picked":["Dagger Throw","Underhanded Strike"],"picked":"Footwork+1","floor":22},{"not_picked":["Bane","Setup","Distraction"],"picked":"SKIP","floor":24},{"not_picked":["Bane","Unload"],"picked":"Caltrops+1","floor":28}],"player_experience":1103083,"relics_obtained":[{"floor":9,"key":"Frozen Egg 2"},{"floor":13,"key":"MawBank"},{"floor":26,"key":"Gremlin Horn"},{"floor":27,"key":"Bag of Preparation"}],"event_choices":[{"cards_removed":["Defend_G"],"damage_healed":0,"gold_gain":0,"player_choice":"Offered Basic","damage_taken":0,"max_hp_gain":0,"max_hp_loss":0,"event_name":"Bonfire Elementals","floor":3,"gold_loss":0},{"damage_healed":0,"gold_gain":0,"player_choice":"Read","damage_taken":0,"max_hp_gain":0,"max_hp_loss":0,"event_name":"The Library","floor":19,"gold_loss":0,"cards_obtained":["Footwork"]}],"is_beta":false,"boss_relics":[{"not_picked":["Cursed Key","Ring of the Serpent"],"picked":"Astrolabe"}],"items_purged_floors":[],"is_endless":false,"potions_floor_spawned":[5,10,11,14,20,22],"killed_by":"Slavers","ascension_level":0}}