{"host":"1v94wza6sq30pv3l","time":1609184547,"event":{"mods":["AchievementEnabler","BaseMod","Highlight Path","Minty Spire (QoL Compilation)"],"gold_per_floor":[209,224,243,243,243,272,272,290,313,313,6,36,36,54,54,159,159,147,161,161,181,181,181],"floor_reached":22,"playtime":1199,"items_purged":["Strike_G"],"score":206,"play_id":"fa6ad456-9dfe-4a50-b59e-772409b542bf","local_time":"20201228144227","is_ascension_mode":true,"campfire_choices":[{"floor":7,"key":"REST"},{"data":"All Out Attack","floor":13,"key":"SMITH"},{"data":"Infinite Blades","floor":15,"key":"SMITH"}],"circlet_count":0,"master_deck":["Strike_G","Strike_G","Strike_G","Strike_G","Defend_G","Defend_G","Defend_G","Defend_G","Defend_G","Survivor","Neutralize","Poisoned Stab","Terror+1","Infinite Blades+1","Predator","Distraction","All Out Attack+1","Quick Slash","Backflip","Bullet Time","Flying Knee","Acrobatics","Poisoned Stab"],"relics":["Ring of the Snake","Regal Pillow","Toy Ornithopter","Potion Belt","Omamori","Frozen Egg 2","Calling Bell","Bag of Marbles","Paper Crane","TungstenRod"],"acts_visited":["Exordium","TheCity"],"potions_floor_usage":[6,8,12,16],"damage_taken":[{"damage":1,"enemies":"Cultist","floor":1,"turns":4},{"damage":0,"enemies":"Small Slimes","floor":2,"turns":3},{"damage":0,"enemies":"2 Louse","floor":3,"turns":2},{"damage":37,"enemies":"Lagavulin","floor":6,"turns":7},{"damage":7,"enemies":"Large Slime","floor":8,"turns":5},{"damage":15,"enemies":"3 Sentries","floor":12,"turns":6},{"damage":0,"enemies":"3 Louse","floor":14,"turns":1},{"damage":28,"enemies":"Hexaghost","floor":16,"turns":9},{"damage":11,"enemies":"2 Thieves","floor":18,"turns":4},{"damage":23,"enemies":"Shell Parasite","floor":19,"turns":7},{"damage":30,"enemies":"Snecko","floor":21,"turns":5},{"damage":36,"enemies":"Masked Bandits","floor":22,"turns":3}],"seed_played":"-1908703179184976057","potions_obtained":[{"floor":2,"key":"Regen Potion"},{"floor":3,"key":"Strength Potion"},{"floor":6,"key":"Strength Potion"},{"floor":12,"key":"Fire Potion"},{"floor":18,"key":"SteroidPotion"}],"is_trial":false,"path_per_floor":["M","M","M","?","?","E","R","M","T","?","$","E","R","M","R","B",null,"M","M","?","M","?"],"character_chosen":"THE_SILENT","items_purchased":["Omamori","All Out Attack"],"campfire_rested":1,"item_purchase_floors":[11,11],"current_hp_per_floor":[69,69,69,66,66,43,70,68,68,73,73,60,60,60,60,37,75,64,41,66,36,0,0],"gold":181,"neow_bonus":"HUNDRED_GOLD","is_daily":false,"chose_seed":false,"campfire_upgraded":2,"win_rate":0.0,"timestamp":1609184547,"path_taken":["M","M","?","?","?","E","R","M","T","?","$","E","R","M","R","BOSS","M","M","?","M","?"],"items_purchased_type":["Relic","Card"],"build_version":"2020-12-22","purchased_purges":1,"victory":false,"max_hp_per_floor":[70,70,70,70,70,70,70,70,70,75,75,75,75,75,75,75,75,75,75,75,75,75,75],"card_choices":[{"not_picked":["Outmaneuver","Slice"],"picked":"Poisoned Stab","floor":1},{"not_picked":["Choke","Tactician"],"picked":"Terror","floor":2},{"not_picked":["Accuracy","PiercingWail"],"picked":"Infinite Blades","floor":3},{"not_picked":["Calculated Gamble","Outmaneuver"],"picked":"Predator","floor":6},{"not_picked":["Slice","Deflect"],"picked":"Distraction","floor":8},{"not_picked":["Outmaneuver","Slice"],"picked":"Quick Slash","floor":12},{"not_picked":["PiercingWail","Wraith Form v2+1"],"picked":"Backflip","floor":14},{"not_picked":["Unload","Venomology"],"picked":"Bullet Time","floor":16},{"not_picked":["Calculated Gamble+1","Deflect+1"],"picked":"Flying Knee","floor":18},{"not_picked":["Flying Knee","PiercingWail"],"picked":"Acrobatics","floor":19},{"not_picked":["Underhanded Strike","Quick Slash"],"picked":"Poisoned Stab","floor":21}],"player_experience":58465,"relics_obtained":[{"floor":6,"key":"Toy Ornithopter"},{"floor":9,"key":"Potion Belt"},{"floor":12,"key":"Frozen Egg 2"},{"floor":17,"key":"Bag of Marbles"},{"floor":17,"key":"Paper Crane"},{"floor":17,"key":"TungstenRod"}],"event_choices":[{"damage_healed":0,"gold_gain":0,"player_choice":"Success","damage_taken":3,"relics_obtained":["Regal Pillow"],"max_hp_gain":0,"max_hp_loss":0,"event_name":"Scrap Ooze","floor":4,"gold_loss":0},{"damage_healed":0,"gold_gain":0,"player_choice":"Grow","damage_taken":0,"max_hp_gain":0,"max_hp_loss":0,"event_name":"Living Wall","floor":5,"gold_loss":0,"cards_upgraded":["Terror"]},{"damage_healed":0,"gold_gain":0,"player_choice":"Donut","damage_taken":0,"max_hp_gain":5,"max_hp_loss":0,"event_name":"Big Fish","floor":10,"gold_loss":0},{"damage_healed":25,"gold_gain":0,"player_choice":"Heal","damage_taken":0,"max_hp_gain":0,"max_hp_loss":0,"event_name":"The Library","floor":20,"gold_loss":0},{"damage_healed":0,"gold_gain":0,"player_choice":"Fought Bandits","damage_taken":0,"max_hp_gain":0,"max_hp_loss":0,"event_name":"Masked Bandits","floor":22,"gold_loss":0}],"is_beta":false,"boss_relics":[{"not_picked":["Runic Dome","SacredBark"],"picked":"Calling Bell"}],"items_purged_floors":[11],"is_endless":false,"potions_floor_spawned":[2,3,6,12,18],"killed_by":"Masked Bandits","ascension_level":1}}