{"host":"jkgg7n5hn1slsm35","time":1609192362,"event":{"mods":["Aspiration","BaseMod","BetterRewards","Conspire","Googly Eyes","Gremlin Skip","Halation","Highlight Path","Hubris","Infinite Spire","Minty Spire (QoL Compilation)","Permanent Neow","StSLib","SuperFastMode","vexMod"],"gold_per_floor":[209,209,209,95,106,106,56,56,56,91,91,121,121,138,138,209,209,221,236,256,266,284,284,298,298,325,325,325],"floor_reached":27,"playtime":591,"items_purged":["Strike_R"],"score":429,"play_id":"ae952e08-2b89-402f-93b1-b46f9cc447bf","local_time":"20201228225242","is_ascension_mode":true,"campfire_choices":[{"data":"Inflame","floor":6,"key":"SMITH"},{"data":"Anger","floor":8,"key":"SMITH"},{"data":"Cleave","floor":11,"key":"SMITH"},{"data":"Rampage","floor":15,"key":"SMITH"},{"floor":23,"key":"REST"}],"circlet_count":0,"master_deck":["AscendersBane","Strike_R","Strike_R","Strike_R","Strike_R","Defend_R","Defend_R","Defend_R","Defend_R","Anger+1","Inflame+1","Cleave+1","Rampage+1","Heavy Blade","Cleave","Shrug It Off","Flex","Spot Weakness","Inflame","Shame"],"relics":["Burning Blood","halation:EternalFortune","hubris:PeanutButter","PreservedInsect","Boot","vexMod:BigBerry","Orichalcum"],"acts_visited":["Exordium","TheCity"],"potions_floor_usage":[16,21,22],"damage_taken":[{"damage":21,"enemies":"Small Slimes","floor":1,"turns":6},{"damage":1,"enemies":"conspire:RoseBush","floor":5,"turns":5},{"damage":17,"enemies":"Lagavulin","floor":10,"turns":7},{"damage":8,"enemies":"Gremlin Nob","floor":12,"turns":3},{"damage":0,"enemies":"Jaw Worm","floor":14,"turns":3},{"damage":56,"enemies":"Slime Boss","floor":16,"turns":12},{"damage":28,"enemies":"conspire:FuzzyDice","floor":18,"turns":6},{"damage":12,"enemies":"Spheric Guardian","floor":19,"turns":4},{"damage":25,"enemies":"Centurion and Healer","floor":20,"turns":6},{"damage":39,"enemies":"Snecko","floor":21,"turns":6},{"damage":27,"enemies":"Snake Plant","floor":22,"turns":3},{"damage":47,"enemies":"Shelled Parasite and Fungi","floor":24,"turns":7},{"damage":29,"enemies":"Book of Stabbing","floor":27,"turns":3}],"seed_played":"1156459022718857811","potions_obtained":[{"floor":1,"key":"FairyPotion"},{"floor":5,"key":"Dexterity Potion"},{"floor":19,"key":"DuplicationPotion"},{"floor":21,"key":"Fire Potion"}],"is_trial":false,"path_per_floor":["M","?","?","$","M","R","?","R","T","E","R","E","?","M","R","B",null,"M","M","M","M","M","R","M","?","T","E"],"character_chosen":"IRONCLAD","items_purchased":["Inflame"],"campfire_rested":1,"item_purchase_floors":[4],"current_hp_per_floor":[53,56,56,56,64,64,64,64,64,53,53,51,51,57,57,10,96,74,68,49,16,32,66,25,25,25,0,0],"gold":325,"neow_bonus":"HUNDRED_GOLD","is_daily":false,"chose_seed":false,"campfire_upgraded":4,"win_rate":0.0,"timestamp":1609192362,"path_taken":["M","?","?","$","M","R","?","R","T","E","R","E","?","M","R","BOSS","M","M","M","M","M","R","M","?","T","E"],"items_purchased_type":["Card"],"build_version":"2020-12-22","purchased_purges":1,"victory":false,"max_hp_per_floor":[75,78,78,78,81,81,81,81,81,81,81,81,81,81,81,84,114,114,114,114,114,114,114,114,114,114,114,114],"card_choices":[{"not_picked":["Disarm","Pummel"],"picked":"Anger","floor":1},{"not_picked":["True Grit","Wild Strike"],"picked":"Cleave","floor":5},{"not_picked":["Clothesline","Flame Barrier","Havoc"],"picked":"SKIP","floor":10},{"not_picked":["Flame Barrier","Feed"],"picked":"Rampage","floor":12},{"not_picked":["Twin Strike","Rage"],"picked":"Heavy Blade","floor":14},{"not_picked":["Intimidate","Combust"],"picked":"Cleave","floor":18},{"not_picked":["True Grit","Twin Strike"],"picked":"Shrug It Off","floor":19},{"not_picked":["True Grit","Cleave+1"],"picked":"Flex","floor":20},{"not_picked":["Twin Strike","Wild Strike"],"picked":"Spot Weakness","floor":21},{"not_picked":["infinitespire:OneForAll","Headbutt+1","Sword Boomerang+1"],"picked":"SKIP","floor":22},{"not_picked":["Clothesline","Offering"],"picked":"Inflame","floor":24}],"player_experience":1796966,"relics_obtained":[{"floor":5,"key":"halation:EternalFortune"},{"floor":9,"key":"hubris:PeanutButter"},{"floor":10,"key":"PreservedInsect"},{"floor":12,"key":"Boot"},{"floor":16,"key":"halation:EternalFortune"},{"floor":26,"key":"Orichalcum"}],"event_choices":[{"cards_removed":["Bash"],"damage_healed":0,"gold_gain":0,"player_choice":"Card Removal","damage_taken":0,"max_hp_gain":0,"max_hp_loss":0,"event_name":"The Cleric","floor":7,"gold_loss":50}],"is_beta":false,"boss_relics":[{"not_picked":["halation:PinkAlligatorPlush","halation:HeavySnake"],"picked":"vexMod:BigBerry"}],"items_purged_floors":[4],"is_endless":false,"potions_floor_spawned":[1,5,12,19,21],"killed_by":"Book of Stabbing","ascension_level":14}}