{"host":"tr12w2fixbnujl15","time":1609199375,"event":{"mods":["2.2 Compatiblity","BaseMod","Better Skull","BetterRewards","Colored Powertips","Hubris","Infinite Spire","Jorbs\u0027s Wanderer Trilogy","Melee Mod","Minty Spire (QoL Compilation)","Quick Restart","Railgun Mod","Replay The Spire","StSLib","SuperFastMode","The Animator","The Dragon Tamer","The Marked","WarShipGirlsR/????R mod"],"gold_per_floor":[109,284,284,65,140,140,42,67,67,86,6,22,22,22,41,41,138,138,153,153,123,123,23,23,23],"floor_reached":24,"playtime":679,"items_purged":["Doubt","Replay:Hysterical Blindness"],"score":215,"play_id":"9c42291b-ced3-4b9c-b46a-b65ff601f432","local_time":"20201228184935","is_ascension_mode":false,"campfire_choices":[{"floor":6,"key":"REST"},{"floor":16,"key":"DIG"}],"circlet_count":0,"master_deck":["rmod:strick+1","rmod:strick","rmod:strick","rmod:strick","rmod:defend","rmod:defend","rmod:defend","rmod:defend","rmod:basicallowance+1","rmod:maingunfire","rmod:circuitoustactics","rmod:fletcher","rmod:openingtorpedo","rmod:fletcherpendant","rmod:luckystar","rmod:diamondstrike","rmod:expedition+1","rmod:diamondstrike","rmod:unsinkable","rmod:expeditionaryescort","rmod:victimresponsibility","rmod:expedition","hubris:Despair","hubris:Fate"],"relics":["rmod:firstchargereward","NeowsBlessing","hubris:CrystalStatue","Pantograph","Replay:Baseball","hubris:ScarierMask"],"acts_visited":["Exordium","TheCity"],"potions_floor_usage":[15,17],"damage_taken":[{"damage":0,"enemies":"2 Louse","floor":1,"turns":1},{"damage":0,"enemies":"Replay:BlueRogue","floor":8,"turns":1},{"damage":0,"enemies":"Jaw Worm","floor":10,"turns":1},{"damage":0,"enemies":"Cultist","floor":12,"turns":3},{"damage":16,"enemies":"Large Slime","floor":15,"turns":4},{"damage":56,"enemies":"Hexaghost","floor":17,"turns":13},{"damage":15,"enemies":"3 Byrds","floor":19,"turns":6},{"damage":4,"enemies":"2 Thieves","floor":21,"turns":4},{"damage":63,"enemies":"Nightmare","floor":24,"turns":7}],"seed_played":"-965756857347434183","potions_obtained":[{"floor":8,"key":"Dexterity Potion"},{"floor":12,"key":"AttackPotion"},{"floor":15,"key":"FearPotion"}],"is_trial":false,"path_per_floor":["M","?","?","$","?","R","$","E","T","M","$","M","M","?","M","R","B",null,"M","?","M","?","$","NM"],"character_chosen":"PRAEFECT","items_purchased":["rmod:fletcher","rmod:openingtorpedo","rmod:fletcherpendant","rmod:expedition"],"campfire_rested":1,"item_purchase_floors":[4,4,7,11],"current_hp_per_floor":[75,75,60,60,49,71,71,71,71,71,71,71,71,71,55,55,19,75,60,60,56,56,56,0,0],"gold":23,"neow_bonus":"THREE_ENEMY_KILL","is_daily":false,"chose_seed":false,"campfire_upgraded":0,"win_rate":0.0,"timestamp":1609199375,"path_taken":["M","?","?","$","?","R","$","E","T","M","?","M","M","?","M","R","BOSS","M","?","M","?","$","NM"],"items_purchased_type":["Card","Card","Card","Card"],"build_version":"2020-12-22","purchased_purges":2,"victory":false,"max_hp_per_floor":[75,75,75,75,75,75,75,75,75,75,75,75,75,75,75,75,75,75,75,75,75,75,75,75,75],"card_choices":[{"not_picked":["rmod:aluminumsupply","rmod:gendarmerie"],"picked":"rmod:circuitoustactics","floor":1},{"not_picked":["rmod:steelsupply","rmod:firesupport"],"picked":"rmod:luckystar","floor":8},{"not_picked":["rmod:aggressivemary","rmod:unsinkable"],"picked":"rmod:diamondstrike","floor":10},{"not_picked":["rmod:tearstotiara","rmod:fuelsupply"],"picked":"rmod:diamondstrike","floor":12},{"not_picked":["rmod:diamondstrike","rmod:wife"],"picked":"rmod:unsinkable","floor":15},{"not_picked":["rmod:desperatesituation","rmod:highspeedmaneuver"],"picked":"rmod:expeditionaryescort","floor":17},{"not_picked":["rmod:luckystar+1","rmod:smokecover+1"],"picked":"rmod:victimresponsibility","floor":19},{"not_picked":["rmod:circuitoustactics+1","rmod:heivgo"],"picked":"rmod:expedition","floor":21},{"not_picked":["ReplayTheSpireMod:??????????????????????","infinitespire:NeuralNetwork"],"picked":"hubris:Fate","floor":22}],"player_experience":2863,"relics_obtained":[{"floor":8,"key":"hubris:CrystalStatue"},{"floor":9,"key":"Pantograph"},{"floor":16,"key":"Replay:Baseball"}],"event_choices":[{"damage_healed":0,"gold_gain":175,"player_choice":"AGREE","damage_taken":0,"max_hp_gain":0,"max_hp_loss":0,"event_name":"Liars Game","floor":2,"gold_loss":0,"cards_obtained":["Doubt"]},{"damage_healed":0,"gold_gain":0,"player_choice":"Entered Light","damage_taken":15,"max_hp_gain":0,"max_hp_loss":0,"event_name":"Shining Light","floor":3,"gold_loss":0,"cards_upgraded":["rmod:strick","rmod:basicallowance"]},{"damage_healed":0,"gold_gain":75,"player_choice":"Gather Gold","damage_taken":11,"max_hp_gain":0,"max_hp_loss":0,"event_name":"World of Goop","floor":5,"gold_loss":0},{"damage_healed":0,"gold_gain":0,"player_choice":"Grow","damage_taken":0,"max_hp_gain":0,"max_hp_loss":0,"event_name":"Living Wall","floor":14,"gold_loss":0,"cards_upgraded":["rmod:expedition"]},{"damage_healed":0,"gold_gain":0,"player_choice":"Ignored","damage_taken":0,"max_hp_gain":0,"max_hp_loss":0,"event_name":"Ghosts","floor":20,"gold_loss":0}],"is_beta":false,"boss_relics":[{"not_picked":["hubris:Stopwatch","Abe\u0027s Treasure"],"picked":"hubris:ScarierMask"}],"items_purged_floors":[7,23],"is_endless":false,"potions_floor_spawned":[8,12,15],"killed_by":"Nightmare","ascension_level":0}}