{"host":"kpyoctgc7jne3jiy","time":1609160324,"event":{"mods":["AchievementEnabler","BaseMod","Minty Spire (QoL Compilation)","Relic Stats","Slay-I"],"gold_per_floor":[118,118,43,63,78,78,95,128,176,190,190,190,200,218,218,315,315,326,326,339,339,357,357,388,411,411,428,439,455,455,75,75,182,191,202,57,82,103,119,119,119],"floor_reached":40,"playtime":2338,"items_purged":["Strike_R","Strike_R"],"score":497,"play_id":"4dea0d4f-5629-434c-ab99-7a89d61e981f","local_time":"20201228135844","is_ascension_mode":true,"campfire_choices":[{"data":"Armaments","floor":6.0,"key":"SMITH"},{"data":"Reaper","floor":11.0,"key":"SMITH"},{"data":"Inflame","floor":15.0,"key":"SMITH"},{"data":"Shrug It Off","floor":23.0,"key":"SMITH"},{"data":"Immolate","floor":30.0,"key":"SMITH"},{"data":"Apotheosis","floor":32.0,"key":"SMITH"}],"circlet_count":0,"master_deck":["Strike_R","Strike_R","Defend_R","Defend_R+1","Defend_R+1","Defend_R","Bash","Sword Boomerang","Reaper+1","Armaments+1","Flex","Metallicize","Twin Strike","Inflame+1","Shrug It Off+1","Immolate+1","Good Instincts","Iron Wave+1","RitualDagger","Flex+1","Apotheosis+1","Exhume","CurseOfTheBell","Shrug It Off+1","Infernal Blade+1"],"relics":["Burning Blood","War Paint","Darkstone Periapt","Smiling Mask","Runic Pyramid","Orichalcum","CeramicFish","Ornamental Fan","PreservedInsect","Calling Bell","Omamori","Mummified Hand","Magic Flower","Blood Vial"],"acts_visited":["Exordium","TheCity","TheBeyond"],"potions_floor_usage":[40],"damage_taken":[{"damage":8.0,"enemies":"Jaw Worm","floor":1.0,"turns":4.0},{"damage":0.0,"enemies":"Cultist","floor":4.0,"turns":3.0},{"damage":11.0,"enemies":"Small Slimes","floor":5.0,"turns":6.0},{"damage":36.0,"enemies":"Gremlin Gang","floor":7.0,"turns":7.0},{"damage":27.0,"enemies":"Lagavulin","floor":8.0,"turns":5.0},{"damage":19.0,"enemies":"3 Louse","floor":10.0,"turns":5.0},{"damage":11.0,"enemies":"Red Slaver","floor":13.0,"turns":5.0},{"damage":4.0,"enemies":"Exordium Wildlife","floor":14.0,"turns":4.0},{"damage":59.0,"enemies":"Slime Boss","floor":16.0,"turns":14.0},{"damage":12.0,"enemies":"Chosen","floor":18.0,"turns":6.0},{"damage":10.0,"enemies":"Shell Parasite","floor":20.0,"turns":8.0},{"damage":28.0,"enemies":"3 Cultists","floor":22.0,"turns":5.0},{"damage":46.0,"enemies":"Slavers","floor":24.0,"turns":6.0},{"damage":3.0,"enemies":"Cultist and Chosen","floor":27.0,"turns":5.0},{"damage":1.0,"enemies":"Centurion and Healer","floor":28.0,"turns":7.0},{"damage":29.0,"enemies":"Chosen and Byrds","floor":29.0,"turns":6.0},{"damage":60.0,"enemies":"Collector","floor":33.0,"turns":9.0},{"damage":20.0,"enemies":"Orb Walker","floor":35.0,"turns":5.0},{"damage":10.0,"enemies":"3 Shapes","floor":37.0,"turns":8.0},{"damage":80.0,"enemies":"Writhing Mass","floor":38.0,"turns":7.0},{"damage":29.0,"enemies":"3 Darklings","floor":39.0,"turns":5.0},{"damage":76,"enemies":"Giant Head","floor":40,"turns":7}],"seed_played":"6307941066198306770","potions_obtained":[{"floor":4.0,"key":"Strength Potion"},{"floor":8.0,"key":"SpeedPotion"},{"floor":14.0,"key":"DistilledChaos"},{"floor":16.0,"key":"SpeedPotion"},{"floor":20.0,"key":"FearPotion"},{"floor":24.0,"key":"Block Potion"},{"floor":27.0,"key":"EntropicBrew"},{"floor":33.0,"key":"PowerPotion"},{"floor":38.0,"key":"SteroidPotion"}],"is_trial":false,"path_per_floor":["M","?","$","M","M","R","M","E","T","M","R","?","M","M","R","B",null,"M","?","M","?","M","R","E","T","T","M","M","M","R","$","R","B",null,"M","$","M","M","M","E"],"character_chosen":"IRONCLAD","items_purchased":["PreservedInsect","Apotheosis","Blood Vial"],"campfire_rested":0,"item_purchase_floors":[31,31,36],"current_hp_per_floor":[78,78,78,80,80,80,62,49,49,54,54,54,56,58,58,10,80,80,62,66,60,58,58,26,26,26,41,62,54,54,54,54,26,86,86,86,86,41,27,0,0],"gold":119,"neow_bonus":"RANDOM_COMMON_RELIC","is_daily":false,"chose_seed":false,"campfire_upgraded":6,"win_rate":0.0,"timestamp":1609160324,"path_taken":["M","?","$","M","M","R","?","E","T","M","R","?","M","?","R","BOSS","M","?","?","?","M","R","E","?","T","M","M","M","R","$","R","BOSS","M","$","M","M","M","E"],"items_purchased_type":["Relic","Card","Relic"],"build_version":"2020-12-22","purchased_purges":2,"victory":false,"max_hp_per_floor":[80,80,80,80,80,80,80,80,80,80,80,80,80,80,80,80,80,80,80,80,80,80,80,80,80,80,80,80,80,80,80,80,80,86,86,86,86,86,86,86,86],"relic_stats":{"Darkstone Periapt":6,"counters":[22,137],"CeramicFish":45,"Magic Flower":[34],"PreservedInsect":125,"War Paint":["Defend_R","Defend_R"],"Orichalcum":[66],"Smiling Mask":50,"Burning Blood":120,"Blood Vial":6,"Ornamental Fan":[16],"Mummified Hand":[15],"obtain_stats":[{"Darkstone Periapt":8,"CeramicFish":25,"Magic Flower":34,"PreservedInsect":31,"Omamori":34,"War Paint":0,"Orichalcum":24,"Smiling Mask":9,"Burning Blood":0,"Calling Bell":34,"Blood Vial":36,"Ornamental Fan":26,"Mummified Hand":34,"Runic Pyramid":17},{"Darkstone Periapt":5,"CeramicFish":13,"Magic Flower":17,"PreservedInsect":16,"Omamori":17,"War Paint":0,"Orichalcum":13,"Smiling Mask":5,"Burning Blood":0,"Calling Bell":17,"Blood Vial":18,"Ornamental Fan":13,"Mummified Hand":17,"Runic Pyramid":9},{"Darkstone Periapt":25,"CeramicFish":78,"Magic Flower":105,"PreservedInsect":96,"Omamori":105,"War Paint":0,"Orichalcum":78,"Smiling Mask":25,"Burning Blood":0,"Calling Bell":105,"Blood Vial":110,"Ornamental Fan":78,"Mummified Hand":105,"Runic Pyramid":53}]},"card_choices":[{"not_picked":["True Grit","Pommel Strike"],"picked":"Sword Boomerang","floor":1.0},{"not_picked":["Wild Strike","Pommel Strike"],"picked":"Armaments","floor":4.0},{"not_picked":["Bloodletting","Dual Wield","True Grit"],"picked":"SKIP","floor":5.0},{"not_picked":["Double Tap","Cleave"],"picked":"Flex","floor":7.0},{"not_picked":["Clash","Sentinel"],"picked":"Metallicize","floor":8.0},{"not_picked":["Seeing Red","Whirlwind","Burning Pact"],"picked":"SKIP","floor":10.0},{"not_picked":["Heavy Blade","Battle Trance"],"picked":"Inflame","floor":13.0},{"not_picked":["Havoc","Barricade"],"picked":"Shrug It Off","floor":14.0},{"not_picked":["Double Tap","Exhume"],"picked":"Immolate","floor":16.0},{"not_picked":["Reckless Charge","True Grit","Iron Wave"],"picked":"SKIP","floor":18.0},{"not_picked":["Twin Strike+1","Rage"],"picked":"Iron Wave+1","floor":20.0},{"not_picked":["Thunderclap","Headbutt","Pommel Strike"],"picked":"SKIP","floor":22.0},{"not_picked":["Anger","Second Wind"],"picked":"Flex+1","floor":24.0},{"not_picked":["Bloodletting+1","Heavy Blade","Clash+1"],"picked":"SKIP","floor":27.0},{"not_picked":["Clash","Iron Wave+1","Perfected Strike"],"picked":"SKIP","floor":28.0},{"not_picked":["Rampage","Headbutt","Wild Strike"],"picked":"SKIP","floor":29.0},{"not_picked":["Demon Form","Berserk"],"picked":"Exhume","floor":33.0},{"not_picked":["Hemokinesis","Entrench","Whirlwind"],"picked":"SKIP","floor":35.0},{"not_picked":["Havoc","Sever Soul+1"],"picked":"Shrug It Off+1","floor":37.0},{"not_picked":["Warcry+1","Shrug It Off"],"picked":"Infernal Blade+1","floor":38.0},{"not_picked":["Searing Blow+1","Heavy Blade","Battle Trance"],"picked":"SKIP","floor":39.0}],"player_experience":249206,"relics_obtained":[{"floor":8.0,"key":"Darkstone Periapt"},{"floor":9.0,"key":"Smiling Mask"},{"floor":24.0,"key":"Orichalcum"},{"floor":25.0,"key":"CeramicFish"},{"floor":26.0,"key":"Ornamental Fan"},{"floor":34.0,"key":"Omamori"},{"floor":34.0,"key":"Mummified Hand"},{"floor":34.0,"key":"Magic Flower"}],"event_choices":[{"damage_healed":0.0,"max_hp_gain":0.0,"max_hp_loss":0.0,"gold_gain":0.0,"event_name":"Match and Keep!","player_choice":"1 cards matched","floor":2.0,"gold_loss":0.0,"damage_taken":0.0,"cards_obtained":["Reaper"]},{"damage_healed":0.0,"max_hp_gain":0.0,"max_hp_loss":0.0,"gold_gain":0.0,"cards_transformed":["Strike_R"],"event_name":"Transmorgrifier","player_choice":"Transformed","floor":12.0,"gold_loss":0.0,"damage_taken":0.0,"cards_obtained":["Twin Strike"]},{"damage_healed":0.0,"max_hp_gain":0.0,"max_hp_loss":0.0,"gold_gain":0.0,"event_name":"Knowing Skull","player_choice":"CARD POTION ","floor":19.0,"potions_obtained":["Dexterity Potion"],"gold_loss":0.0,"damage_taken":18.0,"cards_obtained":["Good Instincts"]},{"damage_healed":0.0,"max_hp_gain":0.0,"max_hp_loss":0.0,"gold_gain":0.0,"event_name":"Nest","player_choice":"Joined the Cult","floor":21.0,"gold_loss":0.0,"damage_taken":6.0,"cards_obtained":["RitualDagger"]}],"is_beta":false,"boss_relics":[{"not_picked":["Tiny House","Runic Dome"],"picked":"Runic Pyramid"},{"not_picked":["SlaversCollar","Snecko Eye"],"picked":"Calling Bell"}],"items_purged_floors":[3,31],"is_endless":false,"potions_floor_spawned":[4,8,14,16,20,24,27,33,38],"killed_by":"Giant Head","ascension_level":4}}