{"host":"tfkz8stxzb1up54p","time":1609138021,"event":{"mods":["AchievementEnabler","BaseMod","Block Reminder","Colored Powertips","Disable Question Mark Monsters","Emptier Cage","Gold Saver","Gremlin Skip","Highlight Path","Minty Spire (QoL Compilation)","Permanent Neow","StSLib"],"gold_per_floor":[401,401,576,88,128,158,173,253,253,253,278,2,32,72,72,197,197,212,212,252,293,293,348,408,438,438,478,182,182,197,197,197,297,297,337,352,352,367,407,462,477,492,492,492,532,532,572,587,587,587,587],"floor_reached":50,"playtime":5470,"items_purged":["Doubt"],"score":661,"play_id":"1df93082-62af-4f67-8d08-8fb4a1f2b6c0","local_time":"20201228064701","daily_mods":["Allstar","Colorless Cards","Night Terrors"],"is_ascension_mode":false,"campfire_choices":[{"floor":15,"key":"REST"},{"floor":29,"key":"REST"},{"data":"Panache","floor":32,"key":"SMITH"},{"floor":49,"key":"REST"}],"circlet_count":0,"master_deck":["Strike_P+1","Strike_P+1","Strike_P+1","Strike_P+1","Defend_P+1","Defend_P+1","Defend_P+1","Defend_P+1","Eruption","Vigilance","Chrysalis+1","Dark Shackles","HandOfGreed","Apotheosis+1","Impatience","Prostrate+1","Prostrate","LikeWater","CarveReality","Forethought","Blind+1","Panache+1","Perseverance","Evaluate","CrushJoints","ForeignInfluence","Secret Weapon","ClearTheMind","Swift Strike","CrushJoints+1","Wish","Prostrate","Prostrate","FearNoEvil+1","FollowUp","FollowUp","Crescendo","ForeignInfluence","Flash of Steel","SignatureMove+1","SignatureMove+1","FollowUp","Evaluate+1","Prostrate+1","Prostrate","Prostrate","Dark Shackles+1"],"relics":["PureWater","Art of War","Pear","Dream Catcher","The Courier","Potion Belt","War Paint","Vajra","Gremlin Horn","SlaversCollar","Red Mask","Bag of Marbles","Anchor","Bottled Lightning","Lantern","Omamori","Cursed Key","Smiling Mask","Mercury Hourglass"],"acts_visited":["Exordium","TheCity","TheBeyond"],"potions_floor_usage":[6,7,21,21,25,27,33,39,41,47],"damage_taken":[{"damage":0,"enemies":"Small Slimes","floor":1,"turns":5},{"damage":0,"enemies":"2 Louse","floor":5,"turns":2},{"damage":10,"enemies":"Gremlin Nob","floor":6,"turns":4},{"damage":0,"enemies":"Jaw Worm","floor":7,"turns":4},{"damage":10,"enemies":"3 Sentries","floor":8,"turns":6},{"damage":4,"enemies":"Gremlin Nob","floor":13,"turns":4},{"damage":6,"enemies":"Exordium Wildlife","floor":14,"turns":8},{"damage":13,"enemies":"Slime Boss","floor":16,"turns":7},{"damage":12,"enemies":"2 Thieves","floor":18,"turns":3},{"damage":8,"enemies":"Shell Parasite","floor":20,"turns":7},{"damage":10,"enemies":"Masked Bandits","floor":21,"turns":3},{"damage":7,"enemies":"Book of Stabbing","floor":23,"turns":5},{"damage":0,"enemies":"Shelled Parasite and Fungi","floor":24,"turns":6},{"damage":20,"enemies":"Gremlin Leader","floor":25,"turns":5},{"damage":3,"enemies":"3 Cultists","floor":27,"turns":5},{"damage":0,"enemies":"Centurion and Healer","floor":30,"turns":4},{"damage":12,"enemies":"Collector","floor":33,"turns":5},{"damage":0,"enemies":"3 Shapes","floor":35,"turns":2},{"damage":0,"enemies":"3 Darklings","floor":36,"turns":3},{"damage":17,"enemies":"Maw","floor":38,"turns":5},{"damage":8,"enemies":"Spire Growth","floor":39,"turns":4},{"damage":27,"enemies":"Giant Head","floor":40,"turns":6},{"damage":5,"enemies":"3 Darklings","floor":41,"turns":5},{"damage":0,"enemies":"Jaw Worm Horde","floor":42,"turns":3},{"damage":0,"enemies":"4 Shapes","floor":45,"turns":4},{"damage":18,"enemies":"Maw","floor":47,"turns":7},{"damage":0,"enemies":"Transient","floor":48,"turns":5},{"damage":65,"enemies":"Awakened One","floor":50,"turns":7}],"seed_played":"3313543068594885719","potions_obtained":[{"floor":5,"key":"SkillPotion"},{"floor":6,"key":"DuplicationPotion"},{"floor":14,"key":"Explosive Potion"},{"floor":16,"key":"Energy Potion"},{"floor":18,"key":"PowerPotion"},{"floor":23,"key":"SteroidPotion"},{"floor":27,"key":"Swift Potion"},{"floor":30,"key":"StancePotion"},{"floor":36,"key":"BlessingOfTheForge"},{"floor":40,"key":"Strength Potion"},{"floor":41,"key":"BlessingOfTheForge"},{"floor":42,"key":"ColorlessPotion"}],"is_trial":false,"path_per_floor":["M","?","?","$","M","E","M","E","T","?","T","$","E","M","R","B",null,"M","?","M","?","?","E","M","E","T","M","$","R","M","?","R","B",null,"M","M","?","M","M","E","M","M","T","$","M","?","M","M","R","B"],"character_chosen":"WATCHER","items_purchased":["Prostrate","Art of War","LikeWater","CarveReality","Forethought","War Paint","Vajra","Evaluate","Lantern","FollowUp","Omamori","FollowUp"],"campfire_rested":3,"item_purchase_floors":[4,4,4,4,4,12,12,12,28,28,28,28],"current_hp_per_floor":[72,72,72,72,72,72,72,62,62,46,46,46,42,36,77,64,77,65,65,57,47,47,40,40,20,20,17,17,72,72,72,72,60,72,72,72,72,55,47,20,15,15,15,15,15,63,45,45,58,0,0],"gold":587,"neow_bonus":"","is_daily":true,"chose_seed":false,"campfire_upgraded":1,"win_rate":0.0,"timestamp":1609138021,"path_taken":["M","?","?","$","?","E","M","E","T","?","?","$","E","M","R","BOSS","M","?","M","?","?","E","M","E","T","M","?","R","?","?","R","BOSS","M","M","?","M","?","E","M","M","T","?","M","?","M","M","R","BOSS"],"items_purchased_type":["Card","Relic","Card","Card","Card","Relic","Relic","Card","Relic","Card","Relic","Card"],"build_version":"2020-12-22","purchased_purges":1,"victory":false,"max_hp_per_floor":[72,72,72,72,72,82,82,82,82,82,82,82,82,82,77,77,77,77,77,77,77,77,77,77,77,77,77,77,72,72,72,72,72,72,72,72,72,72,72,72,72,72,72,72,72,63,63,63,58,58,58],"card_choices":[{"not_picked":["FlurryOfBlows","TalkToTheHand"],"picked":"Prostrate","floor":1},{"not_picked":["CutThroughFate","Vengeance"],"picked":"Blind","floor":5},{"not_picked":["FearNoEvil","Impatience"],"picked":"Panache","floor":6},{"not_picked":["PathToVictory","EmptyBody","EmptyFist"],"picked":"SKIP","floor":7},{"not_picked":["FlurryOfBlows","SpiritShield"],"picked":"Perseverance","floor":8},{"not_picked":["Sanctity","Pray","CutThroughFate"],"picked":"SKIP","floor":13},{"not_picked":["Indignation","CutThroughFate"],"picked":"CrushJoints","floor":14},{"not_picked":["Crescendo","Vengeance"],"picked":"ForeignInfluence","floor":15},{"not_picked":["Thinking Ahead","LessonLearned"],"picked":"Secret Weapon","floor":16},{"not_picked":["ThirdEye","BowlingBash+1"],"picked":"ClearTheMind","floor":18},{"not_picked":["Weave+1","ClearTheMind+1"],"picked":"Swift Strike","floor":20},{"not_picked":["Mind Blast","FlyingSleeves"],"picked":"CrushJoints+1","floor":21},{"not_picked":["ThirdEye+1","ClearTheMind"],"picked":"Wish","floor":23},{"not_picked":["Good Instincts+1","PathToVictory+1"],"picked":"Prostrate","floor":24},{"not_picked":["Deep Breath","InnerPeace"],"picked":"Prostrate","floor":25},{"not_picked":["CarveReality","Meditate"],"picked":"FearNoEvil+1","floor":27},{"not_picked":["ClearTheMind","BowlingBash"],"picked":"Crescendo","floor":29},{"not_picked":["WheelKick+1","Protect"],"picked":"ForeignInfluence","floor":30},{"not_picked":["SashWhip","EmptyBody+1"],"picked":"SignatureMove+1","floor":35},{"not_picked":["TalkToTheHand+1","Protect","EmptyFist+1"],"picked":"SKIP","floor":36},{"not_picked":["SignatureMove","Wireheading","JustLucky+1"],"picked":"SKIP","floor":38},{"not_picked":["SignatureMove","Protect"],"picked":"FollowUp","floor":39},{"not_picked":["Protect","Nirvana+1"],"picked":"Evaluate+1","floor":40},{"not_picked":["PathToVictory+1","SpiritShield"],"picked":"Prostrate+1","floor":41},{"not_picked":["Wireheading+1","EmptyBody","FlurryOfBlows"],"picked":"SKIP","floor":42},{"not_picked":["Halt+1","Protect+1"],"picked":"Prostrate","floor":45},{"not_picked":["Crescendo","BowlingBash+1"],"picked":"Prostrate","floor":47},{"not_picked":["JustLucky","EmptyBody","ThirdEye+1"],"picked":"SKIP","floor":48},{"not_picked":["Swift Strike+1","Apotheosis"],"picked":"Dark Shackles+1","floor":49}],"player_experience":1244724,"relics_obtained":[{"floor":6,"key":"Pear"},{"floor":8,"key":"Dream Catcher"},{"floor":9,"key":"The Courier"},{"floor":11,"key":"Potion Belt"},{"floor":13,"key":"Gremlin Horn"},{"floor":21,"key":"Red Mask"},{"floor":23,"key":"Bag of Marbles"},{"floor":25,"key":"Anchor"},{"floor":26,"key":"Bottled Lightning"},{"floor":40,"key":"Smiling Mask"},{"floor":43,"key":"Mercury Hourglass"}],"event_choices":[{"damage_healed":0,"gold_gain":0,"player_choice":"Grow","damage_taken":0,"max_hp_gain":0,"max_hp_loss":0,"event_name":"Living Wall","floor":2,"gold_loss":0,"cards_upgraded":["Apotheosis"]},{"damage_healed":0,"gold_gain":175,"player_choice":"AGREE","damage_taken":0,"max_hp_gain":0,"max_hp_loss":0,"event_name":"Liars Game","floor":3,"gold_loss":0,"cards_obtained":["Doubt"]},{"damage_healed":0,"gold_gain":0,"player_choice":"Entered Light","damage_taken":16,"max_hp_gain":0,"max_hp_loss":0,"event_name":"Shining Light","floor":10,"gold_loss":0,"cards_upgraded":["Defend_P","Blind"]},{"damage_healed":0,"gold_gain":0,"player_choice":"Ignored","damage_taken":0,"max_hp_gain":0,"max_hp_loss":0,"event_name":"Ghosts","floor":19,"gold_loss":0},{"damage_healed":0,"gold_gain":0,"player_choice":"Fought Bandits","damage_taken":0,"max_hp_gain":0,"max_hp_loss":0,"event_name":"Masked Bandits","floor":21,"gold_loss":0},{"damage_healed":0,"gold_gain":0,"player_choice":"Simplicity","damage_taken":0,"max_hp_gain":0,"max_hp_loss":0,"event_name":"Back to Basics","floor":22,"gold_loss":0,"cards_upgraded":["Strike_P","Strike_P","Strike_P","Strike_P","Defend_P","Defend_P","Defend_P"]},{"damage_healed":0,"gold_gain":0,"player_choice":"Read","damage_taken":0,"max_hp_gain":0,"max_hp_loss":0,"event_name":"The Library","floor":31,"gold_loss":0,"cards_obtained":["Flash of Steel"]},{"damage_healed":0,"gold_gain":0,"player_choice":"Copied","damage_taken":0,"max_hp_gain":0,"max_hp_loss":0,"event_name":"Duplicator","floor":37,"gold_loss":0,"cards_obtained":["SignatureMove"]},{"damage_healed":63,"gold_gain":0,"player_choice":"Heal","damage_taken":0,"max_hp_gain":0,"max_hp_loss":9,"event_name":"The Moai Head","floor":46,"gold_loss":0}],"is_beta":false,"boss_relics":[{"not_picked":["Snecko Eye","Astrolabe"],"picked":"SlaversCollar"},{"not_picked":["Sozu","Coffee Dripper"],"picked":"Cursed Key"}],"items_purged_floors":[4],"is_endless":false,"potions_floor_spawned":[5,6,14,16,18,23,27,30,36,40,41,42],"killed_by":"Awakened One","ascension_level":0}}