{"host":"5fasz840ryq7obdf","time":1609159040,"event":{"mods":["AchievementEnabler","BaseMod","Bestiary","Better Altar","Better Skull","Better Third Choice","BetterRewards","Block Reminder","Colored Powertips","Curses Come First","Highlight Path","Minty Spire (QoL Compilation)","Quick Restart","Rare Cards Sparkle","Relic Sorter","Relic Stats","Replay The Spire","Shop Mod","Spicy Shops","StSLib","SuperFastMode"],"gold_per_floor":[110,124,134,147,30,60,60,60,86,111,111,143,218,235,235,309,309,326,346,346,211,230,257,257,287,287,287,322,322,0,100,100,176,176,188,14,34,45,0,26,39,71,97,144,179,179,27,27,27,27,27,27,27,8,42,42],"floor_reached":57,"playtime":3747,"items_purged":["Strike_R","Defend_R","Strike_R","Strike_R"],"score":3553,"play_id":"5f84615d-2834-4482-9f0e-1085dc8c6a2b","local_time":"20201228123720","is_ascension_mode":true,"campfire_choices":[{"data":"True Grit","floor":8.0,"key":"SMITH"},{"data":"Rupture","floor":11.0,"key":"SMITH"},{"data":"Fire Breathing","floor":15,"key":"SMITH"},{"data":"Bash","floor":24,"key":"SMITH"},{"data":"Hemogenesis","floor":27,"key":"SMITH"},{"data":"Body Slam","floor":29,"key":"SMITH"},{"data":"Replay:Many Hands","floor":32,"key":"SMITH"},{"floor":46,"key":"RECALL"},{"data":"Demon Form","floor":53,"key":"SMITH"}],"circlet_count":0,"master_deck":["AscendersBane","Strike_R+1","Defend_R","Bash+1","Defy Death","ReplayTheSpireMod:Private Reserves","Bloodletting","Bloodletting","Seeing Red","Feel No Pain","Shrug It Off","Sentinel","Reckless Charge","Power Through","Rupture+1","Overencumbered","Feel No Pain","Seeing Red","Thunderclap","True Grit+1","Shrug It Off","Shrug It Off","Feel No Pain","Seeing Red","Pot Of Greed","Pot Of Greed","Pot Of Greed+1","Replay:Many Hands+1","Fire Breathing+1","Offering","ReplayTheSpireMod:Strike From Hell+1","Fire Breathing","Offering","Clothesline","ReplayTheSpireMod:Strike From Hell","Hemogenesis+1","Body Slam+1","Pot Of Greed","Violence","Entrench","Eclipse","Shockwave+1","Whirlwind+1","ReplayTheSpireMod:Necrogeddon","Blood for Blood","Defy Death+1","Shockwave","Demon Form+1","Pommel Strike+1","Reckless Charge","Pot Of Greed+1","Disarm","ReplayReversal+1","Massacre+1","Feel No Pain+1","Mind Blast+1","Demonic Infusion+1","Sever Soul"],"relics":["Burning Blood","Charon\u0027s Ashes","Incense Burner","Bag of Marbles","Medical Kit","Replay:WaspNest","Meat on the Bone","Paper Frog","Sling","TungstenRod","Membership Card","Torii","Matryoshka","Snack Pack","Grinning Jar","Centennial Puzzle","Oddly Smooth Stone","Omamori","Pocketwatch","Electric Blood","Bloody Idol","DollysMirror","Lantern","Whetstone","Bronze Scales","Mummified Hand","Gambling Chip","Replay:Bottled Steam","Replay:Baseball","Mango","HornCleat","ChewingGum","Red Mask","Mirror","PreservedInsect","Bird Faced Urn","Golden Egg","ReplayTheSpireMod:CursedCoin","Turnip","War Paint"],"acts_visited":["Exordium","TheCity","TheBeyond","TheEnding"],"potions_floor_usage":[19,56],"damage_taken":[{"damage":13.0,"enemies":"Jaw Worm","floor":1.0,"turns":2.0},{"damage":2.0,"enemies":"2 Louse","floor":2.0,"turns":2.0},{"damage":0.0,"enemies":"Small Slimes","floor":3.0,"turns":5.0},{"damage":12.0,"enemies":"3 Louse","floor":4.0,"turns":3.0},{"damage":12.0,"enemies":"Gremlin Nob","floor":6.0,"turns":5.0},{"damage":4.0,"enemies":"3 Sentries","floor":10.0,"turns":4.0},{"damage":0,"enemies":"Gremlin Nob","floor":12,"turns":4},{"damage":0,"enemies":"Looter","floor":14,"turns":3},{"damage":4,"enemies":"Hexaghost","floor":16,"turns":7},{"damage":8,"enemies":"Spheric Guardian","floor":18,"turns":3},{"damage":14,"enemies":"2 Thieves","floor":19,"turns":2},{"damage":14,"enemies":"3 Cultists","floor":22,"turns":4},{"damage":14,"enemies":"Gremlin Leader","floor":23,"turns":4},{"damage":15,"enemies":"Replay:Snechameleon","floor":25,"turns":3},{"damage":10,"enemies":"Book of Stabbing","floor":28,"turns":3},{"damage":5,"enemies":"Colosseum Slavers","floor":31,"turns":1},{"damage":6,"enemies":"Colosseum Nobs","floor":31,"turns":2},{"damage":60,"enemies":"Champ","floor":33,"turns":5},{"damage":3,"enemies":"3 Shapes","floor":35,"turns":2},{"damage":3,"enemies":"Orb Walker","floor":37,"turns":1},{"damage":0,"enemies":"4 Shapes","floor":38,"turns":1},{"damage":14,"enemies":"R_Hoarder","floor":40,"turns":4},{"damage":11,"enemies":"Spire Growth","floor":41,"turns":4},{"damage":13,"enemies":"Reptomancer","floor":42,"turns":1},{"damage":4,"enemies":"2 Orb Walkers","floor":44,"turns":2},{"damage":0,"enemies":"Nemesis","floor":45,"turns":1},{"damage":55,"enemies":"Awakened One","floor":50,"turns":6},{"damage":30,"enemies":"Replay:Hell Engine","floor":51,"turns":4},{"damage":3,"enemies":"Shield and Spear","floor":55,"turns":2},{"damage":76,"enemies":"The Heart","floor":56,"turns":6}],"seed_played":"3061621243955439399","potions_obtained":[{"floor":2.0,"key":"Adrenaline Potion"},{"floor":10.0,"key":"ElixirPotion"},{"floor":19,"key":"LiquidMemories"},{"floor":23,"key":"Reflective Coating"},{"floor":25,"key":"BloodPotion"}],"is_trial":false,"path_per_floor":["M","M","M","M","$","E","?","R","T","E","R","E","?","M","R","B",null,"M","M","?","$","M","E","R","E","T","R","E","R","$","?","R","B",null,"M","$","M","M","?","E","M","E","T","?","E","R","$","$","R","B","B",null,"R","$","E","B",null],"character_chosen":"IRONCLAD","items_purchased":["Charon\u0027s Ashes","Defy Death","ReplayTheSpireMod:Private Reserves","Bloodletting","Incense Burner","Seeing Red","Bag of Marbles","Feel No Pain","Medical Kit","Replay:WaspNest","Meat on the Bone","Paper Frog","Sling","Shrug It Off","TungstenRod","Membership Card","Torii","Matryoshka","Sentinel","Reckless Charge","Power Through","Snack Pack","Rupture","Shrug It Off","Feel No Pain","Seeing Red","Fire Breathing","DollysMirror","Clothesline","Violence","Replay:Bottled Steam","Replay:Baseball","Whirlwind+1","ReplayTheSpireMod:Necrogeddon","Blood for Blood","ReplayReversal","Massacre","Feel No Pain","Mind Blast","ReplayTheSpireMod:CursedCoin","Turnip"],"campfire_rested":0,"item_purchase_floors":[0,0,0,0,0,0,0,0,0,0,0,0,0,0,0,0,0,0,0,0,0,0,0,5,5,5,21,21,21,30,30,30,36,36,36,47,47,47,47,54,54],"current_hp_per_floor":[28,44,50,44,44,50,44,44,44,46,46,52,42,48,48,54,70,70,66,26,26,35,50,50,60,60,60,63,63,63,89,89,56,81,89,89,89,89,89,89,89,89,89,89,89,89,89,89,89,68,64,83,83,88,89,52],"gold":42,"neow_bonus":"","is_daily":false,"chose_seed":false,"campfire_upgraded":8,"win_rate":0.0,"timestamp":1609159040,"path_taken":["M","M","M","M","$","E","?","R","T","E","R","E","?","M","R","BOSS","M","M","?","$","M","E","R","E","T","R","E","R","$","?","R","BOSS","M","$","M","M","?","E","M","E","T","?","E","R","?","$","R","BOSS","BOSS","R","$","E","BOSS"],"items_purchased_type":["Relic","Card","Card","Card","Relic","Card","Relic","Card","Relic","Relic","Relic","Relic","Relic","Card","Relic","Relic","Relic","Relic","Card","Card","Card","Relic","Card","Card","Card","Card","Card","Relic","Card","Card","Relic","Relic","Card","Card","Card","Card","Card","Card","Card","Relic","Relic"],"build_version":"2020-12-22","purchased_purges":4,"victory":true,"max_hp_per_floor":[75,75,75,75,75,75,75,75,75,75,75,75,75,75,75,75,75,75,75,75,75,75,75,75,75,75,75,75,75,75,89,89,89,89,89,89,89,89,89,89,89,89,89,89,89,89,89,89,89,89,89,89,89,89,89,89],"relic_stats":{"Torii":11,"counters":[160,531],"Charon\u0027s Ashes":[1173],"PreservedInsect":1047,"Whetstone":["Strike_R","Heavy Blade","Sword Boomerang","Pummel","Strike_R","ReplayTheSpireMod:Strike From Hell"],"War Paint":["Pot Of Greed","Pot Of Greed"],"Medical Kit":[119],"Burning Blood":831,"Centennial Puzzle":[84],"Mummified Hand":[68],"Bloody Idol":39,"Bronze Scales":[134],"Gambling Chip":[48],"Bird Faced Urn":[44],"Turnip":[2],"obtain_stats":[{"Golden Egg":45,"Ginger":0,"Whetstone":9,"Sling":48,"Blood Vial":17,"MealTicket":3,"HandDrill":0,"Kunai":19,"Electric Blood":17,"Replay:Bottled Steam":30,"betterAltar:BloodRelic":21,"Blue Candle":48,"Eternal Feather":8,"Pen Nib":0,"Akabeko":17,"Bird Faced Urn":48,"Mark of Pain":34,"Unceasing Top":0,"Lantern":9,"Regal Pillow":21,"Singing Bowl":0,"Torii":0,"StoneCalendar":4,"King of Hearts":0,"Bag of Preparation":48,"Smiling Mask":9,"Cursed Key":34,"Ancient Tea Set":21,"Burning Blood":0,"Matryoshka":0,"Shovel":17,"InkBottle":17,"Paper Frog":28,"Potion Belt":48,"Self Forming Clay":31,"Golden Idol":3,"Thread and Needle":45,"PreservedInsect":0,"The Courier":27,"Omamori":25,"Frozen Egg 2":0,"MawBank":42,"Ornamental Fan":26,"Bloody Idol":21,"Orrery":20,"Turnip":54,"Art of War":6,"Durian":0,"Bottled Lightning":14,"Toy Ornithopter":23,"Ice Cream":12,"Calipers":0,"Gremlin Horn":55,"CeramicFish":2,"Vajra":20,"Sozu":17,"Centennial Puzzle":21,"HornCleat":55,"DollysMirror":0,"Strawberry":40,"Prayer Wheel":17,"Iron Hammer":25,"Toxic Egg 2":0,"Happy Flower":0,"ReplayTheSpireMod:CursedCoin":54,"Oddly Smooth Stone":8,"Charon\u0027s Ashes":26,"Letter Opener":40,"War Paint":41,"Question Card":14,"Du-Vu Doll":0,"OrangePellets":31,"ReplayTheSpireMod:Spearhead":6,"Replay:Baseball":25,"Brimstone":37,"Shuriken":32,"Bronze Scales":42,"Onion Ring":42,"Simple Rune":55,"Black Star":34,"Grinning Jar":6,"Mirror":40,"Pocketwatch":44,"Meat on the Bone":0,"Darkstone Periapt":12,"ReplayFunnel":54,"Mango":10,"Incense Burner":38,"ClockworkSouvenir":48,"Nunchaku":26,"Replay:Bandana":0,"Dream Catcher":23,"Mummified Hand":6,"Gambling Chip":0,"Tiny Chest":20,"Red Mask":39,"Replay:Bottled Snecko":54,"Red Skull":20,"Guide Book":36,"Replay:WaspNest":9,"Odd Mushroom":10,"Orichalcum":31,"Medical Kit":0,"Mercury Hourglass":46,"Calling Bell":17,"Peace Pipe":45,"Strange Spoon":0,"Anchor":36,"ChewingGum":34,"Bag of Marbles":0,"Snack Pack":0,"Membership Card":0,"TungstenRod":43,"FossilizedHelix":46},{"Golden Egg":156,"Ginger":10,"Whetstone":16,"Sling":66,"Blood Vial":21,"MealTicket":41,"HandDrill":0,"Kunai":50,"Electric Blood":139,"Replay:Bottled Steam":145,"betterAltar:BloodRelic":22,"Blue Candle":66,"Eternal Feather":16,"Pen Nib":0,"Akabeko":49,"Bird Faced Urn":66,"Mark of Pain":58,"Unceasing Top":68,"Lantern":4,"Regal Pillow":51,"Singing Bowl":40,"Torii":68,"StoneCalendar":41,"King of Hearts":98,"Bag of Preparation":94,"Smiling Mask":16,"Cursed Key":29,"Ancient Tea Set":109,"Burning Blood":0,"Matryoshka":10,"Shovel":49,"InkBottle":49,"Paper Frog":26,"Potion Belt":94,"Self Forming Clay":28,"Golden Idol":69,"Thread and Needle":36,"PreservedInsect":10,"The Courier":55,"Omamori":24,"Frozen Egg 2":0,"MawBank":64,"Ornamental Fan":24,"Bloody Idol":22,"Orrery":109,"Turnip":158,"Art of War":14,"Durian":98,"Bottled Lightning":20,"Toy Ornithopter":23,"Ice Cream":46,"Calipers":40,"Gremlin Horn":129,"CeramicFish":11,"Vajra":22,"Sozu":76,"Centennial Puzzle":51,"HornCleat":97,"DollysMirror":98,"Strawberry":121,"Prayer Wheel":21,"Iron Hammer":112,"Toxic Egg 2":0,"Happy Flower":10,"ReplayTheSpireMod:CursedCoin":158,"Oddly Smooth Stone":44,"Charon\u0027s Ashes":54,"Letter Opener":34,"War Paint":89,"Question Card":9,"Du-Vu Doll":40,"OrangePellets":28,"ReplayTheSpireMod:Spearhead":101,"Replay:Baseball":112,"Brimstone":31,"Shuriken":57,"Bronze Scales":35,"Onion Ring":123,"Simple Rune":129,"Black Star":85,"Grinning Jar":135,"Mirror":152,"Pocketwatch":124,"Meat on the Bone":130,"Darkstone Periapt":19,"ReplayFunnel":128,"Mango":45,"Incense Burner":88,"ClockworkSouvenir":66,"Nunchaku":24,"Replay:Bandana":98,"Dream Catcher":111,"Mummified Hand":71,"Gambling Chip":40,"Tiny Chest":22,"Red Mask":151,"Replay:Bottled Snecko":128,"Red Skull":22,"Guide Book":118,"Replay:WaspNest":103,"Odd Mushroom":5,"Orichalcum":84,"Medical Kit":130,"Mercury Hourglass":65,"Calling Bell":21,"Peace Pipe":125,"Strange Spoon":0,"Anchor":59,"ChewingGum":148,"Bag of Marbles":98,"Snack Pack":130,"Membership Card":10,"TungstenRod":35,"FossilizedHelix":93},{"Golden Egg":513,"Ginger":39,"Whetstone":57,"Sling":203,"Blood Vial":72,"MealTicket":129,"HandDrill":0,"Kunai":163,"Electric Blood":470,"Replay:Bottled Steam":489,"betterAltar:BloodRelic":74,"Blue Candle":203,"Eternal Feather":57,"Pen Nib":0,"Akabeko":159,"Bird Faced Urn":203,"Mark of Pain":182,"Unceasing Top":212,"Lantern":11,"Regal Pillow":166,"Singing Bowl":127,"Torii":212,"StoneCalendar":129,"King of Hearts":364,"Bag of Preparation":337,"Smiling Mask":57,"Cursed Key":99,"Ancient Tea Set":385,"Burning Blood":0,"Matryoshka":39,"Shovel":159,"InkBottle":159,"Paper Frog":88,"Potion Belt":337,"Self Forming Clay":94,"Golden Idol":215,"Thread and Needle":116,"PreservedInsect":39,"The Courier":176,"Omamori":80,"Frozen Egg 2":0,"MawBank":195,"Ornamental Fan":80,"Bloody Idol":74,"Orrery":385,"Turnip":523,"Art of War":53,"Durian":364,"Bottled Lightning":66,"Toy Ornithopter":77,"Ice Cream":148,"Calipers":127,"Gremlin Horn":430,"CeramicFish":43,"Vajra":74,"Sozu":241,"Centennial Puzzle":166,"HornCleat":355,"DollysMirror":364,"Strawberry":411,"Prayer Wheel":72,"Iron Hammer":392,"Toxic Egg 2":0,"Happy Flower":39,"ReplayTheSpireMod:CursedCoin":523,"Oddly Smooth Stone":142,"Charon\u0027s Ashes":172,"Letter Opener":111,"War Paint":319,"Question Card":33,"Du-Vu Doll":127,"OrangePellets":94,"ReplayTheSpireMod:Spearhead":370,"Replay:Baseball":392,"Brimstone":103,"Shuriken":180,"Bronze Scales":113,"Onion Ring":417,"Simple Rune":430,"Black Star":297,"Grinning Jar":452,"Mirror":505,"Pocketwatch":419,"Meat on the Bone":435,"Darkstone Periapt":65,"ReplayFunnel":429,"Mango":144,"Incense Burner":313,"ClockworkSouvenir":203,"Nunchaku":80,"Replay:Bandana":364,"Dream Catcher":389,"Mummified Hand":222,"Gambling Chip":127,"Tiny Chest":74,"Red Mask":501,"Replay:Bottled Snecko":429,"Red Skull":74,"Guide Book":407,"Replay:WaspNest":373,"Odd Mushroom":14,"Orichalcum":286,"Medical Kit":435,"Mercury Hourglass":200,"Calling Bell":72,"Peace Pipe":420,"Strange Spoon":0,"Anchor":183,"ChewingGum":497,"Bag of Marbles":364,"Snack Pack":435,"Membership Card":39,"TungstenRod":113,"FossilizedHelix":334}],"TungstenRod":542,"Meat on the Bone":72,"Pocketwatch":[4]},"card_choices":[{"not_picked":["Twin Strike","Havoc"],"picked":"Feel No Pain","floor":1.0},{"not_picked":["Sever Soul","Disarm"],"picked":"Seeing Red","floor":2.0},{"not_picked":["Inflame","Shrug It Off"],"picked":"Thunderclap","floor":3.0},{"not_picked":["Run Through","Bloodletting"],"picked":"True Grit","floor":4.0},{"not_picked":["Anger","Flex","Iron Wave"],"picked":"SKIP","floor":6.0},{"not_picked":["Anger","Flex","Cleave"],"picked":"SKIP","floor":10.0},{"not_picked":["Power Through","Heavy Blade"],"picked":"Replay:Many Hands","floor":12},{"not_picked":["Wild Strike","Iron Wave"],"picked":"Fire Breathing","floor":14},{"not_picked":["Double Tap","Impervious"],"picked":"Offering","floor":16},{"not_picked":["Sword Boomerang+1","Armaments"],"picked":"ReplayTheSpireMod:Strike From Hell","floor":18},{"not_picked":["Iron Wave","Run Through","Perfected Strike"],"picked":"SKIP","floor":19},{"not_picked":["Cleave","Anger+1"],"picked":"ReplayTheSpireMod:Strike From Hell","floor":22},{"not_picked":["Clothesline","Havoc","Perfected Strike"],"picked":"SKIP","floor":23},{"not_picked":["Abandon","Metallicize"],"picked":"Hemogenesis","floor":25},{"not_picked":["Flex","Iron Wave"],"picked":"Body Slam","floor":28},{"not_picked":["Sentinel+1","Thunderclap"],"picked":"Entrench","floor":31},{"not_picked":["Limit Break","Demonic Infusion"],"picked":"Eclipse","floor":33},{"not_picked":["Warcry","Iron Wave"],"picked":"Shockwave+1","floor":35},{"not_picked":["Perfected Strike+1","Wild Strike"],"picked":"Defy Death+1","floor":37},{"not_picked":["Sword Boomerang","Armaments"],"picked":"Shockwave","floor":38},{"not_picked":["Sentinel","Flex"],"picked":"Demon Form","floor":40},{"not_picked":["Clothesline+1","ReplayTheSpireMod:LeadingStrike+1"],"picked":"Pommel Strike+1","floor":41},{"not_picked":["Defy Death","Berserk"],"picked":"Reckless Charge","floor":42},{"not_picked":["Flex","Run Through"],"picked":"Disarm","floor":44},{"not_picked":["Clothesline","Iron Wave","Cleave+1"],"picked":"SKIP","floor":45},{"not_picked":["Clash+1","Run Through"],"picked":"Sever Soul","floor":55}],"player_experience":1214905,"relics_obtained":[{"floor":6.0,"key":"Grinning Jar"},{"floor":9.0,"key":"Centennial Puzzle"},{"floor":9.0,"key":"Oddly Smooth Stone"},{"floor":10.0,"key":"Omamori"},{"floor":12,"key":"Pocketwatch"},{"floor":23,"key":"Lantern"},{"floor":25,"key":"Whetstone"},{"floor":26,"key":"Bronze Scales"},{"floor":26,"key":"Mummified Hand"},{"floor":28,"key":"Gambling Chip"},{"floor":31,"key":"Mango"},{"floor":31,"key":"HornCleat"},{"floor":40,"key":"Mirror"},{"floor":42,"key":"PreservedInsect"},{"floor":44,"key":"Bird Faced Urn"},{"floor":45,"key":"Golden Egg"},{"floor":55,"key":"War Paint"}],"event_choices":[{"cards_removed":["Defend_R"],"damage_healed":0.0,"max_hp_gain":0.0,"max_hp_loss":0.0,"gold_gain":0.0,"event_name":"Golden Wing","player_choice":"Card Removal","floor":7.0,"gold_loss":0.0,"damage_taken":7.0},{"damage_healed":0,"gold_gain":75,"player_choice":"Gold","damage_taken":11,"max_hp_gain":0,"max_hp_loss":0,"event_name":"betterThird:BetterGoop","floor":13,"gold_loss":0},{"damage_healed":0,"gold_gain":0,"player_choice":" Idol ","damage_taken":41,"relics_obtained":["Bloody Idol"],"max_hp_gain":66,"max_hp_loss":26,"event_name":"betterAltar:BetterAltar","floor":20,"potions_obtained":[],"relics_lost":[],"gold_loss":0},{"damage_healed":0,"gold_gain":0,"player_choice":"Fight","damage_taken":0,"max_hp_gain":0,"max_hp_loss":0,"event_name":"Colosseum","floor":31,"gold_loss":0},{"damage_healed":0,"gold_gain":0,"player_choice":"Fought Nobs","damage_taken":0,"max_hp_gain":0,"max_hp_loss":0,"event_name":"Colosseum","floor":31,"gold_loss":0},{"damage_healed":0,"gold_gain":0,"player_choice":"Paid","damage_taken":0,"relics_obtained":["Red Mask"],"max_hp_gain":0,"max_hp_loss":0,"event_name":"Tomb of Lord Red Mask","floor":39,"gold_loss":45},{"damage_healed":0,"gold_gain":0,"player_choice":"Fight","damage_taken":0,"max_hp_gain":0,"max_hp_loss":0,"event_name":"Mysterious Sphere","floor":44,"gold_loss":0}],"is_beta":false,"boss_relics":[{"not_picked":["Ooze Armor","Black Star"],"picked":"Electric Blood"},{"not_picked":["Runic Dome","Replay:Ancient Bell"],"picked":"ChewingGum"}],"items_purged_floors":[0,0,0,0],"is_endless":false,"potions_floor_spawned":[2,10,12,14,19,23,25,31,37,42,44,55],"ascension_level":20}}