{"host":"d4jjsas3g8mfo55f","time":1609172213,"event":{"mods":["ATMod(阿瑾Mod)","Aspiration","BaseMod","Hermit","LagranYue(拉格朗・月)","Luminous","Minty Spire (QoL Compilation)","Replay The Spire","Spicy Shops","StSLib","The Bladedancer","The Bug Knight","The Gatherer","The Jungle","vexMod","【遗物卡牌】REMEMod"],"gold_per_floor":[112,112,112,194,194,194,255,312,312,351,363,391,403,428,440,549,561,593,605,597,621,653,694,722,748,760,772,794,806,836,868,880,991,1003,1026,1051,184,184,194,194,224,199,222,222,247,267,267,281,281,281,281,281,38,66,66],"floor_reached":56,"playtime":2540,"items_purged":["Pain"],"score":1907,"play_id":"05a487cd-7910-414b-8f7c-c51f61106cec","local_time":"20201229001653","is_ascension_mode":true,"campfire_choices":[{"data":"Dualcast","floor":6,"key":"SMITH"},{"data":"Crow Ritual","floor":11,"key":"SMITH"},{"data":"Loop","floor":13,"key":"SMITH"},{"data":"Lockon","floor":15,"key":"SMITH"},{"data":"Redo","floor":27,"key":"SMITH"},{"floor":32,"key":"REST"},{"data":"AT_ThunderBolt","floor":40,"key":"SMITH"},{"floor":47,"key":"RECALL"},{"data":"Redo","floor":49,"key":"SMITH"},{"data":"Thunder Strike","floor":52,"key":"SMITH"}],"circlet_count":0,"master_deck":["Strike_B","Strike_B","Strike_B","Strike_B","Defend_B","Defend_B","Defend_B","Defend_B","Zap+1","Dualcast+1","Crow Ritual+1","AT_EssenceShift","Lockon+1","Voices","Loop+1","FTL","Thunder Strike+1","Doom and Gloom","REME_DataAnalysis","Electrodynamics","Redo+1","Redo+1","Self Repair","Blizzard+1","Ball Lightning","Gash","AT_WarpDrive+1","Hologram+1","AT_ThunderBolt+1","AT_RightCognition+1","FIFO Queue+1","Redo+1","Doom and Gloom","Storm+1","AT_LightSaberMaster+1","Sunder+1","Cold Snap","Amplify","AT_HeatAcrobatics+1","Compile Driver+1","Conserve Battery"],"relics":["Cracked Core","AT_ATBox","REME_ComplimentaryCards","LagranYue:RandomDrawCardRelic","aspiration:Nostalgia","Ring of the Snake","LagranYue:ReturningEmperorRelic","Garlic","Ring of Misfortune","ReplayTheSpireMod:Ring of Challenge","MawBank","aspiration:SeaSaltIceCream","aspiration:Nostalgia","Sizzling Blood","LagranYue:ContractPerformanceRelic","Replay:Rubber Ducky","aspiration:Stabinomicon","aspiration:PoetsPen_weak","ReplayTheSpireMod:CursedCoin","Frozen Egg 2","AT_SunfireAegis","Replay:Bottled Snecko","HandDrill","Replay:Baseball","Omamori","Bag of Preparation","AT_ForceNature","AT_BladeRuinedKing"],"acts_visited":["Exordium","TheCity","TheBeyond","TheEnding"],"potions_floor_usage":[10,16,18,23,23,23,24,24,30,31,35,36,50],"damage_taken":[{"damage":0,"enemies":"Cultist","floor":1,"turns":2},{"damage":5,"enemies":"Jaw Worm","floor":7,"turns":2},{"damage":0,"enemies":"2 Louse","floor":8,"turns":2},{"damage":9,"enemies":"3 Sentries","floor":10,"turns":11},{"damage":3,"enemies":"Blue Slaver","floor":12,"turns":2},{"damage":0,"enemies":"2 Fungi Beasts","floor":14,"turns":2},{"damage":23,"enemies":"Slime Boss","floor":16,"turns":9},{"damage":25,"enemies":"2 Thieves","floor":18,"turns":3},{"damage":12,"enemies":"3 Byrds","floor":21,"turns":2},{"damage":2,"enemies":"3 Cultists","floor":22,"turns":3},{"damage":44,"enemies":"Slavers","floor":23,"turns":5},{"damage":26,"enemies":"Shelled Parasite and Fungi","floor":24,"turns":4},{"damage":10,"enemies":"Snake Plant","floor":25,"turns":4},{"damage":1,"enemies":"Snecko","floor":28,"turns":3},{"damage":11,"enemies":"Sentry and Sphere","floor":30,"turns":4},{"damage":16,"enemies":"Cultist and Chosen","floor":31,"turns":5},{"damage":20,"enemies":"Pondfish","floor":33,"turns":8},{"damage":42,"enemies":"3 Darklings","floor":35,"turns":5},{"damage":11,"enemies":"3 Shapes","floor":36,"turns":6},{"damage":11,"enemies":"Jaw Worm Horde","floor":39,"turns":4},{"damage":0,"enemies":"Reptomancer","floor":41,"turns":2},{"damage":2,"enemies":"R_Hoarder","floor":45,"turns":4},{"damage":1,"enemies":"Maw","floor":46,"turns":6},{"damage":7,"enemies":"Writhing Mass","floor":48,"turns":4},{"damage":4,"enemies":"Donu and Deca","floor":50,"turns":4},{"damage":84,"enemies":"Shield and Spear","floor":54,"turns":4},{"damage":0,"enemies":"The Heart","floor":55,"turns":7}],"seed_played":"-1605488951822278540","potions_obtained":[{"floor":1,"key":"PotionOfCapacity"},{"floor":8,"key":"Swift Potion"},{"floor":10,"key":"Weak Potion"},{"floor":14,"key":"Energy Potion"},{"floor":18,"key":"ColorlessPotion"},{"floor":20,"key":"FearPotion"},{"floor":23,"key":"FairyPotion"},{"floor":28,"key":"LiquidBronze"},{"floor":30,"key":"Swift Potion"},{"floor":33,"key":"Milkshake"},{"floor":35,"key":"Dexterity Potion"},{"floor":41,"key":"Reflective Coating"}],"is_trial":false,"path_per_floor":["M","T","?","T","?","R","M","M","T","E","R","M","R","M","R","B",null,"M","?","?","M","M","E","M","M","T","R","M","?","M","M","R","B",null,"M","M","$","?","M","R","E","?","T","?","E","M","R","M","R","B",null,"R","$","E","B",null],"character_chosen":"DEFECT","items_purchased":["ReplayTheSpireMod:CursedCoin","Frozen Egg 2","AT_SunfireAegis","Doom and Gloom","Storm+1","Replay:Bottled Snecko","HandDrill","AT_ForceNature"],"campfire_rested":1,"item_purchase_floors":[37,37,37,37,37,37,37,53],"current_hp_per_floor":[75,75,75,75,75,75,70,70,70,65,65,66,66,70,70,51,79,58,58,58,50,52,19,34,35,41,41,51,35,28,23,48,32,85,54,54,54,54,54,54,58,58,58,58,60,70,70,74,74,74,85,85,85,12,16],"gold":66,"neow_bonus":"NOSTALGIA","is_daily":false,"chose_seed":false,"campfire_upgraded":8,"win_rate":0.0,"timestamp":1609172213,"path_taken":["M","?","?","?","?","R","M","?","T","E","R","M","R","M","R","BOSS","M","?","?","M","M","E","?","?","T","R","M","?","M","M","R","BOSS","M","M","$","?","M","R","E","?","T","?","E","M","R","?","R","BOSS","R","$","E","BOSS"],"items_purchased_type":["Relic","Relic","Relic","Card","Card","Relic","Relic","Relic"],"build_version":"2020-12-22","purchased_purges":1,"victory":true,"max_hp_per_floor":[75,75,75,75,75,75,75,75,75,79,79,79,79,79,79,79,79,79,79,79,79,79,79,79,79,85,85,85,85,85,85,85,85,85,85,85,85,85,85,85,85,85,85,85,85,85,85,85,85,85,85,85,85,85,85],"card_choices":[{"not_picked":["Heatsinks","Hologram"],"picked":"Lockon","floor":1},{"not_picked":["Darkness","Melter"],"picked":"Loop","floor":7},{"not_picked":["Compile Driver","Steam"],"picked":"FTL","floor":8},{"not_picked":["Scrape","Buffer"],"picked":"Thunder Strike","floor":10},{"not_picked":["Leap","Barrage"],"picked":"Doom and Gloom","floor":12},{"not_picked":["Storm","Double Energy"],"picked":"REME_DataAnalysis","floor":14},{"not_picked":["ReplayRNGCard","Buffer"],"picked":"Electrodynamics","floor":16},{"not_picked":["Steam","Gash"],"picked":"Redo","floor":18},{"not_picked":["Panic Button","Go for the Eyes"],"picked":"Redo","floor":21},{"not_picked":["Scrape","Compile Driver+1"],"picked":"Self Repair","floor":22},{"not_picked":["Rebound","Steam"],"picked":"Blizzard+1","floor":23},{"not_picked":["Undo+1","ReplayGash"],"picked":"Ball Lightning","floor":24},{"not_picked":["Streamline","Turbo"],"picked":"Gash","floor":25},{"not_picked":["Redo","Leap"],"picked":"AT_WarpDrive+1","floor":28},{"not_picked":["Capacitor+1","REME_SelfUpgrade"],"picked":"Hologram+1","floor":30},{"not_picked":["Lockon+1","Loop+1"],"picked":"AT_ThunderBolt","floor":31},{"not_picked":["AT_WaterDrop","Multi-Cast"],"picked":"AT_RightCognition","floor":33},{"not_picked":["Barrage","Ball Lightning"],"picked":"FIFO Queue+1","floor":35},{"not_picked":["Stack+1","Scrape+1"],"picked":"Redo+1","floor":36},{"not_picked":["Replay:Sssssssssstrike","Dramatic Entrance"],"picked":"AT_LightSaberMaster+1","floor":38},{"not_picked":["Skim+1","Compile Driver+1"],"picked":"Sunder+1","floor":39},{"not_picked":["Barrage+1","Steam"],"picked":"Cold Snap","floor":41},{"not_picked":["Beam Cell","Rebound+1"],"picked":"Amplify","floor":45},{"not_picked":["Cold Snap+1","Streamline"],"picked":"AT_HeatAcrobatics+1","floor":46},{"not_picked":["ReplayGash","Doom and Gloom"],"picked":"Compile Driver+1","floor":48},{"not_picked":["Capacitor+1","Cold Snap+1"],"picked":"Conserve Battery","floor":54}],"player_experience":311675,"relics_obtained":[{"floor":2,"key":"LagranYue:ReturningEmperorRelic"},{"floor":4,"key":"Garlic"},{"floor":5,"key":"Ring of Misfortune"},{"floor":5,"key":"ReplayTheSpireMod:Ring of Challenge"},{"floor":9,"key":"MawBank"},{"floor":10,"key":"aspiration:SeaSaltIceCream"},{"floor":23,"key":"Replay:Rubber Ducky"},{"floor":26,"key":"vexMod:BerryBomb"},{"floor":29,"key":"aspiration:Stabinomicon"},{"floor":41,"key":"Replay:Baseball"},{"floor":45,"key":"Bag of Preparation"},{"floor":54,"key":"AT_BladeRuinedKing"}],"event_choices":[{"damage_healed":0,"gold_gain":0,"player_choice":"Grow","damage_taken":0,"max_hp_gain":0,"max_hp_loss":0,"event_name":"Living Wall","floor":3,"gold_loss":0,"cards_upgraded":["Zap"]},{"damage_healed":0,"gold_gain":0,"player_choice":"Ignored","damage_taken":0,"max_hp_gain":0,"max_hp_loss":0,"event_name":"Ghosts","floor":19,"gold_loss":0},{"damage_healed":0,"gold_gain":0,"player_choice":"Bought 1 Potion","damage_taken":0,"max_hp_gain":0,"max_hp_loss":0,"event_name":"The Woman in Blue","floor":20,"gold_loss":0},{"damage_healed":0,"gold_gain":0,"player_choice":"Obtained Book","damage_taken":16,"max_hp_gain":0,"max_hp_loss":0,"event_name":"Cursed Tome","floor":29,"gold_loss":0},{"damage_healed":0,"gold_gain":0,"player_choice":"Memory 1","damage_taken":0,"max_hp_gain":0,"max_hp_loss":0,"event_name":"SensoryStone","floor":38,"gold_loss":0},{"damage_healed":0,"gold_gain":0,"player_choice":"Upgraded","damage_taken":0,"max_hp_gain":0,"max_hp_loss":0,"event_name":"Upgrade Shrine","floor":44,"gold_loss":0,"cards_upgraded":["AT_RightCognition"]}],"is_beta":false,"boss_relics":[{"not_picked":["SacredBark","aspiration:FutureDiary"],"picked":"LagranYue:ContractPerformanceRelic"},{"not_picked":["Philosopher\u0027s Stone","aspiration:SecretTechniqueScroll"],"picked":"aspiration:PoetsPen_weak"}],"items_purged_floors":[37],"is_endless":false,"potions_floor_spawned":[1,8,10,14,18,22,23,28,30,33,35,41],"ascension_level":4}}