{"host":"67d7yvf7wgk1klfn","time":1609183105,"event":{"mods":["BaseMod","Colored Powertips","Filter the Spire","Minty Spire (QoL Compilation)","Relic Stats","Slay the Relics Exporter","StSLib","ojb\u0027s Better Paths Mod","ojb\u0027s Info Mod"],"gold_per_floor":[110,110,120,120,130,130,148,148,175,175,250,262,262,296,296,296,296],"floor_reached":16,"playtime":629,"items_purged":[],"score":195,"play_id":"8c7ccbd6-f9fe-48ed-b5fb-595bd08d7fff","local_time":"20201228141825","is_ascension_mode":true,"campfire_choices":[{"data":"Storm of Steel","floor":6,"key":"SMITH"},{"floor":8,"key":"REST"},{"data":"Tactician","floor":10,"key":"SMITH"},{"data":"Setup","floor":15,"key":"SMITH"}],"circlet_count":0,"master_deck":["AscendersBane","Survivor","Neutralize","Finisher","Noxious Fumes","Night Terror","Bullet Time+1","Finisher","Storm of Steel+1","Leg Sweep","Tactician+1","Dagger Throw","Crippling Poison","Prepared","PiercingWail","Acrobatics+1","Acrobatics","Dash","Setup+1"],"relics":["Pandora\u0027s Box","Akabeko","War Paint"],"acts_visited":["Exordium"],"potions_floor_usage":[16],"damage_taken":[{"damage":1,"enemies":"Small Slimes","floor":1,"turns":4},{"damage":6,"enemies":"2 Louse","floor":3,"turns":2},{"damage":0,"enemies":"Cultist","floor":5,"turns":4},{"damage":0,"enemies":"Exordium Thugs","floor":7,"turns":4},{"damage":0,"enemies":"Looter","floor":12,"turns":2},{"damage":20,"enemies":"Gremlin Nob","floor":14,"turns":4},{"damage":31,"enemies":"Slime Boss","floor":16,"turns":7}],"seed_played":"8560663582775419057","potions_obtained":[{"floor":3,"key":"Energy Potion"},{"floor":7,"key":"SmokeBomb"}],"is_trial":false,"path_per_floor":["M","?","M","?","M","R","M","R","T","R","?","M","?","E","R","B"],"character_chosen":"THE_SILENT","items_purchased":[],"campfire_rested":1,"item_purchase_floors":[],"current_hp_per_floor":[58,23,17,17,17,17,17,36,36,36,25,25,47,27,27,0,0],"gold":296,"neow_bonus":"BOSS_RELIC","is_daily":false,"chose_seed":false,"campfire_upgraded":3,"win_rate":0.0,"timestamp":1609183105,"path_taken":["M","?","M","?","M","R","M","R","T","R","?","M","?","E","R","BOSS"],"items_purchased_type":[],"build_version":"2020-12-22","purchased_purges":0,"victory":false,"max_hp_per_floor":[66,66,66,66,66,66,66,66,66,66,66,66,66,66,66,66,66],"relic_stats":{"counters":[7,27],"Pandora\u0027s Box":["Finisher","Noxious Fumes","Night Terror","Bullet Time","Finisher","Storm of Steel","Leg Sweep","Tactician","Dagger Throw","Crippling Poison"],"War Paint":["Acrobatics","Bullet Time"],"obtain_stats":[{"Pandora\u0027s Box":0,"War Paint":14,"Akabeko":2,"Ring of the Snake":0},{"Pandora\u0027s Box":0,"War Paint":6,"Akabeko":1,"Ring of the Snake":0},{"Pandora\u0027s Box":0,"War Paint":20,"Akabeko":4,"Ring of the Snake":0}]},"card_choices":[{"not_picked":["Sucker Punch","Bane"],"picked":"Prepared","floor":1},{"not_picked":["Poisoned Stab","Catalyst"],"picked":"PiercingWail","floor":3},{"not_picked":["Prepared","Distraction"],"picked":"Acrobatics","floor":5},{"not_picked":["Venomology","Dodge and Roll"],"picked":"Acrobatics","floor":7},{"not_picked":["Flying Knee","Dagger Spray"],"picked":"Dash","floor":12},{"not_picked":["Phantasmal Killer","Deadly Poison"],"picked":"Setup","floor":14}],"player_experience":633824,"relics_obtained":[{"floor":14,"key":"War Paint"}],"event_choices":[{"damage_healed":0,"gold_gain":0,"player_choice":"Success","damage_taken":35,"relics_obtained":["Akabeko"],"max_hp_gain":0,"max_hp_loss":0,"event_name":"Scrap Ooze","floor":2,"gold_loss":0},{"damage_healed":0,"gold_gain":0,"player_choice":"Ignored","damage_taken":0,"max_hp_gain":0,"max_hp_loss":0,"event_name":"Liars Game","floor":4,"gold_loss":0},{"damage_healed":0,"gold_gain":75,"player_choice":"Gather Gold","damage_taken":11,"max_hp_gain":0,"max_hp_loss":0,"event_name":"World of Goop","floor":11,"gold_loss":0},{"damage_healed":22,"gold_gain":0,"player_choice":"Banana","damage_taken":0,"max_hp_gain":0,"max_hp_loss":0,"event_name":"Big Fish","floor":13,"gold_loss":0}],"is_beta":false,"boss_relics":[],"items_purged_floors":[],"is_endless":false,"potions_floor_spawned":[3,7],"killed_by":"Slime Boss","ascension_level":19}}