{"host":"efwxd9f7k9h6nwnx","time":1609136554,"event":{"mods":["BaseMod","Minty Spire (QoL Compilation)","StSLib"],"gold_per_floor":[110,110,127,145,155,183,183,193,193,43,43,43,68,84,84,159,159,178,198,198,208,71,71,97,12,84,84,94,94,94,111,111,111,111],"floor_reached":33,"playtime":2494,"items_purged":[],"score":499,"play_id":"961ac834-07ef-48f0-a196-9c5fa2dc0b25","local_time":"20201228072234","is_ascension_mode":true,"campfire_choices":[{"floor":7,"key":"REST"},{"data":"Neutralize","floor":12,"key":"SMITH"},{"floor":15,"key":"REST"},{"floor":23,"key":"REST"},{"floor":29,"key":"REST"},{"floor":32,"key":"REST"}],"circlet_count":0,"master_deck":["AscendersBane","Strike_G+1","Strike_G+1","Strike_G+1","Strike_G+1","Defend_G+1","Defend_G+1","Defend_G+1","Defend_G+1","Defend_G+1","Survivor","Neutralize+1","Jack Of All Trades","Dodge and Roll","Setup","Quick Slash","Cloak And Dagger","Flying Knee","Dash","Dagger Throw","Glass Knife","Infinite Blades","Acrobatics","Glass Knife","Backflip","Deflect","Underhanded Strike","Leg Sweep","Dagger Spray","Accuracy","Dash"],"relics":["Ring of the Snake","Anchor","Bag of Marbles","Boot","HoveringKite","Letter Opener","Omamori","The Courier","InkBottle"],"acts_visited":["Exordium","TheCity"],"potions_floor_usage":[6,16,24,31,33,33],"damage_taken":[{"damage":0,"enemies":"Small Slimes","floor":1,"turns":5},{"damage":0,"enemies":"Cultist","floor":3,"turns":4},{"damage":0,"enemies":"Jaw Worm","floor":4,"turns":5},{"damage":0,"enemies":"2 Fungi Beasts","floor":5,"turns":6},{"damage":24,"enemies":"Lagavulin","floor":6,"turns":11},{"damage":2,"enemies":"Blue Slaver","floor":8,"turns":5},{"damage":12,"enemies":"3 Sentries","floor":13,"turns":8},{"damage":3,"enemies":"Lots of Slimes","floor":14,"turns":4},{"damage":16,"enemies":"Slime Boss","floor":16,"turns":13},{"damage":2,"enemies":"2 Thieves","floor":18,"turns":3},{"damage":15,"enemies":"Spheric Guardian","floor":19,"turns":4},{"damage":4,"enemies":"Centurion and Healer","floor":21,"turns":6},{"damage":50,"enemies":"Gremlin Leader","floor":24,"turns":10},{"damage":0,"enemies":"Sentry and Sphere","floor":28,"turns":4},{"damage":0,"enemies":"Snecko","floor":31,"turns":6},{"damage":51,"enemies":"Collector","floor":33,"turns":11}],"seed_played":"972050984506645177","potions_obtained":[{"floor":1,"key":"EntropicBrew"},{"floor":3,"key":"SkillPotion"},{"floor":8,"key":"GhostInAJar"},{"floor":13,"key":"GhostInAJar"},{"floor":16,"key":"DuplicationPotion"},{"floor":24,"key":"GhostInAJar"},{"floor":31,"key":"Weak Potion"}],"is_trial":false,"path_per_floor":["M","?","M","M","M","E","R","M","T","$","?","R","E","M","R","B",null,"M","M","?","M","$","R","E","?","T","?","M","R","?","M","R","B"],"character_chosen":"THE_SILENT","items_purchased":["Glass Knife","Leg Sweep","Dagger Spray"],"campfire_rested":5,"item_purchase_floors":[10,22,22],"current_hp_per_floor":[59,59,59,59,59,35,54,52,52,52,52,52,40,37,56,40,60,58,43,43,39,39,58,8,8,8,8,8,27,27,27,46,0,0],"gold":111,"neow_bonus":"RANDOM_COLORLESS","is_daily":false,"chose_seed":false,"campfire_upgraded":1,"win_rate":0.0,"timestamp":1609136554,"path_taken":["M","?","?","M","M","E","R","M","T","$","?","R","E","M","R","BOSS","M","M","?","M","$","R","E","?","T","?","?","R","?","M","R","BOSS"],"items_purchased_type":["Card","Card","Card"],"build_version":"2020-12-22","purchased_purges":0,"victory":false,"max_hp_per_floor":[66,66,66,66,66,66,66,66,66,66,66,66,66,66,66,66,66,66,66,66,66,66,66,66,66,66,66,66,66,66,66,66,66,66],"card_choices":[{"not_picked":["Forethought","Enlightenment"],"picked":"Jack Of All Trades","floor":0},{"not_picked":["Slice","Deflect"],"picked":"Dodge and Roll","floor":1},{"not_picked":["Leg Sweep","Prepared"],"picked":"Quick Slash","floor":3},{"not_picked":["Deadly Poison","Quick Slash"],"picked":"Cloak And Dagger","floor":4},{"not_picked":["Quick Slash","Prepared"],"picked":"Flying Knee","floor":5},{"not_picked":["Expertise","Poisoned Stab"],"picked":"Dash","floor":6},{"not_picked":["Catalyst","Dodge and Roll"],"picked":"Dagger Throw","floor":8},{"not_picked":["Slice","Storm of Steel"],"picked":"Infinite Blades","floor":13},{"not_picked":["Concentrate","Calculated Gamble"],"picked":"Acrobatics","floor":14},{"not_picked":["Bullet Time","A Thousand Cuts"],"picked":"Glass Knife","floor":16},{"not_picked":["Deflect","Finisher"],"picked":"Backflip","floor":18},{"not_picked":["Catalyst","Noxious Fumes"],"picked":"Deflect","floor":19},{"not_picked":["Deflect","Endless Agony"],"picked":"Underhanded Strike","floor":21},{"not_picked":["Unload","Poisoned Stab"],"picked":"Accuracy","floor":24},{"not_picked":["Calculated Gamble","Bane","Deadly Poison"],"picked":"SKIP","floor":28},{"not_picked":["Sucker Punch","Dagger Throw"],"picked":"Dash","floor":31}],"player_experience":658479,"relics_obtained":[{"floor":6,"key":"Anchor"},{"floor":9,"key":"Bag of Marbles"},{"floor":13,"key":"Boot"},{"floor":24,"key":"Letter Opener"},{"floor":26,"key":"The Courier"}],"event_choices":[{"damage_healed":0,"gold_gain":0,"cards_transformed":["Strike_G"],"player_choice":"Transformed","damage_taken":0,"max_hp_gain":0,"max_hp_loss":0,"event_name":"Transmorgrifier","floor":2,"gold_loss":0,"cards_obtained":["Setup"]},{"damage_healed":0,"gold_gain":0,"player_choice":"Ignored","damage_taken":0,"max_hp_gain":0,"max_hp_loss":0,"event_name":"Golden Idol","floor":11,"gold_loss":0},{"damage_healed":0,"gold_gain":0,"player_choice":"Simplicity","damage_taken":0,"max_hp_gain":0,"max_hp_loss":0,"event_name":"Back to Basics","floor":20,"gold_loss":0,"cards_upgraded":["Strike_G","Strike_G","Strike_G","Strike_G","Defend_G","Defend_G","Defend_G","Defend_G","Defend_G"]},{"damage_healed":0,"gold_gain":0,"player_choice":"Obtained Relic","damage_taken":0,"relics_obtained":["Omamori"],"max_hp_gain":0,"max_hp_loss":0,"event_name":"Addict","floor":25,"gold_loss":85},{"damage_healed":0,"gold_gain":0,"player_choice":"Opened","damage_taken":0,"relics_obtained":["InkBottle"],"max_hp_gain":0,"max_hp_loss":0,"event_name":"The Mausoleum","floor":27,"gold_loss":0,"cards_obtained":["Writhe"]},{"damage_healed":0,"gold_gain":0,"player_choice":"Ignored","damage_taken":0,"max_hp_gain":0,"max_hp_loss":0,"event_name":"Cursed Tome","floor":30,"gold_loss":0}],"is_beta":false,"boss_relics":[{"not_picked":["SacredBark","Pandora\u0027s Box"],"picked":"HoveringKite"}],"items_purged_floors":[],"is_endless":false,"potions_floor_spawned":[1,3,8,13,16,19,24,31],"killed_by":"Collector","ascension_level":16}}