{"host":"f5uumzf5hfexzk8l","time":1609128951,"event":{"mods":["BaseMod","Colored Map","Googly Eyes","Highlight Path","Minty Spire (QoL Compilation)","Permanent Neow","StSLib","SuperFastMode","Unceasing Turn Reminder"],"gold_per_floor":[117,117,132,149,30,65,65,83,83,116,116,136,147,147,147,246,246,262,35,35,35,50,50,62,62,62,90,90,90,109,137,137,234,234,251,97,125,175,175,201,201,230,230,257,269,269,13,32,32,32],"floor_reached":51,"playtime":1948,"items_purged":["Demon Form+1","Strike_R"],"score":853,"play_id":"5dc5ac1e-ca3c-4519-a1a3-d9c70646b33b","local_time":"20201227201551","is_ascension_mode":true,"campfire_choices":[{"data":"True Grit","floor":7,"key":"SMITH"},{"data":"Whirlwind","floor":15,"key":"SMITH"},{"data":"Heavy Blade","floor":23,"key":"SMITH"},{"floor":25,"key":"REST"},{"floor":29,"key":"REST"},{"floor":32,"key":"REST"},{"data":"Seeing Red","floor":41,"key":"SMITH"},{"data":"Inflame","floor":46,"key":"SMITH"},{"data":"Shrug It Off","floor":49,"key":"SMITH"}],"circlet_count":0,"master_deck":["Strike_R","Strike_R","Strike_R","Defend_R","Defend_R","Defend_R","Defend_R","Inflame+1","True Grit+1","Whirlwind+1","Reaper","Shrug It Off+1","Evolve+1","Shrug It Off","Seeing Red+1","Heavy Blade+1","Power Through+1","Seeing Red+1","Parasite"],"relics":["Burning Blood","Red Skull","Frozen Egg 2","Champion Belt","CaptainsWheel","Paper Frog","SlaversCollar","Brimstone","Shuriken","CeramicFish","Akabeko","Philosopher\u0027s Stone","ClockworkSouvenir","Ice Cream","Thread and Needle","InkBottle","Bag of Preparation","Sling"],"acts_visited":["Exordium","TheCity","TheBeyond"],"potions_floor_usage":[10,13,16,22,22,30,35,50,50,50],"damage_taken":[{"damage":13,"enemies":"Jaw Worm","floor":1,"turns":4},{"damage":1,"enemies":"Cultist","floor":3,"turns":4},{"damage":0,"enemies":"2 Louse","floor":4,"turns":2},{"damage":36,"enemies":"3 Sentries","floor":6,"turns":8},{"damage":19,"enemies":"Exordium Wildlife","floor":8,"turns":6},{"damage":20,"enemies":"Gremlin Nob","floor":10,"turns":5},{"damage":12,"enemies":"Large Slime","floor":12,"turns":7},{"damage":25,"enemies":"Gremlin Gang","floor":13,"turns":5},{"damage":28,"enemies":"Hexaghost","floor":16,"turns":13},{"damage":11,"enemies":"Chosen","floor":18,"turns":8},{"damage":47,"enemies":"3 Byrds","floor":22,"turns":5},{"damage":21,"enemies":"Cultist and Chosen","floor":24,"turns":5},{"damage":25,"enemies":"Book of Stabbing","floor":27,"turns":4},{"damage":14,"enemies":"Sentry and Sphere","floor":30,"turns":3},{"damage":19,"enemies":"Gremlin Leader","floor":31,"turns":4},{"damage":3,"enemies":"Collector","floor":33,"turns":6},{"damage":6,"enemies":"Orb Walker","floor":35,"turns":3},{"damage":11,"enemies":"3 Shapes","floor":37,"turns":4},{"damage":29,"enemies":"Mind Bloom Boss Battle","floor":38,"turns":5},{"damage":15,"enemies":"Reptomancer","floor":40,"turns":6},{"damage":0,"enemies":"Writhing Mass","floor":42,"turns":5},{"damage":11,"enemies":"Giant Head","floor":44,"turns":8},{"damage":0,"enemies":"Spire Growth","floor":45,"turns":5},{"damage":0,"enemies":"Jaw Worm Horde","floor":48,"turns":1},{"damage":44,"enemies":"Awakened One","floor":50,"turns":9}],"seed_played":"-6641639088439089059","potions_obtained":[{"floor":8,"key":"SkillPotion"},{"floor":12,"key":"Fire Potion"},{"floor":13,"key":"Weak Potion"},{"floor":16,"key":"DuplicationPotion"},{"floor":18,"key":"GamblersBrew"},{"floor":27,"key":"SkillPotion"},{"floor":30,"key":"SkillPotion"},{"floor":37,"key":"Energy Potion"},{"floor":39,"key":"BlessingOfTheForge"},{"floor":39,"key":"Dexterity Potion"},{"floor":44,"key":"CultistPotion"}],"is_trial":false,"path_per_floor":["M","?","M","M","$","E","R","M","T","E","?","M","M","T","R","B",null,"M","$","?","$","M","R","M","R","T","E","?","R","M","E","R","B",null,"M","$","M","?","?","E","R","M","T","E","M","R","$","M","R","B",null],"character_chosen":"IRONCLAD","items_purchased":["Reaper","Shrug It Off","Brimstone","ClockworkSouvenir","Sling"],"campfire_rested":3,"item_purchase_floors":[5,5,19,36,47],"current_hp_per_floor":[73,73,78,80,80,68,68,63,63,49,49,58,48,48,48,41,80,75,75,75,75,48,48,33,57,57,38,38,62,54,41,65,80,80,80,80,75,52,52,71,71,77,77,75,80,80,80,80,80,52],"gold":32,"neow_bonus":"RANDOM_COMMON_RELIC","is_daily":false,"chose_seed":false,"campfire_upgraded":6,"win_rate":0.0,"timestamp":1609128951,"path_taken":["M","?","M","M","$","E","R","M","T","E","?","M","?","?","R","BOSS","M","?","?","?","M","R","M","R","T","E","?","R","M","E","R","BOSS","M","$","?","?","?","E","R","M","T","E","M","R","$","?","R","BOSS"],"items_purchased_type":["Card","Card","Relic","Relic","Relic"],"build_version":"2020-12-22","purchased_purges":2,"victory":true,"max_hp_per_floor":[80,80,80,80,80,80,80,80,80,80,80,80,80,80,80,80,80,80,80,80,80,80,80,80,80,80,80,80,80,80,80,80,80,80,80,80,80,80,80,80,80,80,80,80,80,80,80,80,80,80],"card_choices":[{"not_picked":["Pommel Strike","Wild Strike"],"picked":"Inflame","floor":1},{"not_picked":["Pommel Strike","Perfected Strike"],"picked":"True Grit","floor":3},{"not_picked":["Twin Strike","Pommel Strike"],"picked":"Whirlwind","floor":4},{"not_picked":["Cleave","Iron Wave"],"picked":"Evolve+1","floor":6},{"not_picked":["Clash","Combust+1"],"picked":"Shrug It Off","floor":8},{"not_picked":["Entrench","Wild Strike"],"picked":"Demon Form+1","floor":10},{"not_picked":["Iron Wave","Body Slam","Clothesline"],"picked":"SKIP","floor":12},{"not_picked":["Perfected Strike","Thunderclap","Infernal Blade"],"picked":"SKIP","floor":13},{"not_picked":["Rupture+1","Rage"],"picked":"Seeing Red+1","floor":18},{"not_picked":["Clothesline+1","Disarm","Twin Strike+1"],"picked":"SKIP","floor":22},{"not_picked":["Clothesline+1","Sword Boomerang","Clash"],"picked":"SKIP","floor":24},{"not_picked":["Clothesline+1","Sword Boomerang","Clash"],"picked":"SKIP","floor":24},{"not_picked":["Entrench+1","Headbutt","Shrug It Off"],"picked":"SKIP","floor":27},{"not_picked":["Heavy Blade+1","Warcry+1"],"picked":"Power Through+1","floor":30},{"not_picked":["Evolve+1","True Grit+1","Warcry+1"],"picked":"SKIP","floor":31},{"not_picked":["Pommel Strike+1","Flex","Heavy Blade+1"],"picked":"SKIP","floor":35},{"not_picked":["Inflame+1","Fire Breathing+1"],"picked":"Seeing Red","floor":37},{"not_picked":["Blood for Blood+1","Twin Strike+1","Perfected Strike+1"],"picked":"SKIP","floor":40},{"not_picked":["Hemokinesis","Armaments","Feed"],"picked":"SKIP","floor":42},{"not_picked":["Iron Wave","Heavy Blade","Armaments+1"],"picked":"SKIP","floor":44},{"not_picked":["Searing Blow+1","Combust+1","Armaments"],"picked":"SKIP","floor":45},{"not_picked":["Shockwave+1","Clothesline","Warcry+1"],"picked":"SKIP","floor":48}],"player_experience":310946,"relics_obtained":[{"floor":6,"key":"Frozen Egg 2"},{"floor":9,"key":"Champion Belt"},{"floor":10,"key":"CaptainsWheel"},{"floor":14,"key":"Paper Frog"},{"floor":26,"key":"Shuriken"},{"floor":27,"key":"CeramicFish"},{"floor":31,"key":"Akabeko"},{"floor":38,"key":"Ice Cream"},{"floor":40,"key":"Thread and Needle"},{"floor":43,"key":"InkBottle"},{"floor":44,"key":"Bag of Preparation"}],"event_choices":[{"cards_removed":["Bash"],"damage_healed":0,"gold_gain":0,"player_choice":"Forget","damage_taken":0,"max_hp_gain":0,"max_hp_loss":0,"event_name":"Living Wall","floor":2,"gold_loss":0},{"cards_removed":["Strike_R"],"damage_healed":0,"gold_gain":0,"player_choice":"Offered Basic","damage_taken":0,"max_hp_gain":0,"max_hp_loss":0,"event_name":"Bonfire Elementals","floor":11,"gold_loss":0},{"damage_healed":0,"gold_gain":0,"player_choice":"Read","damage_taken":0,"max_hp_gain":0,"max_hp_loss":0,"event_name":"The Library","floor":20,"gold_loss":0,"cards_obtained":["Heavy Blade"]},{"damage_healed":0,"gold_gain":0,"player_choice":"Ignored","damage_taken":0,"max_hp_gain":0,"max_hp_loss":0,"event_name":"N\u0027loth","floor":28,"gold_loss":0},{"damage_healed":0,"gold_gain":0,"player_choice":"Fight","damage_taken":0,"max_hp_gain":0,"max_hp_loss":0,"event_name":"MindBloom","floor":38,"gold_loss":0},{"damage_healed":0,"gold_gain":0,"player_choice":"Got Potions","damage_taken":0,"max_hp_gain":0,"max_hp_loss":0,"event_name":"Lab","floor":39,"gold_loss":0}],"is_beta":false,"boss_relics":[{"not_picked":["Runic Cube","Runic Dome"],"picked":"SlaversCollar"},{"not_picked":["Sozu","SacredBark"],"picked":"Philosopher\u0027s Stone"}],"items_purged_floors":[19,47],"is_endless":false,"potions_floor_spawned":[8,12,13,16,18,27,30,31,37,40,44],"ascension_level":2}}