{"host":"30jsp143e4v19aze","time":1609117974,"event":{"mods":["BaseMod","Colored Map","Colored Powertips","Curses Come First","DeckTracker","Highlight Path","Minty Spire (QoL Compilation)","Quick Restart","Relic Stats","StSLib","everything is the same but u backflip on backflip","slay the spire mod where everything is the same but ironclad has a cowboy hat"],"gold_per_floor":[118,118,137,147,147,182,194,225,307,333,345,18,48,48,48,125,125,143,93,109,34,46,46,46,46],"floor_reached":24,"playtime":938,"items_purged":[],"score":392,"play_id":"2a4bd166-bdf9-4e25-bb71-4e7a72227199","local_time":"20201228021254","is_ascension_mode":true,"campfire_choices":[{"floor":7,"key":"REST"},{"floor":11,"key":"REST"},{"floor":15,"key":"REST"},{"floor":23,"key":"REST"}],"circlet_count":0,"master_deck":["AscendersBane","Survivor","Neutralize","All Out Attack","Predator","Flying Knee","Dodge and Roll","Outmaneuver","Footwork","Well Laid Plans+1","Poisoned Stab","Noxious Fumes+1","Blur","Dagger Spray","PiercingWail","Adrenaline+1","Choke","Venomology","Dash","Tools of the Trade+1","Poisoned Stab","Glass Knife","Glass Knife","Backstab","Deflect","Footwork+1","Footwork+1","Deflect"],"relics":["Ring of the Snake","Dream Catcher","The Specimen","MawBank","Frozen Egg 2","Anchor","Odd Mushroom","Blood Vial","Pandora\u0027s Box"],"acts_visited":["Exordium","TheCity"],"potions_floor_usage":[16,16,20,20,24,24],"damage_taken":[{"damage":0,"enemies":"2 Louse","floor":1,"turns":4},{"damage":0,"enemies":"Cultist","floor":3,"turns":3},{"damage":0,"enemies":"Jaw Worm","floor":4,"turns":3},{"damage":33,"enemies":"3 Sentries","floor":6,"turns":9},{"damage":19,"enemies":"Lots of Slimes","floor":8,"turns":4},{"damage":5,"enemies":"Exordium Wildlife","floor":10,"turns":6},{"damage":11,"enemies":"The Mushroom Lair","floor":13,"turns":4},{"damage":31,"enemies":"Slime Boss","floor":16,"turns":10},{"damage":27,"enemies":"Shell Parasite","floor":18,"turns":5},{"damage":0,"enemies":"Chosen","floor":20,"turns":3},{"damage":7,"enemies":"Snecko","floor":22,"turns":7},{"damage":45,"enemies":"Book of Stabbing","floor":24,"turns":5}],"seed_played":"-4420659114887085771","potions_obtained":[{"floor":1,"key":"Ancient Potion"},{"floor":4,"key":"Dexterity Potion"},{"floor":16,"key":"Explosive Potion"}],"is_trial":false,"path_per_floor":["M","?","M","M","?","E","R","M","T","M","R","$","?","?","R","B",null,"M","?","M","$","M","R","E"],"character_chosen":"THE_SILENT","items_purchased":["Noxious Fumes+1","Blur","Anchor","Strength Potion","Footwork+1"],"campfire_rested":4,"item_purchase_floors":[12,12,12,12,21],"current_hp_per_floor":[59,59,59,59,59,26,45,26,26,21,40,40,29,18,37,8,52,27,27,29,29,24,43,0,0],"gold":46,"neow_bonus":"RANDOM_COMMON_RELIC","is_daily":false,"chose_seed":false,"campfire_upgraded":0,"win_rate":0.0,"timestamp":1609117974,"path_taken":["M","?","?","M","?","E","R","M","T","?","R","$","?","?","R","BOSS","M","?","?","$","?","R","E"],"items_purchased_type":["Card","Card","Relic","Potion","Card"],"build_version":"2020-12-22","purchased_purges":0,"victory":false,"max_hp_per_floor":[66,66,66,66,66,66,66,66,66,66,66,66,66,66,66,66,66,66,66,66,66,66,66,66,66],"relic_stats":{"Blood Vial":10,"Dream Catcher":4,"counters":[12,63],"Pandora\u0027s Box":["Choke","Venomology","Dash","Tools of the Trade","Poisoned Stab","Glass Knife","Glass Knife","Backstab","Deflect"],"MawBank":72,"obtain_stats":[{"Blood Vial":14,"Dream Catcher":0,"Anchor":12,"The Specimen":5,"Pandora\u0027s Box":17,"Frozen Egg 2":9,"Odd Mushroom":13,"MawBank":6,"Ring of the Snake":0},{"Blood Vial":7,"Dream Catcher":0,"Anchor":6,"The Specimen":3,"Pandora\u0027s Box":8,"Frozen Egg 2":5,"Odd Mushroom":7,"MawBank":4,"Ring of the Snake":0},{"Blood Vial":33,"Dream Catcher":0,"Anchor":29,"The Specimen":10,"Pandora\u0027s Box":43,"Frozen Egg 2":23,"Odd Mushroom":33,"MawBank":19,"Ring of the Snake":0}],"Ring of the Snake":[24]},"card_choices":[{"not_picked":["Blade Dance","Dodge and Roll"],"picked":"All Out Attack","floor":1},{"not_picked":["Quick Slash","Outmaneuver"],"picked":"Flying Knee","floor":3},{"not_picked":["Bullet Time","Caltrops"],"picked":"Dodge and Roll","floor":4},{"not_picked":["Setup","Sucker Punch","Dagger Throw"],"picked":"SKIP","floor":6},{"not_picked":["Dodge and Roll","Underhanded Strike"],"picked":"Outmaneuver","floor":7},{"not_picked":["Backflip","Dodge and Roll"],"picked":"Footwork","floor":8},{"not_picked":["Storm of Steel","Dagger Throw"],"picked":"Well Laid Plans+1","floor":10},{"not_picked":["Predator","PiercingWail"],"picked":"Poisoned Stab","floor":11},{"not_picked":["Underhanded Strike","Choke"],"picked":"Dagger Spray","floor":13},{"not_picked":["Poisoned Stab","Flechettes"],"picked":"PiercingWail","floor":15},{"not_picked":["Storm of Steel","Night Terror"],"picked":"Adrenaline","floor":16},{"not_picked":["Well Laid Plans+1","Poisoned Stab","Cloak And Dagger"],"picked":"SKIP","floor":18},{"not_picked":["Acrobatics","Masterful Stab"],"picked":"Footwork+1","floor":20},{"not_picked":["Heel Hook","Prepared","Underhanded Strike"],"picked":"SKIP","floor":22},{"not_picked":["Blade Dance","Flying Knee"],"picked":"Deflect","floor":23}],"player_experience":3285712,"relics_obtained":[{"floor":6,"key":"MawBank"},{"floor":9,"key":"Frozen Egg 2"},{"floor":13,"key":"Odd Mushroom"}],"event_choices":[{"damage_healed":0,"gold_gain":0,"cards_transformed":["Strike_G"],"player_choice":"Transformed","damage_taken":0,"max_hp_gain":0,"max_hp_loss":0,"event_name":"Transmorgrifier","floor":2,"gold_loss":0,"cards_obtained":["Predator"]},{"damage_healed":0,"gold_gain":0,"player_choice":"Gave Potion","damage_taken":0,"relics_obtained":["The Specimen"],"max_hp_gain":0,"max_hp_loss":0,"event_name":"WeMeetAgain","floor":5,"gold_loss":0},{"damage_healed":0,"gold_gain":0,"player_choice":"Fought Mushrooms","damage_taken":0,"max_hp_gain":0,"max_hp_loss":0,"event_name":"Mushrooms","floor":13,"gold_loss":0},{"damage_healed":0,"gold_gain":0,"player_choice":"Success","damage_taken":11,"relics_obtained":["Blood Vial"],"max_hp_gain":0,"max_hp_loss":0,"event_name":"Scrap Ooze","floor":14,"gold_loss":0},{"damage_healed":0,"gold_gain":0,"player_choice":"Upgrade","damage_taken":0,"max_hp_gain":0,"max_hp_loss":0,"event_name":"Designer","floor":19,"gold_loss":50,"cards_upgraded":["Adrenaline"]}],"is_beta":false,"boss_relics":[{"not_picked":["Philosopher\u0027s Stone","Fusion Hammer"],"picked":"Pandora\u0027s Box"}],"items_purged_floors":[],"is_endless":false,"potions_floor_spawned":[1,4,13,16,22],"killed_by":"Book of Stabbing","ascension_level":20}}