{"host":"zv85muor2723jdwz","time":1609133374,"event":{"mods":["Arknights The Spire","BaseMod","Better Vampires","CapriCore","Decade(王小明)","KinomotoSakuraMod(木之本樱)","KomeijiMod","Marisa（F雨　魔理沙）","Marked Mod","Minty Spire (QoL Compilation)","Quick Restart","Reimu（博丽灵梦）","Remilia（蕾米莉亚）","StSLib","The Bladedancer","The Cursed","The Immortal","The Runesmith","The Servant 0.9.4","WarShipGirlsR/战舰少女R mod","Yakumo Yukari mod","Youmu（魂魄妖梦）","Yuri Mod","Yuyuko","【遗物卡牌】REMEMod"],"gold_per_floor":[115,40,40,60,72,72,103,53,133,33,49,49,64,75,75,75,75],"floor_reached":16,"playtime":465,"items_purged":["Rage","Defend_R"],"score":107,"play_id":"751b0657-3273-479e-b5fb-9e72e0a1908b","local_time":"20201228132934","is_ascension_mode":true,"campfire_choices":[{"data":"Flex","floor":6,"key":"SMITH"},{"floor":15,"key":"REST"}],"circlet_count":0,"master_deck":["Strike_R","Strike_R","Strike_R","Strike_R","Defend_R","Defend_R","Defend_R","Bash","Flex+1","REME_Scribble","Strike_R","Rage"],"relics":["Burning Blood","REME_ComplimentaryCards","NeowsBlessing","Oddly Smooth Stone","Darkstone Periapt"],"acts_visited":["Exordium"],"potions_floor_usage":[11,16],"damage_taken":[{"damage":0,"enemies":"Cultist","floor":1,"turns":1},{"damage":0,"enemies":"2 Louse","floor":4,"turns":1},{"damage":0,"enemies":"Small Slimes","floor":5,"turns":1},{"damage":30,"enemies":"Gremlin Nob","floor":7,"turns":4},{"damage":16,"enemies":"Blue Slaver","floor":11,"turns":5},{"damage":7,"enemies":"Large Slime","floor":13,"turns":7},{"damage":6,"enemies":"3 Louse","floor":14,"turns":2},{"damage":79,"enemies":"Hexaghost","floor":16,"turns":10}],"seed_played":"-6833239202425330383","potions_obtained":[{"floor":7,"key":"GrandPatriotsElixir:ReiMu"},{"floor":11,"key":"Fruit Juice"},{"floor":13,"key":"ElixirPotion"}],"is_trial":false,"path_per_floor":["M","$","?","M","M","R","E","?","T","$","M","?","M","M","R","B"],"character_chosen":"IRONCLAD","items_purchased":[],"campfire_rested":1,"item_purchase_floors":[],"current_hp_per_floor":[80,80,85,85,85,85,61,61,61,61,58,51,52,52,80,1,1],"gold":75,"neow_bonus":"THREE_ENEMY_KILL","is_daily":false,"chose_seed":false,"campfire_upgraded":1,"win_rate":0.0,"timestamp":1609133374,"path_taken":["M","?","?","M","M","R","E","?","T","?","M","?","M","M","R","BOSS"],"items_purchased_type":[],"build_version":"2020-12-22","purchased_purges":2,"victory":false,"max_hp_per_floor":[80,80,85,85,85,85,85,85,85,85,92,92,94,94,94,94,94],"card_choices":[{"not_picked":["Shrug It Off","Armaments","Sword Boomerang"],"picked":"SKIP","floor":1},{"not_picked":["Shrug It Off","Armaments","Sword Boomerang"],"picked":"SKIP","floor":1},{"not_picked":["Headbutt","Feel No Pain","Shrug It Off"],"picked":"SKIP","floor":4},{"not_picked":["Carnage","Heavy Blade"],"picked":"Flex","floor":5},{"not_picked":["Feel No Pain","Dual Wield"],"picked":"REME_Scribble","floor":7},{"not_picked":["Shockwave","Cleave","Anger"],"picked":"SKIP","floor":11},{"not_picked":["Hemokinesis","Clothesline","Armaments"],"picked":"SKIP","floor":13},{"not_picked":["True Grit","Spot Weakness"],"picked":"Rage","floor":14}],"player_experience":55418,"relics_obtained":[{"floor":7,"key":"Oddly Smooth Stone"},{"floor":9,"key":"Darkstone Periapt"}],"event_choices":[{"damage_healed":0,"gold_gain":0,"player_choice":"Donut","damage_taken":0,"max_hp_gain":5,"max_hp_loss":0,"event_name":"Big Fish","floor":3,"gold_loss":0},{"cards_removed":["Strike_R"],"damage_healed":0,"gold_gain":0,"player_choice":"Card Removal","damage_taken":7,"max_hp_gain":0,"max_hp_loss":0,"event_name":"Golden Wing","floor":12,"gold_loss":0}],"is_beta":false,"boss_relics":[],"items_purged_floors":[2,10],"is_endless":false,"potions_floor_spawned":[7,11,13],"killed_by":"Hexaghost","ascension_level":1}}