{"host":"q9718omregw4er46","time":1609171141,"event":{"mods":["BaseMod","Bestiary","Colored Powertips","Minty Spire (QoL Compilation)","Quick Restart","Relic Stats"],"gold_per_floor":[111,111,127,12,23,23,48,64,64,64,89,9,9,23,23,95,95,110,110,129,149,63,63,98,98,98,23,76,76,89,99,99,204,204,249,266,266,312,292,292,292,292],"floor_reached":41,"playtime":1458,"items_purged":["Pain"],"score":982,"play_id":"7cfdf65c-2c11-480c-af3b-7f1d072602a0","local_time":"20201228205901","is_ascension_mode":true,"campfire_choices":[{"data":"Conclude","floor":10,"key":"SMITH"},{"data":"MentalFortress","floor":13,"key":"SMITH"},{"data":"TalkToTheHand","floor":15,"key":"SMITH"},{"data":"LikeWater","floor":23,"key":"SMITH"},{"data":"SashWhip","floor":25,"key":"SMITH"},{"data":"Wish","floor":29,"key":"SMITH"},{"data":"Meditate","floor":32,"key":"SMITH"},{"data":"Vault","floor":40,"key":"SMITH"}],"circlet_count":0,"master_deck":["AscendersBane","Strike_P","Defend_P+1","Defend_P","Defend_P","Eruption+1","Vigilance","SashWhip+1","Adaptation","MentalFortress+1","Conclude+1","CarveReality","EmptyMind","TalkToTheHand+1","Vault+1","Consecrate","FlurryOfBlows+1","LikeWater+1","Wish+1","Meditate+1","LessonLearned+1","LessonLearned+1","Sanctity+1","Judgement+1","DeceiveReality+1"],"relics":["Coffee Dripper","WarpedTongs","Mercury Hourglass","Du-Vu Doll","Runic Pyramid","Eternal Feather","Strawberry","Lantern","Astrolabe"],"acts_visited":["Exordium","TheCity","TheBeyond"],"potions_floor_usage":[7,24,33],"damage_taken":[{"damage":0,"enemies":"Jaw Worm","floor":1,"turns":4},{"damage":0,"enemies":"Cultist","floor":3,"turns":2},{"damage":0,"enemies":"2 Louse","floor":5,"turns":2},{"damage":10,"enemies":"Lagavulin","floor":7,"turns":8},{"damage":6,"enemies":"Red Slaver","floor":8,"turns":4},{"damage":8,"enemies":"Gremlin Nob","floor":11,"turns":3},{"damage":5,"enemies":"Blue Slaver","floor":14,"turns":3},{"damage":0,"enemies":"Hexaghost","floor":16,"turns":6},{"damage":0,"enemies":"Spheric Guardian","floor":18,"turns":4},{"damage":14,"enemies":"2 Thieves","floor":20,"turns":3},{"damage":0,"enemies":"Cultist and Chosen","floor":21,"turns":4},{"damage":2,"enemies":"Book of Stabbing","floor":24,"turns":5},{"damage":5,"enemies":"Gremlin Leader","floor":28,"turns":4},{"damage":8,"enemies":"Centurion and Healer","floor":30,"turns":3},{"damage":11,"enemies":"Snake Plant","floor":31,"turns":4},{"damage":26,"enemies":"Champ","floor":33,"turns":10},{"damage":0,"enemies":"3 Shapes","floor":35,"turns":6},{"damage":0,"enemies":"Orb Walker","floor":36,"turns":2},{"damage":21,"enemies":"Maw","floor":38,"turns":9},{"damage":78,"enemies":"Giant Head","floor":41,"turns":10}],"seed_played":"4475489313819989349","potions_obtained":[{"floor":5,"key":"Weak Potion"},{"floor":11,"key":"SteroidPotion"},{"floor":16,"key":"Weak Potion"},{"floor":28,"key":"FearPotion"},{"floor":31,"key":"PowerPotion"},{"floor":38,"key":"PowerPotion"}],"is_trial":false,"path_per_floor":["M","?","M","$","M","$","E","M","T","R","E","$","R","M","R","B",null,"M","?","M","M","$","R","E","R","T","?","E","R","M","M","R","B",null,"M","M","?","M","?","R","E"],"character_chosen":"WATCHER","items_purchased":["MentalFortress","EmptyMind","LikeWater"],"campfire_rested":0,"item_purchase_floors":[4,12,22],"current_hp_per_floor":[61,61,61,61,61,61,51,45,45,45,37,37,37,32,32,32,59,59,59,45,45,45,45,43,55,62,62,57,69,61,50,62,36,65,65,65,65,44,44,59,0,0],"gold":292,"neow_bonus":"BOSS_RELIC","is_daily":false,"chose_seed":false,"campfire_upgraded":8,"win_rate":0.0,"timestamp":1609171141,"path_taken":["M","?","M","$","M","?","E","M","T","R","E","$","R","M","R","BOSS","M","?","?","M","$","R","E","R","T","?","E","R","?","M","R","BOSS","M","M","?","M","?","R","E"],"items_purchased_type":["Card","Card","Card"],"build_version":"2020-12-22","purchased_purges":1,"victory":false,"max_hp_per_floor":[68,68,68,68,68,68,68,68,68,68,68,68,68,68,68,68,68,68,68,68,68,68,68,68,68,75,75,75,75,75,75,75,75,75,75,75,71,71,71,71,71,71],"relic_stats":{"counters":[20,96],"Astrolabe":["LessonLearned","Sanctity","Judgement"],"Eternal Feather":51,"obtain_stats":[{"Du-Vu Doll":11,"Lantern":28,"Strawberry":26,"Astrolabe":34,"Eternal Feather":24,"Coffee Dripper":0,"PureWater":0,"WarpedTongs":2,"Mercury Hourglass":7,"Runic Pyramid":17},{"Du-Vu Doll":6,"Lantern":13,"Strawberry":12,"Astrolabe":16,"Eternal Feather":12,"Coffee Dripper":0,"PureWater":0,"WarpedTongs":1,"Mercury Hourglass":4,"Runic Pyramid":8},{"Du-Vu Doll":23,"Lantern":52,"Strawberry":48,"Astrolabe":69,"Eternal Feather":48,"Coffee Dripper":0,"PureWater":0,"WarpedTongs":4,"Mercury Hourglass":16,"Runic Pyramid":32}],"WarpedTongs":[91],"Mercury Hourglass":[273]},"card_choices":[{"not_picked":["CrushJoints","FollowUp"],"picked":"SashWhip","floor":1},{"not_picked":["Vengeance","Nirvana"],"picked":"Adaptation","floor":3},{"not_picked":["Nirvana","WreathOfFlame","Halt"],"picked":"SKIP","floor":5},{"not_picked":["Consecrate","Evaluate","ForeignInfluence"],"picked":"SKIP","floor":7},{"not_picked":["EmptyFist","CrushJoints"],"picked":"Conclude","floor":8},{"not_picked":["Sanctity","Worship"],"picked":"CarveReality","floor":11},{"not_picked":["FlurryOfBlows","Prostrate"],"picked":"TalkToTheHand","floor":14},{"not_picked":["DeusExMachina","Alpha"],"picked":"Vault","floor":16},{"not_picked":["Evaluate","Crescendo","ThirdEye"],"picked":"SKIP","floor":18},{"not_picked":["ThirdEye","JustLucky"],"picked":"Consecrate","floor":20},{"not_picked":["SignatureMove","ClearTheMind+1"],"picked":"FlurryOfBlows+1","floor":21},{"not_picked":["Consecrate","ThirdEye"],"picked":"Wish","floor":24},{"not_picked":["Perseverance","FearNoEvil+1"],"picked":"Meditate","floor":28},{"not_picked":["ClearTheMind","ForeignInfluence","SandsOfTime"],"picked":"SKIP","floor":30},{"not_picked":["ForeignInfluence","FollowUp","JustLucky"],"picked":"SKIP","floor":31},{"not_picked":["DeusExMachina","SpiritShield"],"picked":"LessonLearned","floor":33},{"not_picked":["WreathOfFlame","Fasting2+1","WindmillStrike"],"picked":"SKIP","floor":35},{"not_picked":["EmptyBody","SignatureMove","BattleHymn+1"],"picked":"SKIP","floor":36},{"not_picked":["ForeignInfluence","Indignation"],"picked":"DeceiveReality+1","floor":38}],"player_experience":1134284,"relics_obtained":[{"floor":7,"key":"Mercury Hourglass"},{"floor":11,"key":"Du-Vu Doll"},{"floor":24,"key":"Eternal Feather"},{"floor":26,"key":"Strawberry"},{"floor":28,"key":"Lantern"}],"event_choices":[{"damage_healed":0,"gold_gain":0,"player_choice":"Rummage","damage_taken":0,"relics_obtained":["WarpedTongs"],"max_hp_gain":0,"max_hp_loss":0,"event_name":"Accursed Blacksmith","floor":2,"gold_loss":0,"cards_obtained":["Pain"]},{"damage_healed":0,"gold_gain":0,"player_choice":"0 cards matched","damage_taken":0,"max_hp_gain":0,"max_hp_loss":0,"event_name":"Match and Keep!","floor":19,"gold_loss":0,"cards_obtained":[]},{"cards_removed":["Strike_P"],"damage_healed":0,"gold_gain":0,"player_choice":"Single Remove","damage_taken":0,"max_hp_gain":0,"max_hp_loss":0,"event_name":"Designer","floor":27,"gold_loss":75},{"damage_healed":0,"gold_gain":0,"player_choice":"Max HP","damage_taken":0,"max_hp_gain":0,"max_hp_loss":4,"event_name":"Winding Halls","floor":37,"gold_loss":0},{"damage_healed":0,"gold_gain":0,"player_choice":"Bought 1 Potion","damage_taken":0,"max_hp_gain":0,"max_hp_loss":0,"event_name":"The Woman in Blue","floor":39,"gold_loss":0}],"is_beta":false,"boss_relics":[{"not_picked":["Fusion Hammer","Sozu"],"picked":"Runic Pyramid"},{"not_picked":["Tiny House","Busted Crown"],"picked":"Astrolabe"}],"items_purged_floors":[4],"is_endless":false,"potions_floor_spawned":[5,11,16,18,28,31,38],"killed_by":"Giant Head","ascension_level":20}}