{"host":"vtat3rddyckbno30","time":1609194062,"event":{"mods":["AchievementEnabler","BaseMod","BetterRewards","Colored Map","Downfall","Highlight Path","Minty Spire (QoL Compilation)","Replay The Spire","StSLib","everything is the same but u backflip on backflip"],"gold_per_floor":[115,115,128,28,38,63,63,79,79,79,97,113,113,388,388,486,486,506,506,91,104,114,114,142,159,239,239,239,259,259,259,259],"floor_reached":31,"playtime":1711,"items_purged":["Strike_P","Strike_P","Defend_P"],"score":307,"play_id":"d51a3e7d-dc0b-4c57-bd56-cd3e13601100","local_time":"20201228232102","is_ascension_mode":false,"campfire_choices":[{"floor":13,"key":"REST"},{"data":"Collect","floor":15,"key":"SMITH"},{"data":"1","floor":23,"key":"LIFT"},{"floor":28,"key":"REST"}],"circlet_count":0,"master_deck":["Strike_P","Strike_P","Defend_P","Defend_P+1","Eruption","Vigilance+1","Ragnarok+1","ClearTheMind","Replay:AtTheReady","Judgement","Swivel","Replay:DivineShield","Collect+1","Swivel","Worship","Wallop","FollowUp+1","Replay:ManipulateFuture+1","Brilliance"],"relics":["PureWater","Dream Catcher","Strange Spoon","StrikeDummy","Replay:Bottled Steam","Vajra","ReplayTheSpireMod:DimensionalGlitch","Membership Card","Girya","ReplayTheSpireMod:Ninjato","Nloth\u0027s Gift"],"acts_visited":["Exordium","TheCity"],"potions_floor_usage":[8,12,24,25,31],"damage_taken":[{"damage":0,"enemies":"Jaw Worm","floor":1,"turns":3},{"damage":0,"enemies":"Cultist","floor":3,"turns":2},{"damage":0,"enemies":"Small Slimes","floor":5,"turns":3},{"damage":5,"enemies":"Gremlin Nob","floor":6,"turns":3},{"damage":0,"enemies":"3 Louse","floor":8,"turns":3},{"damage":0,"enemies":"Exordium Wildlife","floor":11,"turns":2},{"damage":0,"enemies":"Red Slaver","floor":12,"turns":2},{"damage":33,"enemies":"The Guardian","floor":16,"turns":11},{"damage":13,"enemies":"Chosen","floor":18,"turns":5},{"damage":13,"enemies":"2 Thieves","floor":21,"turns":3},{"damage":0,"enemies":"Snake Plant","floor":22,"turns":1},{"damage":0,"enemies":"Gremlin Leader","floor":24,"turns":3},{"damage":40,"enemies":"Cultist and Chosen","floor":25,"turns":6},{"damage":36,"enemies":"Chosen and Byrds","floor":29,"turns":7},{"damage":20,"enemies":"Replay:Snechameleon","floor":31,"turns":3}],"seed_played":"-8112508869022537592","potions_obtained":[{"floor":5,"key":"ColorlessPotion"},{"floor":12,"key":"StancePotion"},{"floor":16,"key":"Death Potion"},{"floor":21,"key":"Adrenaline Potion"},{"floor":24,"key":"sneckomod:MuddlingPotion"},{"floor":29,"key":"Ancient Potion"}],"is_trial":false,"path_per_floor":["M","?","M","$","M","E","?","M","T","?","M","M","R","?","R","B",null,"M","?","$","M","M","R","E","M","T","?","R","M","?","E"],"character_chosen":"WATCHER","items_purchased":["Dream Catcher","Ragnarok+1","Strange Spoon","StrikeDummy","Adrenaline Potion","SpeedPotion","Membership Card","Swivel","Girya"],"campfire_rested":2,"item_purchase_floors":[0,0,0,0,0,0,20,20,20],"current_hp_per_floor":[40,40,40,40,40,35,32,32,32,18,21,24,47,50,50,17,81,68,68,71,61,64,64,67,27,27,27,54,18,18,0,0],"gold":259,"neow_bonus":"","is_daily":false,"chose_seed":false,"campfire_upgraded":1,"win_rate":0.0,"timestamp":1609194062,"path_taken":["M","?","?","$","M","E","?","M","T","?","?","M","R","?","R","BOSS","M","?","$","M","M","R","E","M","T","?","R","?","?","E"],"items_purchased_type":["Relic","Card","Relic","Relic","Potion","Potion","Relic","Card","Relic"],"build_version":"2020-12-22","purchased_purges":3,"victory":false,"max_hp_per_floor":[72,72,72,72,72,72,72,72,72,72,75,78,78,81,81,81,81,81,81,84,87,90,90,93,93,93,93,93,93,93,93,93],"card_choices":[{"not_picked":["BattleHymn","WaveOfTheHand"],"picked":"ClearTheMind","floor":1},{"not_picked":["FlurryOfBlows","PathToVictory"],"picked":"Judgement","floor":3},{"not_picked":["Replay:ManipulateFuture","FlurryOfBlows"],"picked":"Swivel","floor":5},{"not_picked":["Protect","Prostrate","Evaluate"],"picked":"SKIP","floor":6},{"not_picked":["Prostrate","Sanctity","Wish"],"picked":"SKIP","floor":8},{"not_picked":["Halt","Replay:Cycle"],"picked":"Replay:DivineShield","floor":11},{"not_picked":["SashWhip","Vengeance"],"picked":"Collect","floor":12},{"not_picked":["Replay:BluntJabs","ForeignInfluence","FollowUp"],"picked":"SKIP","floor":18},{"not_picked":["WheelKick","FlurryOfBlows"],"picked":"Worship","floor":21},{"not_picked":["Replay:Hum","EmptyFist"],"picked":"Wallop","floor":22},{"not_picked":["Replay:BluntJabs","Worship"],"picked":"FollowUp+1","floor":24},{"not_picked":["WheelKick","ClearTheMind","FlyingSleeves"],"picked":"SKIP","floor":25},{"not_picked":["Tantrum","Crescendo"],"picked":"Replay:ManipulateFuture+1","floor":28},{"not_picked":["EmptyFist","Tantrum+1"],"picked":"Brilliance","floor":29}],"player_experience":541973,"relics_obtained":[{"floor":6,"key":"Replay:Bottled Steam"},{"floor":9,"key":"Replay:Ringing Soul"},{"floor":26,"key":"ReplayTheSpireMod:Ninjato"}],"event_choices":[{"damage_healed":0,"gold_gain":0,"cards_transformed":["Defend_P"],"player_choice":"Transformed","damage_taken":0,"max_hp_gain":0,"max_hp_loss":0,"event_name":"Transmorgrifier","floor":2,"gold_loss":0,"cards_obtained":["Replay:AtTheReady"]},{"damage_healed":0,"gold_gain":0,"player_choice":"Success","damage_taken":3,"relics_obtained":["Vajra"],"max_hp_gain":0,"max_hp_loss":0,"event_name":"Scrap Ooze","floor":7,"gold_loss":0},{"damage_healed":0,"gold_gain":0,"player_choice":"Entered Light","damage_taken":14,"max_hp_gain":0,"max_hp_loss":0,"event_name":"Shining Light","floor":10,"gold_loss":0,"cards_upgraded":["Defend_P","Vigilance"]},{"damage_healed":0,"gold_gain":275,"player_choice":"Desecrate","damage_taken":0,"max_hp_gain":0,"max_hp_loss":0,"event_name":"Golden Shrine","floor":14,"gold_loss":0,"cards_obtained":["Regret"]},{"damage_healed":0,"gold_gain":0,"player_choice":"Traded Relic","damage_taken":0,"relics_obtained":["Nloth\u0027s Gift"],"max_hp_gain":0,"max_hp_loss":0,"event_name":"N\u0027loth","floor":27,"relics_lost":["Replay:Ringing Soul"],"gold_loss":0},{"cards_removed":["Regret"],"damage_healed":0,"gold_gain":0,"player_choice":"Elegance","damage_taken":0,"max_hp_gain":0,"max_hp_loss":0,"event_name":"Back to Basics","floor":30,"gold_loss":0}],"is_beta":false,"boss_relics":[{"not_picked":["SlaversCollar","Abe\u0027s Treasure"],"picked":"ReplayTheSpireMod:DimensionalGlitch"}],"items_purged_floors":[0,4,20],"is_endless":false,"potions_floor_spawned":[5,12,16,21,22,24,29],"killed_by":"Replay:Snechameleon","ascension_level":0}}