{"host":"hemshb5b6cie9gjx","time":1609135686,"event":{"mods":["BaseMod","Better Note","Better Third Choice","Better Vampires","BetterRewards","Colored Map","Colored Powertips","DeckTracker","Googly Eyes","Infinite Spire","Minty Spire (QoL Compilation)","Permanent Neow","Relic Stats","Replay The Spire","StSLib","SuperFastMode","Uncapped","slay the spire mod where everything is the same but ironclad has a cowboy hat"],"gold_per_floor":[116,14,31,41,60,60,90,106,130,130,80,100,100,120,120,234,234,245,267,58,58,81,81,89,89,168,168,168,181,207,207,207,233,233],"floor_reached":33,"playtime":774,"items_purged":["Burn"],"score":394,"play_id":"23761ac5-419e-492d-afa1-152a1187d0c5","local_time":"20201228170806","is_ascension_mode":false,"campfire_choices":[{"floor":6.0,"key":"REST"},{"floor":10.0,"key":"REST"},{"floor":23.0,"key":"REST"},{"floor":25.0,"key":"REST"}],"circlet_count":0,"master_deck":["Strike_R+1","Strike_R","Strike_R","Strike_R","Defend_R","Defend_R","Defend_R","Defend_R","Bash","Spot Weakness+1","Anger","Headbutt","Spot Weakness","Twin Strike","Shrug It Off","Anger","Sword Boomerang","Cleave","Infernal Blade+1","Anger","Carnage","Self Repair+1","CommonCold","m_Survivalism","Demonic Infusion","Swift Strike","infinitespire:Fortify","Anger","Flex","Enlightenment+1","Bash","Impatience","Dual Wield+1"],"relics":["FossilizedHelix","Nunchaku","Replay:Kaleidoscope","Guide Book","infinitespire:Midas Blood","Pen Nib","Iron Core","ReplayTheSpireMod:SealedPack","CultistMask","infinitespire:Bottled Soul"],"acts_visited":["Exordium","TheCity"],"potions_floor_usage":[30,33],"damage_taken":[{"damage":0.0,"enemies":"Cultist","floor":1.0,"turns":3.0},{"damage":0.0,"enemies":"Jaw Worm","floor":3.0,"turns":2.0},{"damage":0.0,"enemies":"Small Slimes","floor":4.0,"turns":3.0},{"damage":0.0,"enemies":"3 Louse","floor":5.0,"turns":3.0},{"damage":18.0,"enemies":"Lagavulin","floor":7.0,"turns":4.0},{"damage":0.0,"enemies":"Exordium Wildlife","floor":8.0,"turns":3.0},{"damage":0.0,"enemies":"Blue Slaver","floor":12.0,"turns":2.0},{"damage":7.0,"enemies":"Looter","floor":14.0,"turns":3.0},{"damage":56.0,"enemies":"Hexaghost","floor":16.0,"turns":6.0},{"damage":0.0,"enemies":"Shell Parasite","floor":18.0,"turns":3.0},{"damage":26.0,"enemies":"Chosen","floor":19.0,"turns":5.0},{"damage":52.0,"enemies":"Snecko","floor":22.0,"turns":6.0},{"damage":29.0,"enemies":"Slavers","floor":24.0,"turns":4.0},{"damage":8.0,"enemies":"Centurion and Healer","floor":29.0,"turns":5.0},{"damage":28,"enemies":"Snake Plant","floor":30,"turns":5},{"damage":40,"enemies":"Pondfish","floor":33,"turns":7}],"seed_played":"-5400797832078522980","potions_obtained":[{"floor":1.0,"key":"SpeedPotion"},{"floor":4.0,"key":"Doom Potion"},{"floor":7.0,"key":"SmokeBomb"},{"floor":12.0,"key":"BlessingOfTheForge"},{"floor":29.0,"key":"Elixir"},{"floor":32,"key":"FairyPotion"},{"floor":32,"key":"ElixirPotion"}],"is_trial":false,"path_per_floor":["M","$","M","M","M","R","E","M","T","R","?","M","?","M","R_BF","B",null,"M","M","$","?","M","R","E","R","T","?","?","M","M","?","R_BF","B"],"character_chosen":"IRONCLAD","items_purchased":["Spot Weakness","FossilizedHelix","Nunchaku","Guide Book","Anger","Headbutt","Twin Strike","Shrug It Off","Flex","Enlightenment"],"campfire_rested":4,"item_purchase_floors":[0,0,0,0,0,0,2,2,20,20],"current_hp_per_floor":[46,46,52,58,64,80,68,74,74,80,80,80,80,79,79,33,80,80,64,64,64,22,46,17,41,41,41,41,33,15,15,15,0,0],"gold":233,"neow_bonus":"","is_daily":false,"chose_seed":false,"campfire_upgraded":0,"win_rate":0.0,"timestamp":1609135686,"path_taken":["M","?","?","M","M","R","E","M","T","R","?","M","?","M","R_BF","BOSS","M","M","$","?","M","R","E","R","T","?","?","M","?","?","R_BF","BOSS"],"items_purchased_type":["Card","Relic","Relic","Relic","Card","Card","Card","Card","Card","Card"],"build_version":"2020-12-22","purchased_purges":1,"victory":false,"max_hp_per_floor":[80,80,80,80,80,80,80,80,80,80,80,80,80,80,80,80,80,80,80,80,80,80,80,80,80,80,80,80,80,80,80,80,80,80],"relic_stats":{"Nunchaku":[13],"counters":[65,253],"Pen Nib":[35],"obtain_stats":[{"Golden Egg":77,"Calipers":95,"CeramicFish":26,"Whetstone":30,"Boot":35,"Replay:Wanted Poster":68,"Replay:Ringing Soul":42,"FaceOfCleric":75,"DollysMirror":54,"Sundial":54,"Strawberry":86,"infinitespire:Golems Mask":45,"Fusion Hammer":19,"Kunai":54,"Toxic Egg 2":22,"Replay:Bottled Steam":47,"Astrolabe":34,"Blue Candle":59,"Dead Branch":76,"Oddly Smooth Stone":56,"Eternal Feather":31,"infinitespire:Beetle Shell":2,"Pen Nib":13,"ReplayTheSpireMod:SealedPack":17,"Letter Opener":88,"Replay:Kaleidoscope":0,"WarpedTongs":70,"Replay:Baseball":76,"infinitespire:Broken Mirror":52,"Shuriken":55,"Onion Ring":1,"Mark of Pain":17,"CultistMask":21,"Black Star":51,"Grinning Jar":27,"Mirror":96,"infinitespire:PuzzleCube":58,"Pocketwatch":69,"ReplayFunnel":60,"Regal Pillow":90,"Iron Core":15,"Torii":12,"Blue Doll":93,"King of Hearts":5,"Juzu Bracelet":21,"Incense Burner":82,"Replay:Mystery Machine":99,"Ancient Tea Set":36,"Smiling Mask":58,"Burning Blood":0,"Pet Ghost":88,"Replay:Rubber Ducky":39,"ClockworkSouvenir":90,"SsserpentHead":3,"BranchBurnRelic":91,"Replay:Bandana":14,"Nunchaku":0,"infinitespire:Bottled Soul":73,"Mummified Hand":80,"Gambling Chip":8,"Replay:Bottled Eggs":95,"Red Skull":30,"InkBottle":92,"Gremlin Food":7,"Potion Belt":9,"ReplayTheSpireMod:Ninjato":43,"Self Forming Clay":6,"Guide Book":88,"Circlet":0,"Omamori":11,"infinitespire:Lucky Rock":28,"Frozen Egg 2":24,"Orichalcum":71,"Medical Kit":39,"Replay:Arrowhead":90,"CaptainsWheel":38,"Anchor":64,"infinitespire:WardingShard":19,"infinitespire:Satchel":40,"Turnip":78,"Coffee Dripper":85,"Art of War":87,"Snack Pack":89,"Garlic":94,"ReplayTheSpireMod:Lightbulb":18,"FossilizedHelix":0,"infinitespire:Midas Blood":62},{"Golden Egg":36,"Calipers":46,"CeramicFish":16,"Whetstone":17,"Boot":20,"Replay:Wanted Poster":33,"Replay:Ringing Soul":23,"FaceOfCleric":35,"DollysMirror":27,"Sundial":27,"Strawberry":41,"infinitespire:Golems Mask":24,"Fusion Hammer":12,"Kunai":27,"Toxic Egg 2":15,"Replay:Bottled Steam":25,"Astrolabe":19,"Blue Candle":31,"Dead Branch":36,"Oddly Smooth Stone":29,"Eternal Feather":18,"infinitespire:Beetle Shell":2,"Pen Nib":9,"ReplayTheSpireMod:SealedPack":58,"Letter Opener":42,"Replay:Kaleidoscope":49,"WarpedTongs":34,"Replay:Baseball":36,"infinitespire:Broken Mirror":27,"Shuriken":28,"Onion Ring":1,"Mark of Pain":11,"CultistMask":60,"Black Star":26,"Grinning Jar":16,"Mirror":47,"infinitespire:PuzzleCube":30,"Pocketwatch":34,"ReplayFunnel":31,"Regal Pillow":43,"Iron Core":57,"Torii":8,"Blue Doll":45,"King of Hearts":3,"Juzu Bracelet":14,"Incense Burner":39,"Replay:Mystery Machine":48,"Ancient Tea Set":21,"Smiling Mask":30,"Burning Blood":0,"Pet Ghost":42,"Replay:Rubber Ducky":21,"ClockworkSouvenir":43,"SsserpentHead":2,"BranchBurnRelic":43,"Replay:Bandana":10,"Nunchaku":49,"infinitespire:Bottled Soul":35,"Mummified Hand":38,"Gambling Chip":6,"Replay:Bottled Eggs":46,"Red Skull":17,"InkBottle":44,"Gremlin Food":5,"Potion Belt":6,"ReplayTheSpireMod:Ninjato":23,"Self Forming Clay":4,"Guide Book":42,"Circlet":0,"Omamori":7,"infinitespire:Lucky Rock":17,"Frozen Egg 2":16,"Orichalcum":35,"Medical Kit":21,"Replay:Arrowhead":43,"CaptainsWheel":21,"Anchor":32,"infinitespire:WardingShard":12,"infinitespire:Satchel":22,"Turnip":37,"Coffee Dripper":40,"Art of War":42,"Snack Pack":43,"Garlic":45,"ReplayTheSpireMod:Lightbulb":12,"FossilizedHelix":49,"infinitespire:Midas Blood":31},{"Golden Egg":140,"Calipers":181,"CeramicFish":57,"Whetstone":61,"Boot":75,"Replay:Wanted Poster":131,"Replay:Ringing Soul":89,"FaceOfCleric":137,"DollysMirror":105,"Sundial":105,"Strawberry":160,"infinitespire:Golems Mask":93,"Fusion Hammer":48,"Kunai":105,"Toxic Egg 2":54,"Replay:Bottled Steam":95,"Astrolabe":70,"Blue Candle":126,"Dead Branch":140,"Oddly Smooth Stone":117,"Eternal Feather":65,"infinitespire:Beetle Shell":6,"Pen Nib":33,"ReplayTheSpireMod:SealedPack":218,"Letter Opener":165,"Replay:Kaleidoscope":189,"WarpedTongs":134,"Replay:Baseball":140,"infinitespire:Broken Mirror":105,"Shuriken":113,"Onion Ring":2,"Mark of Pain":43,"CultistMask":226,"Black Star":99,"Grinning Jar":57,"Mirror":183,"infinitespire:PuzzleCube":122,"Pocketwatch":134,"ReplayFunnel":126,"Regal Pillow":168,"Iron Core":212,"Torii":27,"Blue Doll":176,"King of Hearts":9,"Juzu Bracelet":52,"Incense Burner":149,"Replay:Mystery Machine":185,"Ancient Tea Set":79,"Smiling Mask":122,"Burning Blood":0,"Pet Ghost":165,"Replay:Rubber Ducky":79,"ClockworkSouvenir":168,"SsserpentHead":6,"BranchBurnRelic":168,"Replay:Bandana":36,"Nunchaku":189,"infinitespire:Bottled Soul":137,"Mummified Hand":147,"Gambling Chip":20,"Replay:Bottled Eggs":181,"Red Skull":61,"InkBottle":174,"Gremlin Food":18,"Potion Belt":20,"ReplayTheSpireMod:Ninjato":89,"Self Forming Clay":15,"Guide Book":165,"Circlet":0,"Omamori":23,"infinitespire:Lucky Rock":61,"Frozen Egg 2":57,"Orichalcum":137,"Medical Kit":79,"Replay:Arrowhead":168,"CaptainsWheel":79,"Anchor":127,"infinitespire:WardingShard":48,"infinitespire:Satchel":86,"Turnip":144,"Coffee Dripper":156,"Art of War":165,"Snack Pack":168,"Garlic":176,"ReplayTheSpireMod:Lightbulb":48,"FossilizedHelix":189,"infinitespire:Midas Blood":126}]},"card_choices":[{"not_picked":["Abandon","ReplayTheSpireMod:Strike From Hell"],"picked":"Spot Weakness","floor":1.0},{"not_picked":["Cleave","Replay:Undeath\u0027s Touch"],"picked":"Anger","floor":3.0},{"not_picked":["Warcry","Heavy Blade"],"picked":"Sword Boomerang","floor":4.0},{"not_picked":["Shockwave","Wild Strike"],"picked":"Cleave","floor":5.0},{"not_picked":["infinitespire:OneForAll","Shrug It Off"],"picked":"Infernal Blade","floor":7.0},{"not_picked":["ReplayTheSpireMod:Limb From Limb","Disarm"],"picked":"Anger","floor":8.0},{"not_picked":["Pommel Strike","Armaments"],"picked":"Carnage","floor":12.0},{"not_picked":["Battle Trance","Burning Pact","ReplayTheSpireMod:Strike From Hell"],"picked":"SKIP","floor":14.0},{"not_picked":["Survivor","Dualcast"],"picked":"m_Survivalism","floor":17.0},{"not_picked":["Mirror Shield","ReplayTheSpireMod:Omega Cannon"],"picked":"Demonic Infusion","floor":17.0},{"not_picked":["Blind","Survey Options"],"picked":"Swift Strike","floor":17.0},{"not_picked":["infinitespire:DeathsTouch","ReplayTheSpireMod:??????????????????????"],"picked":"infinitespire:Fortify","floor":17.0},{"not_picked":["Iron Wave","Hemogenesis"],"picked":"Anger","floor":18.0},{"not_picked":["Pommel Strike","Run Through","Cleave"],"picked":"SKIP","floor":19.0},{"not_picked":["ReplayTheSpireMod:Strike From Hell","Abandon","Second Wind"],"picked":"SKIP","floor":22.0},{"not_picked":["infinitespire:OneForAll","Searing Blow","Sever Soul+1"],"picked":"SKIP","floor":29.0},{"not_picked":["WeaponsOverheat","Pommel Strike"],"picked":"Dual Wield+1","floor":30}],"player_experience":460023,"relics_obtained":[{"floor":7.0,"key":"infinitespire:Midas Blood"},{"floor":9.0,"key":"Pen Nib"},{"floor":26.0,"key":"infinitespire:Bottled Soul"}],"event_choices":[{"cards_removed":["Strike_R"],"damage_healed":0.0,"max_hp_gain":0.0,"max_hp_loss":0.0,"gold_gain":0.0,"event_name":"The Cleric","player_choice":"Card Removal","floor":11.0,"gold_loss":50.0,"damage_taken":0.0},{"damage_healed":80.0,"max_hp_gain":0.0,"max_hp_loss":80.0,"gold_gain":0.0,"event_name":"betterThird:BetterShining","player_choice":"Embrace Burn","floor":13.0,"gold_loss":0.0,"damage_taken":0.0},{"damage_healed":0.0,"max_hp_gain":0.0,"max_hp_loss":0.0,"gold_gain":0.0,"event_name":"FaceTrader","player_choice":"Trade","floor":21.0,"gold_loss":0.0,"damage_taken":0.0,"relics_obtained":["CultistMask"]},{"damage_healed":0.0,"max_hp_gain":0.0,"max_hp_loss":0.0,"gold_gain":0.0,"event_name":"Upgrade Shrine","player_choice":"Upgraded","floor":27.0,"gold_loss":0.0,"damage_taken":0.0,"cards_upgraded":["Infernal Blade"]},{"damage_healed":0.0,"max_hp_gain":0.0,"max_hp_loss":0.0,"gold_gain":0.0,"event_name":"Match and Keep!","player_choice":"2 cards matched","floor":28.0,"gold_loss":0.0,"damage_taken":0.0,"cards_obtained":["Bash","Impatience"]},{"damage_healed":0,"gold_gain":0,"player_choice":"Upgraded","damage_taken":0,"max_hp_gain":0,"max_hp_loss":0,"event_name":"Upgrade Shrine","floor":31,"gold_loss":0,"cards_upgraded":["Enlightenment"]}],"is_beta":false,"boss_relics":[{"not_picked":["Ooze Armor","Busted Crown"],"picked":"ReplayTheSpireMod:SealedPack"}],"items_purged_floors":[20],"is_endless":false,"potions_floor_spawned":[1,4,7,12,19,24,29],"killed_by":"Pondfish","ascension_level":0}}