{"host":"dvpvhz1t6etneyb3","time":1609191534,"event":{"mods":["AchievementEnabler","BaseMod","Colored Map","Highlight Path","Minty Spire (QoL Compilation)","Permanent Neow","Quick Restart"],"gold_per_floor":[20,20,41,64,8,47,60,91,91,91,116,116,159,178,178,272,272,290,290,336,361,0,0,0,0,0,0,0,25,44,80,80,80,80],"floor_reached":33,"playtime":1946,"items_purged":["Strike_P"],"score":714,"play_id":"fbe17bc5-d3ea-44d3-8a3c-4310fb40dbf7","local_time":"20201228163854","is_ascension_mode":true,"campfire_choices":[{"floor":12.0,"key":"REST"},{"data":"Wallop","floor":15.0,"key":"SMITH"},{"data":"TalkToTheHand","floor":23.0,"key":"SMITH"},{"floor":32.0,"key":"REST"}],"circlet_count":0,"master_deck":["AscendersBane","Strike_P","Strike_P+1","Defend_P","Defend_P","Defend_P","Eruption","Vigilance","SignatureMove","Protect","ThirdEye+1","TalkToTheHand+1","Wallop+1","EmptyBody+1","Meditate+1","FlurryOfBlows","Wish+1","WaveOfTheHand+1","Protect+1","LessonLearned","Evaluate+1"],"relics":["PureWater","Golden Idol","Happy Flower","Toxic Egg 2","TeardropLocket","Mercury Hourglass","Velvet Choker","Frozen Egg 2","Bird Faced Urn","Bronze Scales"],"acts_visited":["Exordium","TheCity"],"potions_floor_usage":[33],"damage_taken":[{"damage":8.0,"enemies":"Small Slimes","floor":1.0,"turns":4.0},{"damage":7.0,"enemies":"Jaw Worm","floor":3.0,"turns":4.0},{"damage":0.0,"enemies":"Cultist","floor":4.0,"turns":2.0},{"damage":14.0,"enemies":"3 Sentries","floor":6.0,"turns":6.0},{"damage":15.0,"enemies":"3 Louse","floor":7.0,"turns":4.0},{"damage":0.0,"enemies":"Gremlin Nob","floor":8.0,"turns":2.0},{"damage":0.0,"enemies":"2 Fungi Beasts","floor":11.0,"turns":4.0},{"damage":0.0,"enemies":"3 Sentries","floor":13.0,"turns":5.0},{"damage":1.0,"enemies":"Looter","floor":14.0,"turns":2.0},{"damage":31.0,"enemies":"Slime Boss","floor":16.0,"turns":11.0},{"damage":0.0,"enemies":"Spheric Guardian","floor":18.0,"turns":3.0},{"damage":0.0,"enemies":"Chosen","floor":20.0,"turns":5.0},{"damage":6.0,"enemies":"Snake Plant","floor":21.0,"turns":6.0},{"damage":0.0,"enemies":"Gremlin Leader","floor":24.0,"turns":1.0},{"damage":14.0,"enemies":"Shelled Parasite and Fungi","floor":29.0,"turns":5.0},{"damage":2.0,"enemies":"Chosen and Byrds","floor":30.0,"turns":11.0},{"damage":13.0,"enemies":"Book of Stabbing","floor":31.0,"turns":7.0},{"damage":80,"enemies":"Champ","floor":33,"turns":8}],"seed_played":"-3641920750472819390","potions_obtained":[{"floor":1.0,"key":"Strength Potion"},{"floor":6.0,"key":"SteroidPotion"},{"floor":7.0,"key":"EssenceOfSteel"},{"floor":16.0,"key":"SmokeBomb"},{"floor":31.0,"key":"FearPotion"}],"is_trial":false,"path_per_floor":["M","?","M","M","?","E","M","E","T","?","M","R","E","M","R","B",null,"M","?","M","M","$","R","E","$","T","?","?","M","M","E","R","B"],"character_chosen":"WATCHER","items_purchased":["Frozen Egg 2"],"campfire_rested":2,"item_purchase_floors":[22],"current_hp_per_floor":[53,53,46,46,46,32,17,17,17,17,17,35,35,34,34,3,47,47,47,47,41,41,41,41,41,41,41,41,27,25,12,30,0,0],"gold":80,"neow_bonus":"REMOVE_TWO","is_daily":false,"chose_seed":false,"campfire_upgraded":2,"win_rate":0.0,"timestamp":1609191534,"path_taken":["M","?","M","M","?","E","M","E","T","?","?","R","E","?","R","BOSS","M","?","M","M","$","R","E","$","T","?","?","M","M","E","R","BOSS"],"items_purchased_type":["Relic"],"build_version":"2020-12-22","purchased_purges":1,"victory":false,"max_hp_per_floor":[68,62,62,62,62,62,62,62,62,62,62,62,62,62,62,62,62,62,62,62,62,62,62,62,62,62,62,62,62,62,62,62,62,62],"card_choices":[{"not_picked":["Vengeance","JustLucky","Crescendo"],"picked":"SKIP","floor":1.0},{"not_picked":["CutThroughFate","Pray"],"picked":"SignatureMove","floor":3.0},{"not_picked":["Halt","Consecrate"],"picked":"Protect","floor":4.0},{"not_picked":["Evaluate","BattleHymn"],"picked":"ThirdEye","floor":6.0},{"not_picked":["EmptyBody","Nirvana"],"picked":"TalkToTheHand","floor":7.0},{"not_picked":["ForeignInfluence+1","ClearTheMind+1"],"picked":"Wallop","floor":8.0},{"not_picked":["Consecrate","Prostrate+1"],"picked":"EmptyBody+1","floor":11.0},{"not_picked":["Wireheading","Protect+1"],"picked":"Meditate+1","floor":13.0},{"not_picked":["PathToVictory+1","InnerPeace+1"],"picked":"FlurryOfBlows","floor":14.0},{"not_picked":["DeusExMachina+1","Scrawl+1"],"picked":"Wish+1","floor":16.0},{"not_picked":["Nirvana","Prostrate+1"],"picked":"WaveOfTheHand+1","floor":18.0},{"not_picked":["Evaluate+1","Halt+1","FollowUp+1"],"picked":"SKIP","floor":20.0},{"not_picked":["FlyingSleeves","Indignation+1"],"picked":"LessonLearned","floor":21.0},{"not_picked":["FlurryOfBlows","CutThroughFate","SashWhip"],"picked":"SKIP","floor":29.0},{"not_picked":["FlurryOfBlows+1","SashWhip","Conclude"],"picked":"SKIP","floor":30.0},{"not_picked":["CutThroughFate","FollowUp"],"picked":"Evaluate+1","floor":31.0}],"player_experience":2006454,"relics_obtained":[{"floor":6.0,"key":"Happy Flower"},{"floor":8.0,"key":"Toxic Egg 2"},{"floor":9.0,"key":"TeardropLocket"},{"floor":13.0,"key":"Mercury Hourglass"},{"floor":26.0,"key":"Bird Faced Urn"},{"floor":31.0,"key":"Bronze Scales"}],"event_choices":[{"damage_healed":0.0,"max_hp_gain":0.0,"max_hp_loss":6.0,"gold_gain":0.0,"event_name":"Golden Idol","player_choice":"Lose Max HP","floor":2.0,"gold_loss":0.0,"damage_taken":0.0,"relics_obtained":["Golden Idol"]},{"damage_healed":0.0,"max_hp_gain":0.0,"max_hp_loss":0.0,"gold_gain":0.0,"event_name":"World of Goop","player_choice":"Left Gold","floor":5.0,"gold_loss":56.0,"damage_taken":0.0},{"damage_healed":0.0,"max_hp_gain":0.0,"max_hp_loss":0.0,"gold_gain":0.0,"event_name":"Dead Adventurer","player_choice":"Searched \u00270\u0027 times","floor":10.0,"gold_loss":0.0,"damage_taken":0.0},{"damage_healed":0.0,"max_hp_gain":0.0,"max_hp_loss":0.0,"gold_gain":0.0,"event_name":"The Library","player_choice":"Read","floor":19.0,"gold_loss":0.0,"damage_taken":0.0,"cards_obtained":["Protect"]},{"damage_healed":0.0,"max_hp_gain":0.0,"max_hp_loss":0.0,"gold_gain":0.0,"event_name":"Vampires","player_choice":"Ignored","floor":27.0,"gold_loss":0.0,"damage_taken":0.0}],"is_beta":false,"boss_relics":[{"not_picked":["Coffee Dripper","Tiny House"],"picked":"Velvet Choker"}],"items_purged_floors":[22],"is_endless":false,"potions_floor_spawned":[1,6,7,16,24,31],"killed_by":"Champ","ascension_level":20}}