{"host":"kag8mfq4or8nkqb2","time":1609124585,"event":{"mods":["2.2 Compatiblity","BaseMod","Downfall","Minty Spire (QoL Compilation)","StSLib"],"gold_per_floor":[99,99,99,99,99,133,156,331,331,221,171,181,56,75,90,188,188,138,152,152,163,98,109,109,302,302,337,437,108,58,73,93,188,188,63,137,137,155,305,325,325,336,211,225,260,278,18,43,58,58,58,90,45,45,45],"floor_reached":56,"playtime":2358,"items_purged":["Slimebound:Tackle","Slimebound:Defend_Slimebound","Slimebound:Defend_Slimebound","Slimebound:Defend_Slimebound","Slimebound:CorrosiveSpit"],"score":2106,"play_id":"19fc7558-ffab-4a48-bf94-fc190143ae6d","local_time":"20201228030305","is_ascension_mode":true,"campfire_choices":[{"data":"Slimebound:Split","floor":1,"key":"SMITH"},{"floor":11,"key":"RECALL"},{"data":"Slimebound:MegaLick","floor":13,"key":"SMITH"},{"data":"Slimebound:SamplingLick","floor":18,"key":"SMITH"},{"data":"Slimebound:RejuvenatingLick","floor":30,"key":"SMITH"},{"data":"Slimebound:RallyTheTroops","floor":35,"key":"SMITH"},{"data":"Slimebound:SplitLeeching","floor":43,"key":"SMITH"},{"data":"expansioncontent:Chronoboost","floor":54,"key":"SMITH"}],"circlet_count":0,"master_deck":["AscendersBane","Slimebound:Defend_Slimebound","Slimebound:Split+1","Slimebound:HauntingLick","Slimebound:SamplingLick+1","Slimebound:SplitLeeching","Slimebound:MegaLick+1","Slimebound:SlimeTap","Slimebound:SplitMire","Slimebound:SamplingLick+1","Slimebound:SlimeTap","Slimebound:SplitLeeching","Slimebound:OneTwoCombo+1","Slimebound:SplitSpecialist+1","Slimebound:TagTeam+1","Slimebound:SlimeBarrage+1","Slimebound:SplitLeeching+1","Slimebound:SplitBruiser+1","Slimebound:Replication","Slimebound:SplitLeeching","Slimebound:SplitLeeching+1","Finesse","Slimebound:RejuvenatingLick+1","Slimebound:LeadByExample+1","Slimebound:SlimeTap+1","Slimebound:RallyTheTroops+1","Slimebound:SplitLeeching+1","Slimebound:SplitLeeching+1","Slimebound:SlimeBrawl+1","Slimebound:SlimeBrawl+1","Slimebound:Replication+1","Slimebound:SplitMire+1","Slimebound:MegaLick+1","expansioncontent:Chronoboost+1"],"relics":["Slimebound:AbsorbEndCombat","downfall:HeartsMalice","Slimebound:GreedOozeRelic","Dream Catcher","Spirit Poop","downfall:HeartBlessingRed","Astrolabe","Mummified Hand","Membership Card","Toxic Egg 2","Sozu","downfall:HeartBlessingGreen","Shuriken","PreservedInsect","downfall:HeartBlessingBlue","Whetstone","Kunai","Lantern","hexamod:BolsterEngine"],"acts_visited":["Exordium","TheCity","TheBeyond","TheEnding"],"potions_floor_usage":[16,55],"damage_taken":[{"damage":0,"enemies":"2 Louse","floor":2,"turns":1},{"damage":0,"enemies":"Cultist","floor":3,"turns":1},{"damage":0,"enemies":"Jaw Worm","floor":4,"turns":1},{"damage":42,"enemies":"3 Sentries","floor":6,"turns":8},{"damage":14,"enemies":"downfall:FleeingMerchant","floor":10,"turns":4},{"damage":29,"enemies":"Exordium Thugs","floor":12,"turns":4},{"damage":8,"enemies":"Blue Slaver","floor":14,"turns":3},{"damage":14,"enemies":"2 Fungi Beasts","floor":15,"turns":3},{"damage":53,"enemies":"downfall:Watcher","floor":16,"turns":11},{"damage":16,"enemies":"Chosen","floor":19,"turns":3},{"damage":20,"enemies":"Shell Parasite","floor":21,"turns":2},{"damage":32,"enemies":"downfall:FleeingMerchant","floor":22,"turns":4},{"damage":16,"enemies":"Snake Plant","floor":23,"turns":2},{"damage":8,"enemies":"downfall:FleeingMerchant","floor":25,"turns":1},{"damage":41,"enemies":"Gremlin Leader","floor":27,"turns":3},{"damage":28,"enemies":"Cultist and Chosen","floor":31,"turns":2},{"damage":16,"enemies":"Snecko","floor":32,"turns":2},{"damage":54,"enemies":"downfall:Silent","floor":33,"turns":3},{"damage":16,"enemies":"3 Shapes","floor":38,"turns":2},{"damage":20,"enemies":"3 Darklings","floor":40,"turns":3},{"damage":24,"enemies":"Jaw Worm Horde","floor":42,"turns":2},{"damage":28,"enemies":"Maw","floor":44,"turns":3},{"damage":36,"enemies":"Giant Head","floor":45,"turns":3},{"damage":20,"enemies":"4 Shapes","floor":46,"turns":2},{"damage":32,"enemies":"Nemesis","floor":48,"turns":2},{"damage":28,"enemies":"Spire Growth","floor":49,"turns":2},{"damage":24,"enemies":"downfall:Defect","floor":50,"turns":2},{"damage":32,"enemies":"downfall:CharBossMerchant","floor":52,"turns":2},{"damage":52,"enemies":"downfall:NeowBoss","floor":55,"turns":9}],"seed_played":"-2408353256008981380","potions_obtained":[{"floor":6,"key":"Slimebound:SlimedPotion"},{"floor":12,"key":"FearPotion"},{"floor":16,"key":"SpeedPotion"},{"floor":31,"key":"PowerPotion"}],"is_trial":false,"path_per_floor":["R","M","M","M","?","E","T","?","?","$","R","M","R","M","M","B",null,"R","M","?","M","$","M","T","$","?","E","?","$","R","M","M","B",null,"R","?","$","M","?","M","T","M","R","M","E","M","$","E","M","B",null,"E","$","R","B",null],"character_chosen":"SLIMEBOUND","items_purchased":["Slimebound:SplitMire","Finesse","Membership Card","Toxic Egg 2","Slimebound:SlimeBrawl+1","Kunai","expansioncontent:Chronoboost"],"campfire_rested":0,"item_purchase_floors":[10,25,29,29,47,47,53],"current_hp_per_floor":[54,54,54,54,54,32,32,32,32,38,38,31,31,35,39,24,51,51,58,58,60,58,60,60,60,60,53,53,53,53,56,60,60,60,60,60,60,60,60,60,60,58,68,66,68,70,70,66,68,66,69,68,68,68,66],"gold":45,"neow_bonus":"THREE_ENEMY_KILL","is_daily":false,"chose_seed":false,"campfire_upgraded":7,"win_rate":0.0,"timestamp":1609124585,"path_taken":["R","M","M","M","?","E","T","?","?","$","R","M","R","?","M","BOSS","R","M","?","M","?","M","T","$","?","E","?","$","R","M","M","BOSS","R","?","$","M","?","M","T","M","R","?","E","M","$","E","M","BOSS","E","$","R","BOSS"],"items_purchased_type":["Card","Card","Relic","Relic","Card","Relic","Card"],"build_version":"2020-12-22","purchased_purges":5,"victory":true,"max_hp_per_floor":[60,60,60,60,60,60,60,60,60,60,60,60,60,60,60,60,60,60,60,60,60,60,60,60,60,60,60,60,60,60,60,60,60,60,60,60,60,60,60,60,60,60,70,70,70,70,70,70,70,70,70,70,70,70,70],"card_choices":[{"not_picked":["Slimebound:RollThrough","Slimebound:FinishingTackle"],"picked":"Slimebound:HauntingLick","floor":2},{"not_picked":["Slimebound:Replication","Slimebound:LeechEnergy"],"picked":"Slimebound:SamplingLick","floor":3},{"not_picked":["Slimebound:Grow","Slimebound:GoopTackle"],"picked":"Slimebound:SplitLeeching","floor":4},{"not_picked":["Slimebound:Schlurp","Slimebound:FinishingTackle"],"picked":"Slimebound:MegaLick","floor":6},{"not_picked":["Slimebound:PressTheAttack","Slimebound:RollThrough"],"picked":"Slimebound:SlimeTap","floor":10},{"not_picked":["Slimebound:SlimeBarrage","Slimebound:FinishingTackle"],"picked":"Slimebound:SamplingLick","floor":12},{"not_picked":["Slimebound:RollThrough","Slimebound:SplitMire"],"picked":"Slimebound:SlimeTap","floor":14},{"not_picked":["Slimebound:LeechingTouch","Slimebound:LeechEnergy"],"picked":"Slimebound:SplitLeeching","floor":15},{"not_picked":["Slimebound:Recycling","Slimebound:Overexert"],"picked":"Slimebound:OneTwoCombo","floor":16},{"not_picked":["Slimebound:MegaLick","Slimebound:Grow"],"picked":"Slimebound:SplitLeeching","floor":19},{"not_picked":["Slimebound:GrowthPunch+1","Slimebound:SlimeSpikes"],"picked":"Slimebound:SplitBruiser+1","floor":21},{"not_picked":["Slimebound:Recollect","Slimebound:GrowthPunch"],"picked":"Slimebound:Replication","floor":22},{"not_picked":["Slimebound:Recollect","Slimebound:GrowthPunch+1"],"picked":"Slimebound:SplitLeeching","floor":23},{"not_picked":["Slimebound:FinishingTackle","Slimebound:SplitBruiser"],"picked":"Slimebound:SplitLeeching+1","floor":25},{"not_picked":["Slimebound:DouseInSlime","Slimebound:SlimeSpikes"],"picked":"Slimebound:RejuvenatingLick","floor":27},{"not_picked":["Slimebound:ViciousTackle","Slimebound:SplitAcid+1"],"picked":"Slimebound:LeadByExample+1","floor":31},{"not_picked":["Slimebound:HauntingLick+1","Slimebound:DisruptingSlam"],"picked":"Slimebound:SlimeTap+1","floor":32},{"not_picked":["Slimebound:MassFeed","Slimebound:Teamwork+1"],"picked":"Slimebound:RallyTheTroops","floor":33},{"not_picked":["Slimebound:SplitMire+1","Slimebound:ViciousTackle"],"picked":"Slimebound:SplitLeeching+1","floor":38},{"not_picked":["Slimebound:GoopSpray+1","Slimebound:FirmFortitude","Slimebound:Schlurp+1"],"picked":"SKIP","floor":40},{"not_picked":["Slimebound:Chomp+1","Slimebound:SlimeSpikes+1","Slimebound:FirmFortitude"],"picked":"SKIP","floor":42},{"not_picked":["Slimebound:DisruptingSlam+1","Slimebound:AcidTongue+1"],"picked":"Slimebound:SplitLeeching+1","floor":44},{"not_picked":["Slimebound:SlimeBarrage","Slimebound:Recollect+1","Slimebound:LeechingTouch"],"picked":"SKIP","floor":45},{"not_picked":["Slimebound:LeadByExample","Slimebound:ViciousTackle+1"],"picked":"Slimebound:SlimeBrawl+1","floor":46},{"not_picked":["Slimebound:ComboTackle","Slimebound:SpikyOuterGoop+1"],"picked":"Slimebound:Replication+1","floor":48},{"not_picked":["Slimebound:SlimeBrawl+1","Slimebound:SplitSpecialist+1"],"picked":"Slimebound:SplitMire+1","floor":49},{"not_picked":["Slimebound:SplitBruiser+1","Slimebound:Repurpose+1"],"picked":"Slimebound:MegaLick+1","floor":52}],"player_experience":1057853,"relics_obtained":[{"floor":6,"key":"Dream Catcher"},{"floor":7,"key":"Smiling Mask"},{"floor":27,"key":"Mummified Hand"},{"floor":36,"key":"Shuriken"},{"floor":41,"key":"PreservedInsect"},{"floor":45,"key":"Whetstone"},{"floor":48,"key":"Lantern"},{"floor":52,"key":"hexamod:BolsterEngine"}],"event_choices":[{"cards_removed":["Doubt"],"damage_healed":0,"gold_gain":0,"player_choice":"Offered Curse","damage_taken":0,"relics_obtained":["Spirit Poop"],"max_hp_gain":0,"max_hp_loss":0,"event_name":"Bonfire Elementals","floor":9,"gold_loss":0},{"damage_healed":0,"gold_gain":0,"player_choice":"Upgraded","damage_taken":0,"max_hp_gain":0,"max_hp_loss":0,"event_name":"Upgrade Shrine","floor":20,"gold_loss":0,"cards_upgraded":["Slimebound:SamplingLick"]}],"is_beta":false,"boss_relics":[{"not_picked":["downfall:Hecktoplasm","Empty Cage"],"picked":"Astrolabe"},{"not_picked":["Philosopher\u0027s Stone","expansioncontent:StudyCardRelic"],"picked":"Sozu"}],"items_purged_floors":[10,22,25,29,47],"is_endless":false,"potions_floor_spawned":[6,12,16,19,27,31,32,38,42,44,46,48],"ascension_level":12}}