{"host":"dx8mnueonnkh60qu","time":1609154595,"event":{"mods":["AchievementEnabler","Act Like it!","Aspiration","BaseMod","Better Silent Start","Better Third Choice","Conspire","Defuse TimeMaze Blight","Dota2Spire","Downfall","Hubris","Infinite Spire","Marked Mod","Minty Spire (QoL Compilation)","Rare Cards Sparkle","Relic Stats","Robot Space Explorer","Spicy Shops","Spikes Relics","StSLib","SuperFastMode","The Blue Laboratory","The Caster"],"gold_per_floor":[99,199,15,15,42,42,65,65,65,92,5,23,23,49,61,164,164,89,104,130,141,160,175,175,192,192,202,33,44,44,44],"floor_reached":30,"playtime":1690,"items_purged":[],"score":238,"play_id":"029ac401-508d-4fa3-aa81-e5b1e4763ca8","local_time":"20201228062315","is_ascension_mode":false,"campfire_choices":[{"data":"caster:Meteor","floor":1,"key":"SMITH"},{"data":"caster:StaticField","floor":9,"key":"SMITH"},{"data":"caster:Charge","floor":18,"key":"SMITH"}],"circlet_count":0,"master_deck":["caster:Meteor+1","caster:DivertFocus","caster:strike","caster:strike","caster:strike","caster:defend","caster:defend","caster:defend","caster:defend","caster:defend","caster:FrostDriver","caster:StaticField+1","caster:Charge+1","caster:Surge","caster:FlashFrost","caster:GlacialShield","caster:Thundara+1","caster:Charge","caster:EchoingVoice","caster:QuickCast","caster:WallOfRocks","caster:Barbroot","caster:Discharge","caster:IzanagisObdurance","caster:Tundra+1","caster:Surge+1","caster:JupitelThunder","caster:WallOfMirrors+1","caster:LordOfVermillion","caster:StaticField+1","caster:LightningBolt"],"relics":["caster:MagicBook","downfall:HeartsMalice","Regal Pillow","Dota2Spire:EchoSabre","Dota2Spire:Desolator","hubris:ToyBattleship","Dota2Spire:Bloodstone","downfall:HeartBlessingGreen","MealTicket","DollysMirror"],"acts_visited":["Exordium","TheCity"],"potions_floor_usage":[16,16,16],"damage_taken":[{"damage":0,"enemies":"downfall:FleeingMerchant","floor":3,"turns":1},{"damage":0,"enemies":"Jaw Worm","floor":4,"turns":1},{"damage":0,"enemies":"Cultist","floor":6,"turns":1},{"damage":1,"enemies":"3 Sentries","floor":10,"turns":9},{"damage":0,"enemies":"downfall:FleeingMerchant","floor":11,"turns":4},{"damage":0,"enemies":"conspire:RoseBush","floor":12,"turns":2},{"damage":6,"enemies":"Lagavulin","floor":14,"turns":10},{"damage":41,"enemies":"conspire:2 RoseBushes","floor":15,"turns":7},{"damage":22,"enemies":"downfall:Silent","floor":16,"turns":12},{"damage":6,"enemies":"Shell Parasite","floor":19,"turns":5},{"damage":4,"enemies":"Chosen","floor":21,"turns":8},{"damage":2,"enemies":"Snecko","floor":22,"turns":9},{"damage":28,"enemies":"Snake Plant","floor":23,"turns":6},{"damage":9,"enemies":"Shelled Parasite and Fungi","floor":25,"turns":7},{"damage":2,"enemies":"conspire:HollyBat","floor":27,"turns":8},{"damage":11,"enemies":"downfall:FleeingMerchant","floor":28,"turns":4},{"damage":16,"enemies":"Snecko","floor":29,"turns":6},{"damage":42,"enemies":"3 Cultists","floor":30,"turns":5}],"seed_played":"3139935611052423624","potions_obtained":[{"floor":10,"key":"blueLaboratory:ImpenetrablePotion"},{"floor":14,"key":"blueLaboratory:LouseDecoction"},{"floor":15,"key":"AttackPotion"},{"floor":21,"key":"blueLaboratory:AbyssPotion"},{"floor":23,"key":"blueLaboratory:Moonshine"}],"is_trial":false,"path_per_floor":["R","?","$","M","T","M","T","?","R","E","$","M","?","E","M","B",null,"R","M","T","M","M","M","T","M","?","M","$","M","M"],"character_chosen":"THE_CASTER","items_purchased":["caster:StaticField","caster:Charge","caster:Surge","caster:QuickCast","DollysMirror"],"campfire_rested":0,"item_purchase_floors":[3,3,3,11,28],"current_hp_per_floor":[64,64,64,64,64,64,64,64,64,63,63,63,63,57,33,19,64,64,62,62,58,64,36,36,35,35,41,51,35,0,0],"gold":44,"neow_bonus":"THREE_ENEMY_KILL","is_daily":false,"chose_seed":false,"campfire_upgraded":3,"win_rate":0.0,"timestamp":1609154595,"path_taken":["R","?","?","M","?","M","T","?","R","E","$","M","?","E","M","BOSS","R","M","?","?","M","M","T","M","?","M","$","M","?"],"items_purchased_type":["Card","Card","Card","Card","Relic"],"build_version":"2020-12-22","purchased_purges":0,"victory":false,"max_hp_per_floor":[64,64,64,64,64,64,64,64,64,64,64,64,64,64,64,64,64,64,64,64,64,64,64,64,64,64,64,64,64,64,64],"relic_stats":{"Regal Pillow":0,"counters":[18,102],"MealTicket":15,"obtain_stats":[{"Dota2Spire:EchoSabre":7,"Regal Pillow":5,"DollysMirror":28,"downfall:HeartsMalice":0,"downfall:HeartBlessingGreen":18,"MealTicket":20,"Dota2Spire:Bloodstone":17,"hubris:ToyBattleship":14,"caster:MagicBook":0,"Dota2Spire:Desolator":10},{"Dota2Spire:EchoSabre":3,"Regal Pillow":2,"DollysMirror":16,"downfall:HeartsMalice":0,"downfall:HeartBlessingGreen":9,"MealTicket":10,"Dota2Spire:Bloodstone":9,"hubris:ToyBattleship":7,"caster:MagicBook":0,"Dota2Spire:Desolator":4},{"Dota2Spire:EchoSabre":0,"Regal Pillow":0,"DollysMirror":91,"downfall:HeartsMalice":0,"downfall:HeartBlessingGreen":44,"MealTicket":49,"Dota2Spire:Bloodstone":44,"hubris:ToyBattleship":25,"caster:MagicBook":0,"Dota2Spire:Desolator":9}]},"card_choices":[{"not_picked":["caster:FireWall","caster:BloodRitual"],"picked":"caster:FrostDriver","floor":3},{"not_picked":["caster:FireWall","caster:MeteorStorm"],"picked":"caster:FlashFrost","floor":4},{"not_picked":["caster:FireWall","caster:MagicResonance"],"picked":"caster:GlacialShield","floor":6},{"not_picked":["caster:AshesToAshes","caster:Accumulation"],"picked":"caster:Charge","floor":10},{"not_picked":["caster:WallOfThorns","caster:Sandstorm"],"picked":"caster:EchoingVoice","floor":11},{"not_picked":["caster:LAZER","caster:FrostDriver"],"picked":"caster:WallOfRocks","floor":12},{"not_picked":["caster:Rectify","caster:DiablosFlame"],"picked":"caster:Barbroot","floor":14},{"not_picked":["caster:WallOfThorns","caster:Charge"],"picked":"caster:Discharge","floor":15},{"not_picked":["caster:ShortenedChant","caster:Inferno"],"picked":"caster:IzanagisObdurance","floor":16},{"not_picked":["caster:Charge","caster:FrigidBeam"],"picked":"caster:Tundra+1","floor":19},{"not_picked":["caster:FireWall","caster:Sandstorm"],"picked":"caster:Surge+1","floor":21},{"not_picked":["caster:DiablosFlame","caster:Sleet+1"],"picked":"caster:JupitelThunder","floor":22},{"not_picked":["caster:BurnItDown","caster:QuickCast"],"picked":"caster:WallOfMirrors+1","floor":23},{"not_picked":["caster:FrigidBeam","caster:Enfeeble","caster:Fireball"],"picked":"SKIP","floor":25},{"not_picked":["caster:MagicBarrier+1","caster:JupitelThunder","caster:LAZER"],"picked":"SKIP","floor":27},{"not_picked":["caster:FireWall+1","caster:DiablosFlame"],"picked":"caster:LordOfVermillion","floor":28},{"not_picked":["caster:GlacialShield+1","caster:Fireball"],"picked":"caster:LightningBolt","floor":29}],"player_experience":567109,"relics_obtained":[{"floor":5,"key":"Regal Pillow"},{"floor":7,"key":"Dota2Spire:EchoSabre"},{"floor":10,"key":"Dota2Spire:Desolator"},{"floor":14,"key":"hubris:ToyBattleship"},{"floor":20,"key":"MealTicket"}],"event_choices":[{"cards_removed":["caster:strike"],"damage_healed":0,"gold_gain":0,"player_choice":"Purged","damage_taken":0,"max_hp_gain":0,"max_hp_loss":0,"event_name":"Purifier","floor":13,"gold_loss":0},{"damage_healed":0,"gold_gain":0,"player_choice":"Ignored","damage_taken":0,"max_hp_gain":0,"max_hp_loss":0,"event_name":"Purifier","floor":26,"gold_loss":0}],"is_beta":false,"boss_relics":[{"not_picked":["hubris:ScarierMask","Astrolabe"],"picked":"Dota2Spire:Bloodstone"}],"items_purged_floors":[],"is_endless":false,"potions_floor_spawned":[10,14,15,21,23,29],"killed_by":"3 Cultists","ascension_level":0}}