{"host":"s6mlqkqtr3ey2mm2","time":1609198818,"event":{"mods":["2.2 Compatiblity","AchievementEnabler","Aspiration","BaseMod","Beaked The Cultist","Better Note","BetterRewards","Challenge The Spire","Colored Map","Colored Powertips","Conspire","Curses Come First","Downfall","Emptier Cage","Energized Spire","GifTheSpireLib","Halation","Hermit","Hubris","Infinite Spire","Ironclad Rager","Marked Mod","Minty Spire (QoL Compilation)","Quick Restart","RatMod","Replay The Spire","Retaliation","Shade Mod","Somnambulant","Spicy Shops","StSLib","Stuff the Spire","The Blue Laboratory","The Construct","The Druid","The IronCluck","The Marked","The Mystic","The Necromancer","The Poker Player","The Runesmith","The Valiant","vexMod"],"gold_per_floor":[112,112,112,126,145,176,176,146,223,235,17,37,67,67,67,162,162,172,222,222,239,254,280,280,308,331,331,331,331,347,30,30,126,126,138,57,57,72,100,100,118,118,141,141,141,170,181,196,196,196,196],"floor_reached":50,"playtime":4446,"items_purged":["Defend_W","Strike_W+1"],"score":518,"play_id":"c08407c0-993d-457b-a32a-623ded4d6c1c","local_time":"20201228184018","is_ascension_mode":false,"campfire_choices":[{"floor":7.0,"key":"REST"},{"data":"Summon_Undead","floor":15.0,"key":"SMITH"},{"data":"Toxic_Smoke_Screen","floor":24.0,"key":"SMITH"},{"data":"Cloudkill","floor":28.0,"key":"SMITH"},{"data":"Summon_Lich","floor":32.0,"key":"SMITH"},{"floor":40.0,"key":"REST"},{"data":"Uncharnel","floor":42,"key":"SMITH"},{"data":"Shackles_Of_Pain","floor":44,"key":"SMITH"},{"floor":49,"key":"REST"}],"circlet_count":0,"master_deck":["Strike_W+1","Strike_W+1","Strike_W+1","Defend_W+1","Negative_Energy_Arrows","Bone_Wall","Negative_Energy_Shield","Negative_Energy_Sphere","Vampiric_Strike","Toxic_Smoke_Screen+1","Bone_Armor","Acid_Javelin","Bone_Spikes","Summon_Undead+1","Finger_Of_Death","Cloudkill+1","Negative_Energy_Mist","Bone_Spikes+1","Shackles_Of_Pain+1","Uncharnel+1","Scare","Summon_Lich+1","Flesh_Made_Foul+1","Bone_Armory","Spectral_Walk+1","Life_Tap","Death_Coil+1","Negative_Energy_Burst"],"relics":["Vampire_Amulet","infinitespire:WardingShard","StuffTheSpire:RubySignet","Replay:Baseball","StuffTheSpire:CocoNut","aspiration:BabyByrd","energizedSpire:SpiderWeb","Orichalcum","hubris:TenFootPole","Blood Vial","Sling","Velvet Choker","Ring of Hypnosis","hubris:TinFlute","vexMod:MemoryStick","hubris:Towel","Pen Nib"],"acts_visited":["Exordium","TheCity","TheBeyond"],"potions_floor_usage":[48,50],"damage_taken":[{"damage":2.0,"enemies":"Cultist","floor":1.0,"turns":6.0},{"damage":9.0,"enemies":"Small Slimes","floor":4.0,"turns":4.0},{"damage":4.0,"enemies":"2 Louse","floor":5.0,"turns":2.0},{"damage":38.0,"enemies":"Gremlin Nob","floor":6.0,"turns":6.0},{"damage":0.0,"enemies":"Looter","floor":8.0,"turns":4.0},{"damage":1.0,"enemies":"Large Slime","floor":10.0,"turns":5.0},{"damage":4.0,"enemies":"2 Fungi Beasts","floor":12.0,"turns":4.0},{"damage":24.0,"enemies":"3 Sentries","floor":13.0,"turns":5.0},{"damage":62.0,"enemies":"Fading Forest","floor":16.0,"turns":11.0},{"damage":15.0,"enemies":"Spheric Guardian","floor":18.0,"turns":4.0},{"damage":3.0,"enemies":"3 Byrds","floor":21.0,"turns":3.0},{"damage":16.0,"enemies":"Shelled Parasite and Fungi","floor":22.0,"turns":5.0},{"damage":20.0,"enemies":"Book of Stabbing","floor":23.0,"turns":6.0},{"damage":32.0,"enemies":"Slavers","floor":25.0,"turns":5.0},{"damage":8.0,"enemies":"Centurion and Healer","floor":30.0,"turns":5.0},{"damage":45.0,"enemies":"hubris:MusketHawk","floor":33.0,"turns":7.0},{"damage":7.0,"enemies":"Orb Walker","floor":35.0,"turns":4.0},{"damage":22.0,"enemies":"3 Darklings","floor":38.0,"turns":4.0},{"damage":39.0,"enemies":"conspire:MimicChest","floor":39.0,"turns":5.0},{"damage":1.0,"enemies":"Sphere and 2 Shapes","floor":41.0,"turns":4.0},{"damage":21,"enemies":"Reptomancer","floor":46,"turns":5},{"damage":25,"enemies":"Jaw Worm Horde","floor":47,"turns":5},{"damage":0,"enemies":"Maw","floor":48,"turns":2},{"damage":84,"enemies":"conspire:OrnateMirror","floor":50,"turns":4}],"seed_played":"-618606743361912554","potions_obtained":[{"floor":4.0,"key":"blueLaboratory:FrostheartPotion"},{"floor":6.0,"key":"blueLaboratory:RememoryPotion"},{"floor":10.0,"key":"blueLaboratory:TrueEctoplasm"},{"floor":12.0,"key":"blueLaboratory:EnragingPotion"},{"floor":21.0,"key":"blueLaboratory:BottledHope"},{"floor":30.0,"key":"ColorlessPotion"},{"floor":39.0,"key":"SmokeBomb"},{"floor":48,"key":"blueLaboratory:BubblePotion"}],"is_trial":false,"path_per_floor":["M","?","?","M","M","E","R","M","T","M","$","M","E","?","R","B",null,"M","?","?","M","M","E","R","E","T","?","R","?","M","$","R","B",null,"M","$","?","M","?","R","M","R","T","R","?","E","M","M","R","B"],"character_chosen":"NECROMANCER","items_purchased":["Replay:Baseball","Summon_Lich","Sling","Bone_Armory"],"campfire_rested":3,"item_purchase_floors":[11,31,31,36],"current_hp_per_floor":[75,75,75,68,70,36,58,58,58,64,64,68,59,59,59,25,82,70,70,70,73,63,54,54,46,46,46,46,46,44,44,44,23,82,80,80,80,62,33,57,64,64,64,64,64,57,42,44,68,0,0],"gold":196,"neow_bonus":"THREE_CARDS","is_daily":false,"chose_seed":false,"campfire_upgraded":6,"win_rate":0.0,"timestamp":1609198818,"path_taken":["M","?","?","M","?","E","R","M","T","M","?","M","E","?","R","BOSS","M","?","?","M","?","E","R","E","T","?","R","?","M","$","R","BOSS","M","$","?","M","?","R","?","R","T","R","?","E","M","M","R","BOSS"],"items_purchased_type":["Relic","Card","Relic","Card"],"build_version":"2020-12-22","purchased_purges":2,"victory":false,"max_hp_per_floor":[75,75,75,75,75,75,75,75,75,75,75,75,82,82,82,82,82,82,82,82,82,82,82,82,82,82,82,82,82,82,82,82,82,82,82,82,82,82,82,82,82,82,82,82,82,82,82,82,82,82,82],"card_choices":[{"not_picked":["Consume_Illness","Negative_Energy_Javelin"],"picked":"Negative_Energy_Shield","floor":0.0},{"not_picked":["Negative_Energy_Javelin","Shade_Step"],"picked":"Negative_Energy_Sphere","floor":1.0},{"not_picked":["Bone_Armor","Violent_Necrosis"],"picked":"Vampiric_Strike","floor":4.0},{"not_picked":["Negative_Energy_Mist","Corrupt"],"picked":"Toxic_Smoke_Screen","floor":5.0},{"not_picked":["Negative_Energy_Bomb","Consume_Illness"],"picked":"Bone_Armor","floor":6.0},{"not_picked":["Negative_Energy_Burst","Epidemic"],"picked":"Acid_Javelin","floor":8.0},{"not_picked":["Bones_to_Steel","Blood_Whip"],"picked":"Bone_Spikes","floor":10.0},{"not_picked":["Summon_Undead_Army","Blood_Whip"],"picked":"Summon_Undead","floor":12.0},{"not_picked":["Blood_Is_Power","Negative_Energy_Bomb"],"picked":"Finger_Of_Death","floor":13.0},{"not_picked":["Requiem","Detonate_Bones"],"picked":"Cloudkill","floor":16.0},{"not_picked":["Negative_Energy_Shield","Death_March_Dance"],"picked":"Negative_Energy_Mist","floor":18.0},{"not_picked":["Death_March_Dance+1","Negative_Energy_Javelin"],"picked":"Bone_Spikes+1","floor":21.0},{"not_picked":["Epidemic","Spectral_Armor"],"picked":"Shackles_Of_Pain","floor":22.0},{"not_picked":["Spectral_Armor","Blood_Magic"],"picked":"Uncharnel","floor":23.0},{"not_picked":["Bone_Armor","Slay_Living"],"picked":"Scare","floor":25.0},{"not_picked":["Chill_Blood","Bone_Armor+1","Scare"],"picked":"SKIP","floor":30.0},{"not_picked":["Chill_Blood+1","Whirlwind_of_Bones+1"],"picked":"Flesh_Made_Foul+1","floor":35.0},{"not_picked":["Finger_Of_Death","Bones_to_Steel+1","Blood_Curse"],"picked":"SKIP","floor":38.0},{"not_picked":["Bones_to_Steel+1","Bone_Armory"],"picked":"Spectral_Walk+1","floor":39.0},{"not_picked":["Deaths_Shadow+1","Shackles_Of_Pain+1"],"picked":"Life_Tap","floor":41.0},{"not_picked":["Spectral_Armor","Bone_Shift"],"picked":"Death_Coil+1","floor":46},{"not_picked":["Vampiric_Strike","Blood_Curse+1"],"picked":"Negative_Energy_Burst","floor":47},{"not_picked":["Chill_Blood","Blood_Curse+1","Bone_Shift"],"picked":"SKIP","floor":48}],"player_experience":41009,"relics_obtained":[{"floor":6.0,"key":"infinitespire:WardingShard"},{"floor":9.0,"key":"StuffTheSpire:RubySignet"},{"floor":13.0,"key":"StuffTheSpire:CocoNut"},{"floor":23.0,"key":"Orichalcum"},{"floor":25.0,"key":"hubris:TenFootPole"},{"floor":26.0,"key":"Blood Vial"},{"floor":37.0,"key":"Ring of Hypnosis"},{"floor":39.0,"key":"hubris:TinFlute"},{"floor":43,"key":"vexMod:MemoryStick"},{"floor":46,"key":"Pen Nib"}],"event_choices":[{"damage_healed":0.0,"max_hp_gain":0.0,"max_hp_loss":0.0,"gold_gain":0.0,"event_name":"conspire:Investor","player_choice":"Leave","floor":2.0,"gold_loss":0.0,"damage_taken":0.0},{"cards_removed":["Defend_W"],"damage_healed":0.0,"max_hp_gain":0.0,"max_hp_loss":0.0,"gold_gain":0.0,"event_name":"Purifier","player_choice":"Purged","floor":3.0,"gold_loss":0.0,"damage_taken":0.0},{"damage_healed":0.0,"max_hp_gain":0.0,"max_hp_loss":0.0,"gold_gain":100.0,"event_name":"The Joust","player_choice":"Bet on Murderer","floor":19.0,"gold_loss":50.0,"damage_taken":0.0},{"cards_removed":["Defend_W"],"damage_healed":0.0,"max_hp_gain":0.0,"max_hp_loss":0.0,"gold_gain":0.0,"event_name":"Purifier","player_choice":"Purged","floor":20.0,"gold_loss":0.0,"damage_taken":0.0},{"damage_healed":0.0,"max_hp_gain":0.0,"max_hp_loss":0.0,"gold_gain":0.0,"event_name":"betterNote:BetterNote","player_choice":"Ignored","floor":27.0,"gold_loss":0.0,"damage_taken":0.0,"cards_obtained":["conspire:DoublingDagger"]},{"damage_healed":0.0,"max_hp_gain":0.0,"max_hp_loss":0.0,"gold_gain":0.0,"event_name":"Back to Basics","player_choice":"Simplicity","floor":29.0,"gold_loss":0.0,"damage_taken":0.0,"cards_upgraded":["Strike_W","Strike_W","Strike_W","Strike_W","Defend_W"]}],"is_beta":false,"boss_relics":[{"not_picked":["Replay:Bronze Core","StuffTheSpire:RunicConfusion"],"picked":"energizedSpire:SpiderWeb"},{"not_picked":["ReplayTheSpireMod:DimensionalGlitch","hubris:BlackHole"],"picked":"Velvet Choker"}],"items_purged_floors":[11,31],"is_endless":false,"potions_floor_spawned":[4,6,10,12,13,18,21,30,38,39,48],"killed_by":"conspire:OrnateMirror","ascension_level":0}}