{"host":"0azimyi6n3ugndj4","time":1609166733,"event":{"mods":["2.2 Compatiblity","BaseMod","Bestiary","Conspire","Curses Come First","Defuse TimeMaze Blight","Hyrulean Relics","Infinite Spire","Minty Spire (QoL Compilation)","Relic Stats","Replay The Spire","StSLib","SuperFastMode","Uncapped","¡¼?Úª?ø«¡½REMEMod"],"gold_per_floor":[132,162,312,312,366,444,444,489,540,133,133,211,289,340,340,577,577,613,613,649,703,630,642,747,806,818,929,1001,963,1068,970,982,994,994],"floor_reached":33,"playtime":857,"items_purged":["Doubt"],"score":776,"play_id":"03ad94e9-2306-440d-a031-4bdfc0808353","local_time":"20201228234533","daily_mods":["Insanity","Vintage","ControlledChaos","Diverse","Colorless Cards","Heirloom","Time Dilation","Flight","Elite Swarm","Lethality","Midas","Night Terrors","Binary"],"is_ascension_mode":true,"campfire_choices":[{"floor":7,"key":"REST"},{"floor":15,"key":"REST"},{"floor":23,"key":"REST"},{"floor":32,"key":"REST"}],"circlet_count":0,"master_deck":["AscendersBane","Ball Lightning","Leap","Turbo","REME_SingleHolding","conspire:DoublingDagger","Perfected Strike","ReachHeaven","Sword Boomerang","Twin Strike","Dagger Spray","Hidden Blade","Flying Knee","Rebound","REME_Scribble","Evaluate","Eviscerate","Cloak And Dagger","Impatience","Body Slam","Discovery","Wild Strike","ClearTheMind","Quick Slash","Worship","Bane","Streamline","Blade Dance","Defragment","Beam Cell","Pray","Bane","FlyingSleeves","Storm","Outmaneuver","ReplayTheSpireMod:Tripwire","ThirdEye+1","BowlingBash","Bane","Replay:Sssssssssstrike","ReplayTheSpireMod:Shiv Toss","Headbutt","Prepared","Replay:BluntJabs","Armaments","Undo","Compile Driver","Blur","Anger","Hemogenesis","Omniscience","Pot Of Greed","Pot Of Greed","Pot Of Greed","Pot Of Greed","Pot Of Greed","Flechettes","infinitespire:Starlight"],"relics":["Ring of the Snake","Frozen Eye","Busted Crown","REME_ComplimentaryCards","Lizard Tail","Replay:Mystery Machine","Magic Flower","NlothsMask","Darkstone Periapt","zeldaRelics:CourageTriforce","Garlic","Toolbox","Blood Vial","Odd Mushroom","StrikeDummy","HoveringKite","Grinning Jar","Snack Pack","MawBank","Durian","zeldaRelics:WisdomTriforce","Potion Belt","zeldaRelics:PowerPiece"],"acts_visited":["Exordium","TheCity"],"potions_floor_usage":[24,27,33],"damage_taken":[{"damage":0,"enemies":"Cultist","floor":1,"turns":2},{"damage":0,"enemies":"Small Slimes","floor":2,"turns":1},{"damage":0,"enemies":"2 Louse","floor":5,"turns":1},{"damage":51,"enemies":"3 Sentries","floor":6,"turns":9},{"damage":14,"enemies":"Looter","floor":8,"turns":2},{"damage":6,"enemies":"Gremlin Nob","floor":12,"turns":3},{"damage":11,"enemies":"The Mushroom Lair","floor":13,"turns":2},{"damage":18,"enemies":"Gremlin Gang","floor":14,"turns":4},{"damage":40,"enemies":"Fading Forest","floor":16,"turns":13},{"damage":38,"enemies":"Shell Parasite","floor":18,"turns":4},{"damage":34,"enemies":"3 Byrds","floor":20,"turns":4},{"damage":0,"enemies":"Snecko","floor":21,"turns":2},{"damage":70,"enemies":"Gremlin Leader","floor":24,"turns":6},{"damage":28,"enemies":"Book of Stabbing","floor":27,"turns":4},{"damage":3,"enemies":"3 Cultists","floor":28,"turns":3},{"damage":2,"enemies":"Nightmare","floor":30,"turns":2},{"damage":88,"enemies":"conspire:MysteriousRune","floor":33,"turns":4}],"seed_played":"-801489607398198317","potions_obtained":[{"floor":5,"key":"Swift Potion"},{"floor":6,"key":"Energy Potion"},{"floor":28,"key":"Milkshake"}],"is_trial":true,"path_per_floor":["M","M","?","?","M","E","R","M","T","$","?","E","?","M","R","B",null,"M","?","M","M","?","R","E","T","T","E","M","?","NM","?","R","B"],"character_chosen":"THE_SILENT","items_purchased":["Toolbox","Blood Vial"],"campfire_rested":4,"item_purchase_floors":[10,10],"current_hp_per_floor":[59,59,59,59,59,19,63,49,49,49,49,54,49,37,62,25,54,27,27,4,13,18,64,14,14,14,40,46,46,64,64,61,0,0],"gold":994,"neow_bonus":"","is_daily":false,"chose_seed":false,"campfire_upgraded":0,"win_rate":0.0,"timestamp":1609166733,"path_taken":["M","?","?","?","?","E","R","M","T","?","?","E","?","M","R","BOSS","M","?","M","?","?","R","E","?","T","E","?","?","NM","?","R","BOSS"],"items_purchased_type":["Relic","Relic"],"build_version":"2020-12-22","purchased_purges":1,"victory":false,"max_hp_per_floor":[66,66,66,66,66,68,63,63,63,63,63,63,65,67,62,64,64,64,64,64,64,69,64,64,64,64,64,64,64,66,66,61,61,61],"relic_stats":{"Darkstone Periapt":0,"Blood Vial":27,"Lizard Tail":48,"Busted Crown":28,"counters":[17,66],"Magic Flower":[60],"HoveringKite":[2],"MawBank":144,"obtain_stats":[{"Darkstone Periapt":5,"Magic Flower":2,"HoveringKite":17,"Replay:Mystery Machine":1,"zeldaRelics:WisdomTriforce":27,"Blood Vial":10,"Frozen Eye":0,"Lizard Tail":0,"Toolbox":10,"zeldaRelics:CouragePiece":6,"zeldaRelics:PowerPiece":30,"Ring of the Snake":0,"Potion Belt":28,"zeldaRelics:WisdomPiece":25,"Odd Mushroom":13,"MawBank":21,"zeldaRelics:CourageTriforce":24,"Busted Crown":0,"Garlic":8,"Snack Pack":20,"Durian":22,"Grinning Jar":18,"StrikeDummy":14,"REME_ComplimentaryCards":0,"NlothsMask":4},{"Darkstone Periapt":3,"Magic Flower":2,"HoveringKite":9,"Replay:Mystery Machine":1,"zeldaRelics:WisdomTriforce":14,"Blood Vial":5,"Frozen Eye":0,"Lizard Tail":0,"Toolbox":5,"zeldaRelics:CouragePiece":4,"zeldaRelics:PowerPiece":16,"Ring of the Snake":0,"Potion Belt":15,"zeldaRelics:WisdomPiece":13,"Odd Mushroom":7,"MawBank":12,"zeldaRelics:CourageTriforce":13,"Busted Crown":0,"Garlic":5,"Snack Pack":11,"Durian":12,"Grinning Jar":10,"StrikeDummy":8,"REME_ComplimentaryCards":0,"NlothsMask":2},{"Darkstone Periapt":4,"Magic Flower":3,"HoveringKite":37,"Replay:Mystery Machine":2,"zeldaRelics:WisdomTriforce":57,"Blood Vial":15,"Frozen Eye":0,"Lizard Tail":0,"Toolbox":15,"zeldaRelics:CouragePiece":13,"zeldaRelics:PowerPiece":62,"Ring of the Snake":0,"Potion Belt":60,"zeldaRelics:WisdomPiece":53,"Odd Mushroom":20,"MawBank":47,"zeldaRelics:CourageTriforce":53,"Busted Crown":0,"Garlic":15,"Snack Pack":45,"Durian":47,"Grinning Jar":41,"StrikeDummy":24,"REME_ComplimentaryCards":0,"NlothsMask":3}],"Ring of the Snake":[34]},"card_choices":[{"not_picked":["ReplayTheSpireMod:Black Plague","infinitespire:TheBestDefense"],"picked":"infinitespire:Starlight","floor":30}],"player_experience":1458250,"relics_obtained":[{"floor":1,"key":"Replay:Mystery Machine"},{"floor":2,"key":"Magic Flower"},{"floor":5,"key":"Darkstone Periapt"},{"floor":6,"key":"zeldaRelics:CouragePiece"},{"floor":8,"key":"Garlic"},{"floor":12,"key":"zeldaRelics:CouragePiece"},{"floor":13,"key":"Odd Mushroom"},{"floor":14,"key":"StrikeDummy"},{"floor":18,"key":"Grinning Jar"},{"floor":20,"key":"Snack Pack"},{"floor":21,"key":"MawBank"},{"floor":24,"key":"zeldaRelics:CouragePiece"},{"floor":25,"key":"zeldaRelics:WisdomPiece"},{"floor":26,"key":"zeldaRelics:WisdomPiece"},{"floor":27,"key":"zeldaRelics:WisdomPiece"},{"floor":28,"key":"Potion Belt"},{"floor":30,"key":"zeldaRelics:PowerPiece"}],"event_choices":[{"damage_healed":0,"gold_gain":150,"player_choice":"AGREE","damage_taken":0,"max_hp_gain":0,"max_hp_loss":0,"event_name":"Liars Game","floor":3,"gold_loss":0,"cards_obtained":["Doubt"]},{"damage_healed":0,"gold_gain":0,"player_choice":"Trade","damage_taken":0,"relics_obtained":["NlothsMask"],"max_hp_gain":0,"max_hp_loss":0,"event_name":"FaceTrader","floor":4,"gold_loss":0},{"damage_healed":0,"gold_gain":0,"cards_transformed":["Replay:AtTheReady"],"player_choice":"Change","damage_taken":0,"max_hp_gain":0,"max_hp_loss":0,"event_name":"Living Wall","floor":11,"gold_loss":0,"cards_obtained":["Omniscience"]},{"damage_healed":0,"gold_gain":0,"player_choice":"Fought Mushrooms","damage_taken":0,"max_hp_gain":0,"max_hp_loss":0,"event_name":"Mushrooms","floor":13,"gold_loss":0},{"damage_healed":0,"gold_gain":0,"cards_transformed":["Tempest"],"player_choice":"Transformed","damage_taken":0,"max_hp_gain":0,"max_hp_loss":0,"event_name":"Transmorgrifier","floor":19,"gold_loss":0,"cards_obtained":["Flechettes"]},{"damage_healed":0,"gold_gain":0,"player_choice":"Obtained Relic","damage_taken":0,"relics_obtained":["Durian"],"max_hp_gain":0,"max_hp_loss":0,"event_name":"Addict","floor":22,"gold_loss":85},{"damage_healed":0,"gold_gain":0,"player_choice":"Invest 1","damage_taken":0,"max_hp_gain":0,"max_hp_loss":0,"event_name":"conspire:Investor","floor":29,"gold_loss":0},{"cards_removed":["conspire:SpireCoStock"],"damage_healed":0,"gold_gain":0,"player_choice":"Upgrade and Remove","damage_taken":0,"max_hp_gain":0,"max_hp_loss":0,"event_name":"Designer","floor":31,"gold_loss":110,"cards_upgraded":["ThirdEye"]}],"is_beta":false,"boss_relics":[{"not_picked":["SacredBark","Replay:Bronze Core"],"picked":"HoveringKite"}],"items_purged_floors":[10],"is_endless":true,"potions_floor_spawned":[5,6,12,13,16,18,21,28],"killed_by":"conspire:MysteriousRune","ascension_level":20}}