{"host":"2qv44oxt58ptq59r","time":1609188005,"event":{"mods":["AchievementEnabler","BaseMod","Colored Powertips","Highlight Path","Minty Spire (QoL Compilation)","Permanent Neow","StSLib"],"gold_per_floor":[113,128,128,0,15,50,68,84,84,62,72,72,72,82,82,182,182,198,198,218,218,232,232,75,90,117,117,136,160,172,29,29,126,126,137,151,171,171,186,186,259,259,259,259,270,270,315,327,327,327,327,327,1,35,35,35],"floor_reached":55,"playtime":17109,"items_purged":["Regret"],"score":623,"play_id":"7f07716a-5746-47f5-bb9a-1d087a44d57b","local_time":"20201228204005","is_ascension_mode":false,"campfire_choices":[{"data":"Bash","floor":13.0,"key":"SMITH"},{"floor":15.0,"key":"RECALL"},{"data":"Metallicize","floor":23.0,"key":"SMITH"},{"data":"Juggernaut","floor":27.0,"key":"SMITH"},{"data":"Uppercut","floor":32.0,"key":"SMITH"},{"data":"Limit Break","floor":40.0,"key":"SMITH"},{"data":"Barricade","floor":42.0,"key":"SMITH"},{"data":"Spot Weakness","floor":44.0,"key":"SMITH"},{"data":"Rage","floor":46.0,"key":"SMITH"},{"floor":49.0,"key":"REST"},{"data":"Perfected Strike","floor":52,"key":"SMITH"}],"circlet_count":0,"master_deck":["Strike_R","Strike_R","Strike_R","Strike_R","Strike_R","Defend_R","Defend_R","Defend_R","Defend_R","Bash+1","Perfected Strike+1","Metallicize+1","Heavy Blade","Spot Weakness+1","Clothesline","Whirlwind","Juggernaut+1","Metallicize+1","RitualDagger","Heavy Blade+1","Intimidate+1","Uppercut+1","Rage+1","Limit Break+1","Feel No Pain","Barricade+1","Doubt","Infernal Blade+1","Feel No Pain","Apotheosis","Purity","True Grit+1"],"relics":["Burning Blood","Thread and Needle","Question Card","Ornamental Fan","SacredBark","Bag of Marbles","Lantern","Pen Nib","Red Skull","Cursed Key","The Courier","Paper Frog","Du-Vu Doll","Gremlin Horn"],"acts_visited":["Exordium","TheCity","TheBeyond","TheEnding"],"potions_floor_usage":[54,54,54],"damage_taken":[{"damage":1.0,"enemies":"Cultist","floor":1.0,"turns":3.0},{"damage":1.0,"enemies":"Jaw Worm","floor":2.0,"turns":3.0},{"damage":5.0,"enemies":"Small Slimes","floor":5.0,"turns":4.0},{"damage":14.0,"enemies":"Gremlin Nob","floor":6.0,"turns":4.0},{"damage":3.0,"enemies":"Blue Slaver","floor":7.0,"turns":3.0},{"damage":5.0,"enemies":"Large Slime","floor":8.0,"turns":7.0},{"damage":6.0,"enemies":"Gremlin Gang","floor":11.0,"turns":5.0},{"damage":4.0,"enemies":"Looter","floor":14.0,"turns":4.0},{"damage":18.0,"enemies":"The Guardian","floor":16.0,"turns":10.0},{"damage":17.0,"enemies":"Shell Parasite","floor":18.0,"turns":6.0},{"damage":2.0,"enemies":"Chosen","floor":20.0,"turns":5.0},{"damage":0.0,"enemies":"Snecko","floor":22.0,"turns":4.0},{"damage":23.0,"enemies":"Cultist and Chosen","floor":25.0,"turns":7.0},{"damage":0.0,"enemies":"Centurion and Healer","floor":28.0,"turns":7.0},{"damage":2.0,"enemies":"Chosen and Byrds","floor":30.0,"turns":4.0},{"damage":27.0,"enemies":"Champ","floor":33.0,"turns":10.0},{"damage":8.0,"enemies":"3 Darklings","floor":35.0,"turns":2.0},{"damage":0.0,"enemies":"3 Shapes","floor":36.0,"turns":1.0},{"damage":17.0,"enemies":"Writhing Mass","floor":37.0,"turns":6.0},{"damage":13.0,"enemies":"Jaw Worm Horde","floor":39.0,"turns":5.0},{"damage":37.0,"enemies":"Sphere and 2 Shapes","floor":45.0,"turns":6.0},{"damage":56.0,"enemies":"2 Orb Walkers","floor":47.0,"turns":5.0},{"damage":30.0,"enemies":"4 Shapes","floor":48.0,"turns":5.0},{"damage":76,"enemies":"Time Eater","floor":50,"turns":12},{"damage":25,"enemies":"Shield and Spear","floor":54,"turns":6},{"damage":83,"enemies":"The Heart","floor":55,"turns":5}],"seed_played":"7389213606289852156","potions_obtained":[{"floor":5.0,"key":"DistilledChaos"},{"floor":6.0,"key":"Dexterity Potion"},{"floor":8.0,"key":"EssenceOfSteel"},{"floor":14.0,"key":"Ancient Potion"},{"floor":18.0,"key":"FairyPotion"},{"floor":33.0,"key":"FairyPotion"},{"floor":39.0,"key":"SteroidPotion"},{"floor":48.0,"key":"DistilledChaos"}],"is_trial":false,"path_per_floor":["M","M","?","$","M","E","M","M","T","?","M","T","R","M","R","B",null,"M","?","M","?","M","R","$","M","T","R","M","T","M","$","R","B",null,"M","M","M","?","M","R","T","R","T","R","M","R","?","M","R","B",null,"R","$","E","B"],"character_chosen":"IRONCLAD","items_purchased":["LiquidMemories","BloodPotion","Bag of Marbles","Red Skull","Apotheosis","Purity","Fire Potion"],"campfire_rested":1,"item_purchase_floors":[4,4,24,31,53,53,53],"current_hp_per_floor":[80,80,73,73,74,66,69,70,70,70,70,70,70,72,72,60,80,69,69,73,67,73,73,73,56,56,56,62,62,66,66,66,45,80,78,80,69,69,77,77,77,77,77,77,46,46,42,18,41,27,77,77,77,58,0,0],"gold":35,"neow_bonus":"THREE_CARDS","is_daily":false,"chose_seed":false,"campfire_upgraded":9,"win_rate":0.0,"timestamp":1609188005,"path_taken":["M","?","?","$","M","E","M","M","T","?","M","?","R","M","R","BOSS","M","?","M","?","M","R","$","M","T","R","M","?","M","$","R","BOSS","M","?","M","?","?","R","?","R","T","R","M","R","?","M","R","BOSS","R","$","E","BOSS"],"items_purchased_type":["Potion","Potion","Relic","Relic","Card","Card","Potion"],"build_version":"2020-12-22","purchased_purges":1,"victory":false,"max_hp_per_floor":[80,80,80,80,80,80,80,80,80,80,80,80,80,80,80,80,80,80,80,80,80,80,80,80,80,80,80,80,80,80,80,80,80,80,80,80,80,77,77,77,77,77,77,77,77,77,77,77,77,77,77,77,77,77,77,77],"card_choices":[{"not_picked":["Sever Soul","Rampage"],"picked":"Perfected Strike","floor":0.0},{"not_picked":["Perfected Strike","Battle Trance","True Grit"],"picked":"SKIP","floor":1.0},{"not_picked":["Pommel Strike","Headbutt"],"picked":"Metallicize","floor":2.0},{"not_picked":["Clash","Sever Soul"],"picked":"Heavy Blade","floor":5.0},{"not_picked":["Rampage","Sword Boomerang","Rupture"],"picked":"SKIP","floor":6.0},{"not_picked":["Sentinel","Clash","Heavy Blade"],"picked":"Spot Weakness","floor":7.0},{"not_picked":["Fire Breathing","Sword Boomerang","Twin Strike"],"picked":"Clothesline","floor":8.0},{"not_picked":["Iron Wave","Rupture","Shrug It Off"],"picked":"Whirlwind","floor":11.0},{"not_picked":["Pummel","Twin Strike","Anger","Berserk"],"picked":"SKIP","floor":14.0},{"not_picked":["Brutality","Barricade","Exhume"],"picked":"Juggernaut","floor":16.0},{"not_picked":["Clash","Headbutt","Cleave","Sever Soul"],"picked":"SKIP","floor":18.0},{"not_picked":["Wild Strike","True Grit+1","Body Slam"],"picked":"Metallicize+1","floor":20.0},{"not_picked":["Clash","Twin Strike","Clothesline"],"picked":"Heavy Blade+1","floor":22.0},{"not_picked":["Fire Breathing","Blood for Blood+1","Rupture"],"picked":"Intimidate+1","floor":25.0},{"not_picked":["Blood for Blood","Impervious","Heavy Blade"],"picked":"Uppercut","floor":28.0},{"not_picked":["Clothesline","True Grit","Hemokinesis"],"picked":"Rage","floor":30.0},{"not_picked":["Double Tap","Berserk","Bludgeon"],"picked":"Limit Break","floor":33.0},{"not_picked":["Searing Blow","Bloodletting","Evolve","Hemokinesis"],"picked":"SKIP","floor":35.0},{"not_picked":["Havoc","Bloodletting","Clash+1"],"picked":"Feel No Pain","floor":36.0},{"not_picked":["Clash+1","Warcry","True Grit+1","Reckless Charge+1"],"picked":"SKIP","floor":37.0},{"not_picked":["Warcry","Entrench","Havoc"],"picked":"Barricade","floor":39.0},{"not_picked":["Warcry+1","Cleave","Whirlwind"],"picked":"Infernal Blade+1","floor":45.0},{"not_picked":["Hemokinesis+1","Battle Trance+1","Ghostly Armor+1"],"picked":"Feel No Pain","floor":47.0},{"not_picked":["Headbutt+1","Clash","Armaments","Cleave"],"picked":"SKIP","floor":48.0},{"not_picked":["Flex","Headbutt","Twin Strike+1"],"picked":"True Grit+1","floor":54}],"player_experience":5062500,"relics_obtained":[{"floor":6.0,"key":"Question Card"},{"floor":9.0,"key":"Ornamental Fan"},{"floor":26.0,"key":"Lantern"},{"floor":29.0,"key":"Pen Nib"},{"floor":41.0,"key":"The Courier"},{"floor":43.0,"key":"Paper Frog"},{"floor":47.0,"key":"Du-Vu Doll"},{"floor":54,"key":"Gremlin Horn"}],"event_choices":[{"damage_healed":0.0,"max_hp_gain":0.0,"max_hp_loss":0.0,"gold_gain":0.0,"event_name":"Scrap Ooze","player_choice":"Success","floor":3.0,"gold_loss":0.0,"damage_taken":7.0,"relics_obtained":["Thread and Needle"]},{"damage_healed":0.0,"max_hp_gain":0.0,"max_hp_loss":0.0,"gold_gain":0.0,"event_name":"World of Goop","player_choice":"Left Gold","floor":10.0,"gold_loss":22.0,"damage_taken":0.0},{"damage_healed":0.0,"max_hp_gain":0.0,"max_hp_loss":0.0,"gold_gain":0.0,"event_name":"Beggar","player_choice":"Ignored","floor":19.0,"gold_loss":0.0,"damage_taken":0.0},{"damage_healed":0.0,"max_hp_gain":0.0,"max_hp_loss":0.0,"gold_gain":0.0,"event_name":"Nest","player_choice":"Joined the Cult","floor":21.0,"gold_loss":0.0,"damage_taken":6.0,"cards_obtained":["RitualDagger"]},{"cards_removed":["Parasite"],"damage_healed":0.0,"max_hp_gain":0.0,"max_hp_loss":0.0,"gold_gain":0.0,"event_name":"Fountain of Cleansing","player_choice":"Removed Curses","floor":38.0,"gold_loss":0.0,"damage_taken":0.0},{"damage_healed":0.0,"max_hp_gain":0.0,"max_hp_loss":0.0,"gold_gain":0.0,"event_name":"Mysterious Sphere","player_choice":"Fight","floor":47.0,"gold_loss":0.0,"damage_taken":0.0}],"is_beta":false,"boss_relics":[{"not_picked":["Calling Bell","Astrolabe"],"picked":"SacredBark"},{"not_picked":["Pandora\u0027s Box","Black Star"],"picked":"Cursed Key"}],"items_purged_floors":[53],"is_endless":false,"potions_floor_spawned":[5,6,8,14,18,28,30,33,39,48],"killed_by":"The Heart","ascension_level":0}}