{"host":"x4eg333i40dafwq4","time":1609133898,"event":{"mods":["AchievementEnabler","BaseMod","Bestiary","Colored Powertips","Minty Spire (QoL Compilation)","Relic Stats"],"gold_per_floor":[218,49,61,71,91,118,37,56,83,83,110,122,122,149,149,149,149],"floor_reached":16,"playtime":803,"items_purged":[],"score":244,"play_id":"4098466d-49e1-40cb-8df9-b45a50d49b43","local_time":"20201228003818","is_ascension_mode":true,"campfire_choices":[{"data":"Wraith Form v2","floor":13,"key":"SMITH"},{"floor":15,"key":"REST"}],"circlet_count":0,"master_deck":["AscendersBane","Strike_G","Strike_G","Strike_G+1","Strike_G","Strike_G","Defend_G","Defend_G","Defend_G","Defend_G","Defend_G","Survivor","Neutralize","Dagger Throw+1","Flying Knee","Poisoned Stab","Predator","Wraith Form v2+1","Skewer","PiercingWail","PiercingWail"],"relics":["Ring of the Snake","Pen Nib","Bag of Marbles","Whetstone","Vajra","CeramicFish"],"acts_visited":["Exordium"],"potions_floor_usage":[6,6,11,14],"damage_taken":[{"damage":4,"enemies":"Small Slimes","floor":1,"turns":4},{"damage":0,"enemies":"Cultist","floor":3,"turns":4},{"damage":0,"enemies":"Jaw Worm","floor":4,"turns":4},{"damage":3,"enemies":"Red Slaver","floor":5,"turns":4},{"damage":31,"enemies":"Lagavulin","floor":6,"turns":6},{"damage":1,"enemies":"Blue Slaver","floor":8,"turns":2},{"damage":23,"enemies":"3 Sentries","floor":11,"turns":9},{"damage":3,"enemies":"Large Slime","floor":12,"turns":4},{"damage":8,"enemies":"Gremlin Nob","floor":14,"turns":3},{"damage":30,"enemies":"The Guardian","floor":16,"turns":9}],"seed_played":"7708040939352072495","potions_obtained":[{"floor":1,"key":"EntropicBrew"},{"floor":6,"key":"Swift Potion"},{"floor":11,"key":"Ancient Potion"}],"is_trial":false,"path_per_floor":["M","$","M","M","M","E","$","M","T","?","E","M","R","E","R","B"],"character_chosen":"THE_SILENT","items_purchased":["Pen Nib","Skewer"],"campfire_rested":1,"item_purchase_floors":[2,7],"current_hp_per_floor":[55,55,55,55,52,21,21,20,20,42,19,16,16,8,27,0,0],"gold":149,"neow_bonus":"HUNDRED_GOLD","is_daily":false,"chose_seed":false,"campfire_upgraded":1,"win_rate":0.0,"timestamp":1609133898,"path_taken":["M","$","M","M","M","E","$","M","T","?","E","M","R","E","R","BOSS"],"items_purchased_type":["Relic","Card"],"build_version":"2020-12-22","purchased_purges":0,"victory":false,"max_hp_per_floor":[66,66,66,66,66,66,66,66,66,66,66,66,66,66,66,66,66],"relic_stats":{"counters":[10,49],"CeramicFish":0,"Pen Nib":[8],"Whetstone":["Strike_G","Dagger Throw"],"obtain_stats":[{"CeramicFish":14,"Vajra":11,"Pen Nib":2,"Bag of Marbles":6,"Whetstone":9,"Ring of the Snake":0},{"CeramicFish":9,"Vajra":7,"Pen Nib":1,"Bag of Marbles":5,"Whetstone":6,"Ring of the Snake":0},{"CeramicFish":40,"Vajra":33,"Pen Nib":4,"Bag of Marbles":22,"Whetstone":24,"Ring of the Snake":0}],"Ring of the Snake":[20]},"card_choices":[{"not_picked":["Catalyst","Endless Agony"],"picked":"Dagger Throw","floor":1},{"not_picked":["Bane","Terror"],"picked":"Flying Knee","floor":3},{"not_picked":["Blur","Prepared"],"picked":"Poisoned Stab","floor":4},{"not_picked":["Acrobatics","Endless Agony"],"picked":"Predator","floor":5},{"not_picked":["Prepared","Unload"],"picked":"Wraith Form v2","floor":6},{"not_picked":["Skewer","Slice","Dagger Spray"],"picked":"SKIP","floor":8},{"not_picked":["Caltrops","Finisher"],"picked":"PiercingWail","floor":11},{"not_picked":["Cloak And Dagger","Finisher"],"picked":"PiercingWail","floor":12},{"not_picked":["Predator","Slice","Accuracy"],"picked":"SKIP","floor":14}],"player_experience":1434160,"relics_obtained":[{"floor":6,"key":"Bag of Marbles"},{"floor":9,"key":"Whetstone"},{"floor":11,"key":"Vajra"},{"floor":14,"key":"CeramicFish"}],"event_choices":[{"damage_healed":22,"gold_gain":0,"player_choice":"Banana","damage_taken":0,"max_hp_gain":0,"max_hp_loss":0,"event_name":"Big Fish","floor":10,"gold_loss":0}],"is_beta":false,"boss_relics":[],"items_purged_floors":[],"is_endless":false,"potions_floor_spawned":[1,6,11,12],"killed_by":"The Guardian","ascension_level":20}}