{"host":"0azimyi6n3ugndj4","time":1609167176,"event":{"mods":["2.2 Compatiblity","BaseMod","Bestiary","Conspire","Curses Come First","Defuse TimeMaze Blight","Hyrulean Relics","Infinite Spire","Minty Spire (QoL Compilation)","Relic Stats","Replay The Spire","StSLib","SuperFastMode","Uncapped","¡¼?Úª?ø«¡½REMEMod"],"gold_per_floor":[153,153,285,310,310,412,457,544,544,544,631,531,531,481,481,727,727,757,807,31,31,31,124,104,104],"floor_reached":24,"playtime":409,"items_purged":["Amnesia"],"score":602,"play_id":"a8823bf0-0879-4f9d-b649-5973bae0027b","local_time":"20201228235256","daily_mods":["Insanity","Vintage","ControlledChaos","Diverse","Colorless Cards","Heirloom","Time Dilation","Flight","Elite Swarm","Lethality","Midas","Night Terrors","Binary"],"is_ascension_mode":true,"campfire_choices":[{"floor":15,"key":"REST"}],"circlet_count":0,"master_deck":["AscendersBane","Pommel Strike","Underhanded Strike","Adaptation","Run Through","Outmaneuver","Cold Snap","Stack","REME_MagicPocketWatch","Warcry","Panic Button","Replay:ManipulateFuture","Conserve Battery","ReplayTheSpireMod:Uncanny Aura","SashWhip","Cloak And Dagger","Infernal Blade","Iron Wave","Sweeping Beam","Prostrate","PiercingWail","Acrobatics","Wild Strike","ReplayTheSpireMod:The Works","Prostrate","Pummel","Backflip","PathToVictory","Acrobatics","Poisoned Stab","Darkness","Capacitor","SashWhip","Pommel Strike","Warcry","REME_MagicPocketWatch","Evaluate","Conserve Battery","infinitespire:OneForAll","Power Through","Spot Weakness","ForeignInfluence","Wild Strike","Outmaneuver","ReplayTheSpireMod:Limb From Limb","Consecrate","Acrobatics","Spot Weakness","Heavy Blade","Hologram","CutThroughFate","Die Die Die","Ghostly","conspire:SpireCoStock"],"relics":["Cracked Core","Frozen Eye","Busted Crown","REME_ComplimentaryCards","infinitespire:CursedDice","Mummified Hand","Ring of Fury","ReplayTheSpireMod:Ring of Challenge","Juzu Bracelet","zeldaRelics:CourageTriforce","Dream Catcher","Replay:Multitool","zeldaRelics:WisdomTriforce","NlothsMask","zeldaRelics:HylianShield","Blue Doll","zeldaRelics:Boomerang","conspire:DeflatedDodgeball","Toxic Egg 2","MutagenicStrength"],"acts_visited":["Exordium","TheCity"],"potions_floor_usage":[16,16,18,24],"damage_taken":[{"damage":3,"enemies":"2 Louse","floor":1,"turns":2},{"damage":0,"enemies":"Lagavulin","floor":6,"turns":2},{"damage":9,"enemies":"Small Slimes","floor":7,"turns":3},{"damage":12,"enemies":"Gremlin Nob","floor":8,"turns":3},{"damage":13,"enemies":"Lagavulin","floor":11,"turns":3},{"damage":66,"enemies":"Hexaghost","floor":16,"turns":8},{"damage":48,"enemies":"3 Byrds","floor":18,"turns":5},{"damage":0,"enemies":"Nightmare","floor":23,"turns":5},{"damage":14,"enemies":"2 Thieves","floor":24,"turns":1}],"seed_played":"-506092218651183218","potions_obtained":[{"floor":3,"key":"PowerPotion"},{"floor":3,"key":"Weak Potion"},{"floor":6,"key":"LiquidBronze"},{"floor":7,"key":"LiquidMemories"},{"floor":11,"key":"EssenceOfSteel"},{"floor":16,"key":"Block Potion"},{"floor":23,"key":"ColorlessPotion"}],"is_trial":true,"path_per_floor":["M","?","?","T","?","E","M","E","T","?","E","?","?","?","R","B",null,"M","?","$","?","?","NM","M"],"character_chosen":"DEFECT","items_purchased":["zeldaRelics:Boomerang","conspire:DeflatedDodgeball","Toxic Egg 2"],"campfire_rested":1,"item_purchase_floors":[20,20,20],"current_hp_per_floor":[61,61,38,38,38,38,29,17,17,17,4,4,4,4,66,24,56,8,8,8,8,8,8,0,0],"gold":104,"neow_bonus":"","is_daily":false,"chose_seed":false,"campfire_upgraded":0,"win_rate":0.0,"timestamp":1609167176,"path_taken":["M","?","?","?","?","E","M","E","T","?","E","?","?","?","R","BOSS","M","?","$","?","?","NM","M"],"items_purchased_type":["Relic","Relic","Relic"],"build_version":"2020-12-22","purchased_purges":1,"victory":false,"max_hp_per_floor":[71,71,71,71,71,71,71,71,71,71,71,71,71,71,66,66,66,66,66,66,66,66,66,66,66],"relic_stats":{"Dream Catcher":1,"Busted Crown":24,"counters":[9,32],"Mummified Hand":[4],"Juzu Bracelet":2,"obtain_stats":[{"zeldaRelics:WisdomPiece":9,"zeldaRelics:Boomerang":20,"infinitespire:CursedDice":0,"Blue Doll":18,"Juzu Bracelet":3,"Replay:Multitool":7,"zeldaRelics:CourageTriforce":8,"zeldaRelics:WisdomTriforce":23,"Frozen Eye":0,"Dream Catcher":5,"Busted Crown":0,"Mummified Hand":1,"MutagenicStrength":21,"Ring of Fury":2,"zeldaRelics:CouragePiece":4,"ReplayTheSpireMod:Ring of Challenge":2,"conspire:DeflatedDodgeball":20,"Toxic Egg 2":20,"Cracked Core":0,"REME_ComplimentaryCards":0,"NlothsMask":13,"zeldaRelics:HylianShield":17},{"zeldaRelics:WisdomPiece":4,"zeldaRelics:Boomerang":7,"infinitespire:CursedDice":0,"Blue Doll":7,"Juzu Bracelet":1,"Replay:Multitool":3,"zeldaRelics:CourageTriforce":4,"zeldaRelics:WisdomTriforce":8,"Frozen Eye":0,"Dream Catcher":1,"Busted Crown":0,"Mummified Hand":1,"MutagenicStrength":7,"Ring of Fury":1,"zeldaRelics:CouragePiece":1,"ReplayTheSpireMod:Ring of Challenge":1,"conspire:DeflatedDodgeball":7,"Toxic Egg 2":7,"Cracked Core":0,"REME_ComplimentaryCards":0,"NlothsMask":5,"zeldaRelics:HylianShield":6},{"zeldaRelics:WisdomPiece":10,"zeldaRelics:Boomerang":26,"infinitespire:CursedDice":0,"Blue Doll":26,"Juzu Bracelet":2,"Replay:Multitool":7,"zeldaRelics:CourageTriforce":10,"zeldaRelics:WisdomTriforce":31,"Frozen Eye":0,"Dream Catcher":2,"Busted Crown":0,"Mummified Hand":2,"MutagenicStrength":26,"Ring of Fury":2,"zeldaRelics:CouragePiece":2,"ReplayTheSpireMod:Ring of Challenge":2,"conspire:DeflatedDodgeball":26,"Toxic Egg 2":26,"Cracked Core":0,"REME_ComplimentaryCards":0,"NlothsMask":13,"zeldaRelics:HylianShield":21}]},"card_choices":[],"player_experience":1459107,"relics_obtained":[{"floor":1,"key":"Mummified Hand"},{"floor":2,"key":"Ring of Fury"},{"floor":2,"key":"ReplayTheSpireMod:Ring of Challenge"},{"floor":3,"key":"Juzu Bracelet"},{"floor":4,"key":"zeldaRelics:CouragePiece"},{"floor":5,"key":"Dream Catcher"},{"floor":6,"key":"zeldaRelics:CouragePiece"},{"floor":7,"key":"Replay:Multitool"},{"floor":8,"key":"zeldaRelics:CouragePiece"},{"floor":9,"key":"zeldaRelics:WisdomPiece"},{"floor":11,"key":"zeldaRelics:WisdomPiece"},{"floor":18,"key":"Blue Doll"},{"floor":23,"key":"zeldaRelics:WisdomPiece"}],"event_choices":[{"damage_healed":0,"gold_gain":0,"player_choice":"Ignored","damage_taken":0,"max_hp_gain":0,"max_hp_loss":0,"event_name":"Shining Light","floor":10,"gold_loss":0},{"damage_healed":0,"gold_gain":0,"player_choice":"Argue","damage_taken":0,"max_hp_gain":0,"max_hp_loss":0,"event_name":"conspire:LoneGhost","floor":12,"gold_loss":0},{"damage_healed":0,"gold_gain":0,"player_choice":"Trade","damage_taken":0,"relics_obtained":["NlothsMask"],"max_hp_gain":0,"max_hp_loss":0,"event_name":"FaceTrader","floor":13,"gold_loss":0},{"damage_healed":0,"gold_gain":0,"player_choice":"Invest 1","damage_taken":0,"max_hp_gain":0,"max_hp_loss":0,"event_name":"conspire:Investor","floor":14,"gold_loss":0},{"damage_healed":0,"gold_gain":50,"player_choice":"Stole From Cult","damage_taken":0,"max_hp_gain":0,"max_hp_loss":0,"event_name":"Nest","floor":19,"gold_loss":0},{"damage_healed":0,"gold_gain":0,"player_choice":"Inject Mutagens","damage_taken":0,"relics_obtained":["MutagenicStrength"],"max_hp_gain":0,"max_hp_loss":0,"event_name":"Drug Dealer","floor":21,"gold_loss":0},{"damage_healed":0,"gold_gain":0,"player_choice":"Ignored","damage_taken":0,"max_hp_gain":0,"max_hp_loss":0,"event_name":"Ghosts","floor":22,"gold_loss":0}],"is_beta":false,"boss_relics":[{"not_picked":["Black Star","Astrolabe"],"picked":"zeldaRelics:HylianShield"}],"items_purged_floors":[20],"is_endless":true,"potions_floor_spawned":[6,7,11,16,23],"killed_by":"2 Thieves","ascension_level":20}}