{"host":"rvgqag7mtxu5qaaz","time":1609191533,"event":{"mods":["AchievementEnabler","BaseMod","Downfall","Hermit","Hubris","Minty Spire (QoL Compilation)","Replay The Spire","StSLib","SuperFastMode","The Animator","The Construct","The Cursed","The Disciple","The Necromancer"],"gold_per_floor":[115,133,144,159,174,174,7,17,44,44,7,36,55,55,55,159,159,175,115,128,38,84,84,84],"floor_reached":23,"playtime":1221,"items_purged":[],"score":203,"play_id":"dfec6954-0b41-4e66-bede-360a8f0ac007","local_time":"20201228163853","is_ascension_mode":true,"campfire_choices":[{"data":"Eruption","floor":6,"key":"SMITH"},{"floor":10,"key":"REST"},{"floor":15,"key":"REST"}],"circlet_count":0,"master_deck":["Strike_P","Strike_P","Strike_P","Strike_P+1","Defend_P","Defend_P","Defend_P","Defend_P","Eruption+1","Vigilance+1","champ:Strike","animator:Defend_NoGameNoLife","ConjureBlade","EmptyMind","Collect","Adaptation","CutThroughFate","WindmillStrike","Replay:ManipulateFuture","MasterReality","Weave+1","JustLucky","ReplayTheSpireMod:IOU","ReplayTheSpireMod:IOU"],"relics":["PureWater","Membership Card","Smiling Mask","Nunchaku","Philosopher\u0027s Stone","Replay:Wax Seal","Replay:Bottled Steam","Replay:Purple Gloves","Blue Doll"],"acts_visited":["Exordium","TheCity"],"potions_floor_usage":[5,8,12,13,16],"damage_taken":[{"damage":3,"enemies":"Small Slimes","floor":1,"turns":3},{"damage":6,"enemies":"Jaw Worm","floor":2,"turns":3},{"damage":1,"enemies":"Cultist","floor":3,"turns":3},{"damage":4,"enemies":"Large Slime","floor":4,"turns":5},{"damage":10,"enemies":"3 Louse","floor":5,"turns":7},{"damage":14,"enemies":"Exordium Thugs","floor":8,"turns":3},{"damage":18,"enemies":"Gremlin Nob","floor":12,"turns":3},{"damage":16,"enemies":"Lots of Slimes","floor":13,"turns":7},{"damage":25,"enemies":"The Guardian","floor":16,"turns":12},{"damage":19,"enemies":"Spheric Guardian","floor":18,"turns":4},{"damage":10,"enemies":"Shell Parasite","floor":20,"turns":4},{"damage":44,"enemies":"Gremlin Leader","floor":23,"turns":2}],"seed_played":"6561603165968938190","potions_obtained":[{"floor":3,"key":"EssenceOfSteel"},{"floor":5,"key":"FearPotion"},{"floor":8,"key":"BlessingOfTheForge"},{"floor":13,"key":"hexamod:EctoCoolerPotion"}],"is_trial":false,"path_per_floor":["M","M","M","M","M","R","$","M","T","R","$","E","M","?","R","B",null,"M","?","M","$","T","E"],"character_chosen":"WATCHER","items_purchased":["Membership Card","BottledMiracle","WindmillStrike","JustLucky","Replay:Bottled Steam","Replay:Purple Gloves"],"campfire_rested":2,"item_purchase_floors":[7,7,11,21,21,21],"current_hp_per_floor":[69,63,62,58,48,48,48,34,34,55,55,37,21,7,28,3,72,53,53,43,43,43,0,0],"gold":84,"neow_bonus":"THREE_RARE_CARDS","is_daily":false,"chose_seed":false,"campfire_upgraded":1,"win_rate":0.0,"timestamp":1609191533,"path_taken":["M","M","M","M","M","R","$","M","T","R","$","E","M","?","R","BOSS","M","?","M","$","?","E"],"items_purchased_type":["Relic","Potion","Card","Card","Relic","Relic"],"build_version":"2020-12-22","purchased_purges":0,"victory":false,"max_hp_per_floor":[72,72,72,72,72,72,72,72,72,72,72,72,72,72,72,72,72,72,72,72,72,72,72,72],"card_choices":[{"not_picked":["MasterReality","LessonLearned"],"picked":"ConjureBlade","floor":0},{"not_picked":["FollowUp","ReachHeaven","Tantrum"],"picked":"SKIP","floor":1},{"not_picked":["ClearTheMind","Protect"],"picked":"EmptyMind","floor":2},{"not_picked":["Perseverance","Halt"],"picked":"Collect","floor":3},{"not_picked":["TalkToTheHand","SashWhip"],"picked":"Adaptation","floor":4},{"not_picked":["FollowUp","SpiritShield"],"picked":"CutThroughFate","floor":5},{"not_picked":["ClearTheMind","BowlingBash","Halt"],"picked":"SKIP","floor":8},{"not_picked":["ConjureBlade","Consecrate"],"picked":"Replay:ManipulateFuture","floor":12},{"not_picked":["Evaluate","FlyingSleeves","Adaptation"],"picked":"SKIP","floor":13},{"not_picked":["Brilliance","Alpha"],"picked":"MasterReality","floor":16},{"not_picked":["Swivel+1","Prostrate","FlyingSleeves+1"],"picked":"SKIP","floor":18},{"not_picked":["Vengeance+1","Replay:Cycle+1"],"picked":"Weave+1","floor":20}],"player_experience":337767,"relics_obtained":[{"floor":9,"key":"Smiling Mask"},{"floor":12,"key":"Nunchaku"},{"floor":22,"key":"Blue Doll"}],"event_choices":[{"damage_healed":0,"gold_gain":0,"player_choice":"Entered Light","damage_taken":14,"max_hp_gain":0,"max_hp_loss":0,"event_name":"Shining Light","floor":14,"gold_loss":0,"cards_upgraded":["Strike_P","Vigilance"]},{"damage_healed":0,"gold_gain":0,"player_choice":"Paid Gold","damage_taken":0,"relics_obtained":["Replay:Wax Seal"],"max_hp_gain":0,"max_hp_loss":0,"event_name":"WeMeetAgain","floor":19,"gold_loss":60}],"is_beta":false,"boss_relics":[{"not_picked":["hubris:BlackHole","Ring of Chaos"],"picked":"Philosopher\u0027s Stone"}],"items_purged_floors":[],"is_endless":false,"potions_floor_spawned":[3,5,8,13],"killed_by":"Gremlin Leader","ascension_level":1}}