{"host":"a7n5dzefz0hsmd08","time":1609180769,"event":{"mods":["2.2 Compatiblity","AchievementEnabler","BaseMod","Colored Powertips","Minty Spire (QoL Compilation)","StSLib"],"gold_per_floor":[134,134,134,55,90,90,90,120,120,145,109,87,117,152,152,277,277,292,292,307,307,307,362,402,457,457,472,234,101,16,16,16,116,116,131,146,51,66,6,6,6,6,31,61,76,76,76,76],"floor_reached":47,"playtime":1779,"items_purged":[],"score":572,"play_id":"3bd8ae5c-8202-457a-90bd-b5077376af3c","local_time":"20201228193929","daily_mods":["Allstar","Colorless Cards","Night Terrors"],"is_ascension_mode":false,"campfire_choices":[{"data":"Chrysalis","floor":6,"key":"SMITH"},{"floor":15,"key":"REST"},{"floor":32,"key":"REST"},{"floor":40,"key":"REST"},{"data":"Discovery","floor":42,"key":"SMITH"}],"circlet_count":0,"master_deck":["Strike_P+1","Strike_P+1","Strike_P+1","Strike_P+1","Defend_P+1","Defend_P+1","Defend_P+1","Defend_P+1","Eruption+1","Vigilance","Chrysalis+1","Dark Shackles","HandOfGreed","Apotheosis+1","Impatience","Consecrate","CarveReality","Conclude+1","BattleHymn","Crescendo","FollowUp","FlurryOfBlows","EmptyMind","DeusExMachina","Establishment","Establishment","ClearTheMind","Halt","Indignation","WindmillStrike","BattleHymn","Adaptation","Bandage Up","Consecrate","The Bomb","Pray+1","PathToVictory","Discovery+1","Prostrate","FlyingSleeves+1","Prostrate+1","PathToVictory"],"relics":["PureWater","Pear","The Courier","Dream Catcher","Potion Belt","SlaversCollar","MutagenicStrength","Gremlin Horn","Bottled Lightning","Bag of Marbles","Mercury Hourglass","Omamori","Anchor","GremlinMask","Cursed Key","Smiling Mask","Whetstone"],"acts_visited":["Exordium","TheCity","TheBeyond"],"potions_floor_usage":[18,25,27,33,38,38,45,45],"damage_taken":[{"damage":10,"enemies":"Small Slimes","floor":1,"turns":2},{"damage":1,"enemies":"2 Louse","floor":5,"turns":2},{"damage":2,"enemies":"Gremlin Nob","floor":8,"turns":3},{"damage":31,"enemies":"3 Sentries","floor":13,"turns":3},{"damage":0,"enemies":"Jaw Worm","floor":14,"turns":2},{"damage":16,"enemies":"Slime Boss","floor":16,"turns":7},{"damage":12,"enemies":"2 Thieves","floor":18,"turns":2},{"damage":4,"enemies":"Shell Parasite","floor":20,"turns":3},{"damage":45,"enemies":"Book of Stabbing","floor":23,"turns":4},{"damage":0,"enemies":"Shelled Parasite and Fungi","floor":24,"turns":2},{"damage":0,"enemies":"Gremlin Leader","floor":25,"turns":2},{"damage":0,"enemies":"3 Cultists","floor":27,"turns":3},{"damage":17,"enemies":"Collector","floor":33,"turns":5},{"damage":6,"enemies":"3 Shapes","floor":35,"turns":2},{"damage":0,"enemies":"3 Darklings","floor":36,"turns":2},{"damage":50,"enemies":"Maw","floor":38,"turns":6},{"damage":64,"enemies":"Giant Head","floor":44,"turns":6},{"damage":0,"enemies":"Spire Growth","floor":45,"turns":4},{"damage":0,"enemies":"3 Darklings","floor":47,"turns":1}],"seed_played":"3313543068594885719","potions_obtained":[{"floor":5,"key":"SkillPotion"},{"floor":8,"key":"DuplicationPotion"},{"floor":14,"key":"Regen Potion"},{"floor":16,"key":"EssenceOfSteel"},{"floor":20,"key":"Swift Potion"},{"floor":24,"key":"Swift Potion"},{"floor":33,"key":"ColorlessPotion"},{"floor":36,"key":"Strength Potion"}],"is_trial":false,"path_per_floor":["M","?","?","$","M","R","?","E","T","T","$","$","E","M","R","B",null,"M","?","M","?","T","E","M","E","T","M","$","$","?","?","R","B",null,"M","M","$","M","$","R","?","R","T","E","M","?","M"],"character_chosen":"WATCHER","items_purchased":["CarveReality","Crescendo","FollowUp","Omamori","WindmillStrike","BattleHymn","Adaptation","Bandage Up","PathToVictory","Discovery","GamblersBrew"],"campfire_rested":3,"item_purchase_floors":[4,11,12,28,28,28,29,29,37,37,39],"current_hp_per_floor":[62,62,62,62,61,61,47,55,55,55,55,55,24,24,77,61,77,65,65,61,61,61,16,16,16,16,25,25,25,25,25,72,61,72,66,66,66,16,16,67,67,67,67,9,9,59,59,59],"gold":76,"neow_bonus":"","is_daily":true,"chose_seed":false,"campfire_upgraded":2,"win_rate":0.0,"timestamp":1609180769,"path_taken":["M","?","?","$","?","R","?","E","T","?","?","$","E","M","R","BOSS","M","?","M","?","?","E","M","E","T","M","?","$","?","?","R","BOSS","M","M","$","?","?","R","?","R","T","E","M","?","M"],"items_purchased_type":["Card","Card","Card","Relic","Card","Card","Card","Card","Card","Card","Potion"],"build_version":"2020-12-22","purchased_purges":0,"victory":false,"max_hp_per_floor":[72,72,72,72,72,72,72,82,82,82,82,82,82,82,77,77,77,77,77,77,77,77,77,77,77,77,77,77,77,77,77,72,72,72,72,72,72,72,72,67,67,67,67,67,67,59,59,59],"card_choices":[{"not_picked":["Dark Shackles","EmptyBody"],"picked":"Consecrate","floor":1},{"not_picked":["Protect","CrushJoints"],"picked":"Conclude","floor":5},{"not_picked":["FlyingSleeves","Deep Breath"],"picked":"BattleHymn","floor":8},{"not_picked":["Halt","SignatureMove"],"picked":"FlurryOfBlows","floor":13},{"not_picked":["Prostrate","Crescendo"],"picked":"EmptyMind","floor":14},{"not_picked":["Crescendo","Impatience"],"picked":"DeusExMachina","floor":15},{"not_picked":["Magnetism","Sadistic Nature"],"picked":"Establishment","floor":16},{"not_picked":["ThirdEye+1","Impatience","EmptyBody"],"picked":"SKIP","floor":18},{"not_picked":["FollowUp","JustLucky","MentalFortress"],"picked":"SKIP","floor":20},{"not_picked":["EmptyBody","Pray"],"picked":"Establishment","floor":23},{"not_picked":["WheelKick","Consecrate"],"picked":"ClearTheMind","floor":24},{"not_picked":["Meditate+1","ThirdEye"],"picked":"Halt","floor":25},{"not_picked":["EmptyFist","Mind Blast"],"picked":"Indignation","floor":27},{"not_picked":["EmptyFist","ThirdEye+1"],"picked":"Consecrate","floor":32},{"not_picked":["Scrawl","Chrysalis"],"picked":"The Bomb","floor":33},{"not_picked":["SashWhip","EmptyBody+1","SignatureMove+1"],"picked":"SKIP","floor":35},{"not_picked":["Perseverance+1","Wireheading+1"],"picked":"Pray+1","floor":36},{"not_picked":["Study+1","WaveOfTheHand"],"picked":"Prostrate","floor":38},{"not_picked":["JustLucky","MentalFortress+1"],"picked":"FlyingSleeves+1","floor":40},{"not_picked":["SpiritShield","Panacea"],"picked":"Prostrate+1","floor":44},{"not_picked":["Flash of Steel","MentalFortress+1"],"picked":"PathToVictory","floor":45}],"player_experience":153171,"relics_obtained":[{"floor":8,"key":"Pear"},{"floor":9,"key":"The Courier"},{"floor":10,"key":"Dream Catcher"},{"floor":13,"key":"Potion Belt"},{"floor":22,"key":"Gremlin Horn"},{"floor":23,"key":"Bottled Lightning"},{"floor":25,"key":"Bag of Marbles"},{"floor":26,"key":"Mercury Hourglass"},{"floor":43,"key":"Smiling Mask"},{"floor":44,"key":"Whetstone"}],"event_choices":[{"damage_healed":0,"gold_gain":0,"player_choice":"Grow","damage_taken":0,"max_hp_gain":0,"max_hp_loss":0,"event_name":"Living Wall","floor":2,"gold_loss":0,"cards_upgraded":["Apotheosis"]},{"damage_healed":0,"gold_gain":0,"player_choice":"Ignored","damage_taken":0,"max_hp_gain":0,"max_hp_loss":0,"event_name":"Liars Game","floor":3,"gold_loss":0},{"damage_healed":0,"gold_gain":0,"player_choice":"Entered Light","damage_taken":14,"max_hp_gain":0,"max_hp_loss":0,"event_name":"Shining Light","floor":7,"gold_loss":0,"cards_upgraded":["Defend_P","Strike_P"]},{"damage_healed":0,"gold_gain":0,"player_choice":"Simplicity","damage_taken":0,"max_hp_gain":0,"max_hp_loss":0,"event_name":"Back to Basics","floor":19,"gold_loss":0,"cards_upgraded":["Strike_P","Strike_P","Strike_P","Defend_P","Defend_P","Defend_P"]},{"damage_healed":0,"gold_gain":0,"player_choice":"Inject Mutagens","damage_taken":0,"relics_obtained":["MutagenicStrength"],"max_hp_gain":0,"max_hp_loss":0,"event_name":"Drug Dealer","floor":21,"gold_loss":0},{"damage_healed":0,"gold_gain":0,"player_choice":"Obtained Relic","damage_taken":0,"relics_obtained":["Anchor"],"max_hp_gain":0,"max_hp_loss":0,"event_name":"Addict","floor":30,"gold_loss":85},{"damage_healed":0,"gold_gain":0,"player_choice":"Trade","damage_taken":0,"relics_obtained":["GremlinMask"],"max_hp_gain":0,"max_hp_loss":0,"event_name":"FaceTrader","floor":31,"gold_loss":0},{"damage_healed":0,"gold_gain":0,"player_choice":"Ignored","damage_taken":0,"max_hp_gain":0,"max_hp_loss":0,"event_name":"Tomb of Lord Red Mask","floor":41,"gold_loss":0},{"damage_healed":59,"gold_gain":0,"player_choice":"Heal","damage_taken":0,"max_hp_gain":0,"max_hp_loss":8,"event_name":"The Moai Head","floor":46,"gold_loss":0}],"is_beta":false,"boss_relics":[{"not_picked":["Snecko Eye","Astrolabe"],"picked":"SlaversCollar"},{"not_picked":["Sozu","Coffee Dripper"],"picked":"Cursed Key"}],"items_purged_floors":[],"is_endless":false,"potions_floor_spawned":[5,8,14,16,20,24,33,36],"killed_by":"3 Darklings","ascension_level":0}}