{"host":"j29osl8nelwi4hyu","time":1609198713,"event":{"mods":["BaseMod","Colored Powertips","Hubris","Infinite Spire","Minty Spire (QoL Compilation)","Replay The Spire","StSLib"],"gold_per_floor":[118,118,118,141,165,165,209,209,209,227,250,250,285,303,303,424,424,448,448,475,499,499,499,518,542,542,566,584,584,628,643,643,643,643],"floor_reached":33,"playtime":1979,"items_purged":[],"score":351,"play_id":"e44a9d60-6c2c-44c7-84d2-2e8092d39987","local_time":"20201228153833","is_ascension_mode":true,"campfire_choices":[{"data":"Dualcast","floor":6,"key":"SMITH"},{"floor":8,"key":"REST"},{"floor":12,"key":"REST"},{"floor":15,"key":"REST"},{"floor":23,"key":"REST"},{"floor":29,"key":"REST"},{"floor":32,"key":"REST"}],"circlet_count":0,"master_deck":["Strike_B","Strike_B","Strike_B","Defend_B","Defend_B","Defend_B","Defend_B","Zap","Dualcast+1","Sweeping Beam","Go for the Eyes","Panic Button","Cold Snap","Crystallizer","Leap","Go for the Eyes","hubris:Prefetch","Redo","Electrodynamics","Sunder+1","Ball Lightning+1","infinitespire:Starlight","infinitespire:Collect","Ball Lightning","Hologram","Redo","BasicCrystalCard"],"relics":["Cracked Core","Golden Idol","infinitespire:EmpoweringShard","infinitespire:Freezer","PreservedInsect","hubris:HollowSoul","DataDisk","Empty Cage","Bronze Scales","Sundial"],"acts_visited":["Exordium","TheCity"],"potions_floor_usage":[7,13,16,21,25,30,30,33],"damage_taken":[{"damage":1,"enemies":"2 Louse","floor":1,"turns":3},{"damage":4,"enemies":"Small Slimes","floor":4,"turns":4},{"damage":0,"enemies":"Cultist","floor":5,"turns":4},{"damage":42,"enemies":"Gremlin Nob","floor":7,"turns":5},{"damage":5,"enemies":"Blue Slaver","floor":10,"turns":2},{"damage":0,"enemies":"Exordium Wildlife","floor":11,"turns":4},{"damage":16,"enemies":"3 Sentries","floor":13,"turns":10},{"damage":0,"enemies":"Gremlin Gang","floor":14,"turns":3},{"damage":63,"enemies":"Fading Forest","floor":16,"turns":11},{"damage":14,"enemies":"Spheric Guardian","floor":18,"turns":4},{"damage":35,"enemies":"Shell Parasite","floor":21,"turns":10},{"damage":18,"enemies":"Snecko","floor":24,"turns":6},{"damage":0,"enemies":"Chosen and Byrds","floor":25,"turns":4},{"damage":14,"enemies":"Shelled Parasite and Fungi","floor":27,"turns":3},{"damage":15,"enemies":"Centurion and Healer","floor":28,"turns":2},{"damage":15,"enemies":"Book of Stabbing","floor":30,"turns":4},{"damage":10,"enemies":"Snecko","floor":31,"turns":3},{"damage":19,"enemies":"hubris:MusketHawk","floor":33,"turns":3}],"seed_played":"5884927823829703921","potions_obtained":[{"floor":1,"key":"Adrenaline Potion"},{"floor":4,"key":"EssenceOfSteel"},{"floor":13,"key":"BlessingOfTheForge"},{"floor":18,"key":"FearPotion"},{"floor":21,"key":"EssenceOfSteel"},{"floor":27,"key":"Swift Potion"},{"floor":28,"key":"BlessingOfTheForge"},{"floor":30,"key":"Regen Potion"}],"is_trial":false,"path_per_floor":["M","?","?","M","M","R","E","R","T","M","M","R","E","M","R","B",null,"M","?","T","M","AVR","R","M","M","T","M","M","R","E","M","R","B"],"character_chosen":"DEFECT","items_purchased":[],"campfire_rested":6,"item_purchase_floors":[],"current_hp_per_floor":[74,56,56,52,52,52,10,32,32,27,27,49,33,33,55,14,60,46,46,46,11,11,33,25,35,35,31,26,48,48,38,60,0,0],"gold":643,"neow_bonus":"THREE_CARDS","is_daily":false,"chose_seed":false,"campfire_upgraded":1,"win_rate":0.0,"timestamp":1609198713,"path_taken":["M","?","?","M","M","R","E","R","T","?","M","R","E","M","R","BOSS","M","?","?","M","AVR","R","M","M","T","?","M","R","E","M","R","BOSS"],"items_purchased_type":[],"build_version":"2020-12-22","purchased_purges":0,"victory":false,"max_hp_per_floor":[75,75,75,75,75,75,75,75,75,75,75,75,75,75,75,75,75,75,75,75,75,75,75,75,75,75,75,75,75,75,75,75,75,75],"card_choices":[{"not_picked":["Tempest","Stack"],"picked":"Sweeping Beam","floor":0},{"not_picked":["BasicCrystalCard","Compile Driver"],"picked":"Go for the Eyes","floor":1},{"not_picked":["Hologram","ReplayTheSpireMod:Reroute Power"],"picked":"Panic Button","floor":4},{"not_picked":["Steam","Turbo"],"picked":"Cold Snap","floor":5},{"not_picked":["Steam Power","Steam"],"picked":"Crystallizer","floor":7},{"not_picked":["Gash","Hyperbeam"],"picked":"Leap","floor":10},{"not_picked":["Compile Driver","Stack"],"picked":"Go for the Eyes","floor":11},{"not_picked":["Doom and Gloom","Tempest"],"picked":"hubris:Prefetch","floor":13},{"not_picked":["Compile Driver","Reprogram"],"picked":"Redo","floor":14},{"not_picked":["Fission","Multi-Cast"],"picked":"Electrodynamics","floor":16},{"not_picked":["Barrage","Panic Button"],"picked":"Sunder+1","floor":18},{"not_picked":["Steam+1","Sweeping Beam"],"picked":"Ball Lightning+1","floor":21},{"not_picked":["Gash","ReplayTheSpireMod:Reroute Power"],"picked":"Ball Lightning","floor":24},{"not_picked":["Beam Cell","Streamline"],"picked":"Hologram","floor":25},{"not_picked":["Turbo","Electrodynamics"],"picked":"Redo","floor":27},{"not_picked":["Steam","Compile Driver"],"picked":"BasicCrystalCard","floor":28},{"not_picked":["Turbo","ReplayTheSpireMod:Reroute Power","Recycle"],"picked":"SKIP","floor":30},{"not_picked":["Hologram","hubris:PowerSurge","ReplayTheSpireMod:GoodbyeWorld"],"picked":"SKIP","floor":31}],"player_experience":259319,"relics_obtained":[{"floor":7,"key":"infinitespire:EmpoweringShard"},{"floor":9,"key":"infinitespire:Freezer"},{"floor":13,"key":"PreservedInsect"},{"floor":26,"key":"Bronze Scales"},{"floor":30,"key":"Sundial"}],"event_choices":[{"damage_healed":0,"gold_gain":0,"player_choice":"Take Damage","damage_taken":18,"relics_obtained":["Golden Idol"],"max_hp_gain":0,"max_hp_loss":0,"event_name":"Golden Idol","floor":2,"gold_loss":0},{"damage_healed":0,"gold_gain":0,"player_choice":"Cursed","damage_taken":0,"max_hp_gain":0,"max_hp_loss":0,"event_name":"Wheel of Change","floor":3,"gold_loss":0,"cards_obtained":["Decay"]},{"damage_healed":0,"gold_gain":0,"player_choice":"Ignored","damage_taken":0,"max_hp_gain":0,"max_hp_loss":0,"event_name":"Ghosts","floor":19,"gold_loss":0}],"is_beta":false,"boss_relics":[{"not_picked":["Pandora\u0027s Box","Runic Dome"],"picked":"hubris:HollowSoul"}],"items_purged_floors":[],"is_endless":false,"potions_floor_spawned":[1,4,13,18,21,27,28,30],"killed_by":"hubris:MusketHawk","ascension_level":5}}