{"host":"grli52lbdph2722t","time":1609176015,"event":{"mods":["AchievementEnabler","BaseMod","Downfall","Minty Spire (QoL Compilation)","Quick Restart","StSLib"],"gold_per_floor":[0,11,11,11,29,29,29,29,57,69,69,100,100,100,116,116,116,116],"floor_reached":16,"playtime":441,"items_purged":[],"score":162,"play_id":"57c68e12-aac8-4e93-b809-2b5619f5fc0b","local_time":"20201228182015","is_ascension_mode":true,"campfire_choices":[{"data":"champ:Execute","floor":1,"key":"SMITH"},{"data":"champ:Taunt","floor":6,"key":"SMITH"},{"data":"champ:StanceDance","floor":8,"key":"SMITH"}],"circlet_count":0,"master_deck":["AscendersBane","champ:Strike","champ:Strike","champ:Strike","champ:Strike","champ:Defend","champ:Defend","champ:Defend","champ:Defend","champ:Execute+1","champ:Taunt+1","champ:BringItOn","champ:StanceDance+1","champ:IronFortress","champ:Lariat","champ:Haymaker","Parasite","champ:GladiatorStyle"],"relics":["champ:ChampionCrown","champ:SignatureFinisher","champ:LiftRelic","Blue Candle","White Beast Statue","Incense Burner","Calipers","Boot"],"acts_visited":["Exordium"],"potions_floor_usage":[9,12],"damage_taken":[{"damage":8,"enemies":"Jaw Worm","floor":2,"turns":4},{"damage":17,"enemies":"Small Slimes","floor":5,"turns":3},{"damage":20,"enemies":"Lagavulin","floor":9,"turns":6},{"damage":0,"enemies":"2 Louse","floor":10,"turns":3},{"damage":47,"enemies":"Gremlin Nob","floor":12,"turns":6},{"damage":0,"enemies":"Blue Slaver","floor":15,"turns":3},{"damage":37,"enemies":"downfall:Silent","floor":16,"turns":4}],"seed_played":"-4417765865105715734","potions_obtained":[{"floor":5,"key":"hexamod:EctoCoolerPotion"},{"floor":9,"key":"FearPotion"},{"floor":10,"key":"champ:OpenerPotion"},{"floor":12,"key":"hexamod:EctoCoolerPotion"},{"floor":15,"key":"FearPotion"}],"is_trial":false,"path_per_floor":["R","M","?","T","M","R","T","R","E","M","?","E","?","?","M","B"],"character_chosen":"THE_CHAMP","items_purchased":[],"campfire_rested":0,"item_purchase_floors":[],"current_hp_per_floor":[81,78,78,78,66,66,66,66,56,56,56,14,14,36,36,0,0,0],"gold":116,"neow_bonus":"ONE_RARE_RELIC","is_daily":false,"chose_seed":false,"campfire_upgraded":3,"win_rate":0.0,"timestamp":1609176015,"path_taken":["R","M","?","?","M","R","T","R","E","M","?","E","?","?","M","BOSS"],"items_purchased_type":[],"build_version":"2020-12-22","purchased_purges":0,"victory":false,"max_hp_per_floor":[90,90,90,90,90,90,90,90,90,90,90,90,90,90,90,90,90,90],"card_choices":[{"not_picked":["champ:SwordSigil","champ:TornadoPunch"],"picked":"champ:BringItOn","floor":2},{"not_picked":["champ:BringItOn","champ:FanOfKnives"],"picked":"champ:StanceDance","floor":5},{"not_picked":["champ:DefensiveShout","champ:Shatter"],"picked":"champ:IronFortress","floor":9},{"not_picked":["champ:Backstep","champ:Control"],"picked":"champ:Lariat","floor":10},{"not_picked":["champ:FlashCut","champ:TornadoPunch"],"picked":"champ:Haymaker","floor":12},{"not_picked":["champ:FocusedBerserking","champ:BladeFlurry"],"picked":"champ:GladiatorStyle","floor":15}],"player_experience":4889311,"relics_obtained":[{"floor":4,"key":"Blue Candle"},{"floor":7,"key":"White Beast Statue"},{"floor":9,"key":"Incense Burner"},{"floor":12,"key":"Boot"}],"event_choices":[{"damage_healed":0,"gold_gain":0,"player_choice":"Box","damage_taken":0,"relics_obtained":["Calipers"],"max_hp_gain":0,"max_hp_loss":0,"event_name":"Big Fish","floor":11,"gold_loss":0,"cards_obtained":["Regret"]},{"cards_removed":["Regret"],"damage_healed":0,"gold_gain":0,"player_choice":"Card Removal","damage_taken":0,"max_hp_gain":0,"max_hp_loss":0,"event_name":"The Cleric","floor":13,"gold_loss":0},{"damage_healed":22,"gold_gain":0,"player_choice":"Healed and dodged fight","damage_taken":0,"max_hp_gain":0,"max_hp_loss":0,"event_name":"Mushrooms","floor":14,"gold_loss":0,"cards_obtained":["Parasite"]}],"is_beta":false,"boss_relics":[],"items_purged_floors":[],"is_endless":false,"potions_floor_spawned":[5,9,10,12,15],"killed_by":"downfall:Silent","ascension_level":10}}