{"host":"kos1s9q8ffr8fqos","time":1609139743,"event":{"mods":["AchievementEnabler","AlwaysNeverKeys","BaseMod","Bestiary","Better Altar","Better Match","Better Note","Better Sensory Stone","Better Skull","Better Third Choice","Better Vampires","Colored Map","Colored Powertips","Curses Come First","Downfall","Hermit","Infinite Spire","Jorbs\u0027s Wanderer Trilogy","Minty Spire (QoL Compilation)","Quick Restart","Random Character Button","Relic Stats","Replay The Spire","StSLib","The Blue Laboratory","The Disciple","The Hierophant"],"gold_per_floor":[99,111,125,400,113,113,139,139,64,83,97,97,97,197,211,307,307,307,327,344,359,372,31,31,31,92,108,127,177,206,226,241,336,336,186,198,259,114,210,210,210,260,260,279,376,441,441,37,58,58,58,86,16,16,16],"floor_reached":56,"playtime":5464,"items_purged":["Regret","hexamod:Defend","Doubt","hexamod:Strike","hexamod:Strike"],"score":1063,"play_id":"906e9abe-e51c-4abe-93a7-28d70faa4f4c","local_time":"20201228011543","is_ascension_mode":false,"campfire_choices":[{"data":"Replay:Dark Deal","floor":1,"key":"SMITH"},{"data":"hexamod:RetreatToShadows","floor":9,"key":"SMITH"},{"data":"hexamod:Float","floor":13,"key":"SMITH"},{"floor":18,"key":"RECALL"},{"data":"infinitespire:Collect","floor":35,"key":"SMITH"},{"floor":40,"key":"REST"},{"data":"hexamod:GhostOfSpirePast","floor":43,"key":"SMITH"},{"floor":47,"key":"REST"},{"data":"hexamod:Rewind","floor":54,"key":"SMITH"}],"circlet_count":0,"master_deck":["hexamod:Strike","hexamod:Strike","hexamod:Defend","hexamod:Defend","hexamod:Defend","hexamod:Sear","hexamod:Float+1","Replay:Dark Deal+1","hexamod:EtherealExpedition","hexamod:BacktrackSmack","hexamod:HexaLevel+1","Bandage Up","hexamod:GhostflameBarrier","hexamod:StepThrough","ReplayTheSpireMod:Brewmster","hexamod:SpectersWail+1","hexamod:RetreatToShadows+1","hexamod:ThermalTransfer","hexamod:RadiantFlame","hexamod:InspiringFlames","hexamod:GhostOfSpirePast+1","hexamod:TimeWarp+1","hexamod:DynamicBlow+1","hexamod:SkipABeat+1","hexamod:GhostShield","hexamod:TurnItUp+1","hexamod:NecessarySacrifice","hexamod:GhostLash+1","hexamod:Rewind+1","hexamod:RadiantFlame","hexamod:HeatCrush","hexamod:RainOfEmbers","hexamod:WildfireWeapon","Parasite","expansioncontent:DefensiveStance","infinitespire:Collect+1","Slimebound:Split","hexamod:Hexaguard","hexamod:FastForward+1","hexamod:ExtraCrispy","Secret Weapon","expansioncontent:ChargeUp","hexamod:Hexaguard","ReplayTheSpireMod:Splinters","hexamod:FirstSeal","Overencumbered","hexamod:InspiringFlames","hexamod:NightmareGuise+1","hexamod:AdvancingGuard+1","hexamod:NightmareGuise","Midas Touch","hexamod:Hexaguard+1","hexamod:RetreatToShadows"],"relics":["hexamod:SpiritBrand","BargainBundle","Pen Nib","downfall:HeartBlessingBlue","downfall:ShatteredFragment","downfall:CloakOfManyFaces","CultistMask","FaceOfCleric","NlothsMask","GremlinMask","SsserpentHead","Cursed Key","HandDrill","Guide Book","Philosopher\u0027s Stone","Lantern","ReplayTheSpireMod:SealedPack","downfall:HeartBlessingRed","downfall:HeartBlessingGreen","Lizard Tail","Sundial","Kunai","hexamod:TheBrokenSeal","Replay:Kaleidoscope"],"acts_visited":["Exordium","TheCity","TheBeyond","TheEnding"],"potions_floor_usage":[10,15,16,16,16,16,16,16,19,20,21,21,21,23,23,26,28,30,30,31,31,32,33,36,38,39,44,44,44,44,46,46,46,52,55,55,55,55,55,55,55,55,55,55,55],"damage_taken":[{"damage":0,"enemies":"2 Louse","floor":2,"turns":2},{"damage":0,"enemies":"Cultist","floor":3,"turns":3},{"damage":11,"enemies":"downfall:FleeingMerchant","floor":5,"turns":4},{"damage":0,"enemies":"downfall:FleeingMerchant","floor":8,"turns":2},{"damage":3,"enemies":"Jaw Worm","floor":10,"turns":4},{"damage":13,"enemies":"2 Fungi Beasts","floor":11,"turns":3},{"damage":0,"enemies":"downfall:FaceTrader","floor":14,"turns":6},{"damage":0,"enemies":"Lots of Slimes","floor":15,"turns":2},{"damage":57,"enemies":"downfall:Defect","floor":16,"turns":9},{"damage":4,"enemies":"Spheric Guardian","floor":19,"turns":4},{"damage":0,"enemies":"3 Byrds","floor":20,"turns":3},{"damage":2,"enemies":"Sentry and Sphere","floor":21,"turns":5},{"damage":4,"enemies":"Centurion and Healer","floor":22,"turns":4},{"damage":0,"enemies":"downfall:FleeingMerchant","floor":23,"turns":4},{"damage":5,"enemies":"Cultist and Chosen","floor":26,"turns":6},{"damage":0,"enemies":"Snake Plant","floor":27,"turns":1},{"damage":4,"enemies":"Snecko","floor":28,"turns":4},{"damage":19,"enemies":"Slavers","floor":30,"turns":2},{"damage":3,"enemies":"Chosen and Byrds","floor":31,"turns":5},{"damage":22,"enemies":"Centurion and Healer","floor":32,"turns":4},{"damage":20,"enemies":"downfall:Silent","floor":33,"turns":6},{"damage":0,"enemies":"3 Shapes","floor":36,"turns":2},{"damage":0,"enemies":"Orb Walker","floor":37,"turns":3},{"damage":4,"enemies":"downfall:FleeingMerchant","floor":38,"turns":5},{"damage":67,"enemies":"2 Orb Walkers","floor":39,"turns":6},{"damage":32,"enemies":"Spire Growth","floor":44,"turns":5},{"damage":37,"enemies":"Transient","floor":46,"turns":5},{"damage":40,"enemies":"Sphere and 2 Shapes","floor":49,"turns":9},{"damage":0,"enemies":"downfall:Ironclad","floor":50,"turns":5},{"damage":7,"enemies":"downfall:CharBossMerchant","floor":52,"turns":6},{"damage":42,"enemies":"downfall:NeowBoss","floor":55,"turns":16}],"seed_played":"-7557792227052364108","potions_obtained":[{"floor":10,"key":"CultistPotion"},{"floor":11,"key":"hexamod:DoubleChargePotion"},{"floor":11,"key":"Fire Potion"},{"floor":15,"key":"hexamod:DoubleChargePotion"},{"floor":16,"key":"blueLaboratory:BottleOfVodka"},{"floor":19,"key":"DuplicationPotion"},{"floor":19,"key":"AttackPotion"},{"floor":21,"key":"FearPotion"},{"floor":22,"key":"AttackPotion"},{"floor":23,"key":"blueLaboratory:BottledHope"},{"floor":26,"key":"hexamod:EctoCoolerPotion"},{"floor":28,"key":"blueLaboratory:NullPotion"},{"floor":30,"key":"champ:CounterPotion"},{"floor":31,"key":"blueLaboratory:Moonshine"},{"floor":32,"key":"Adrenaline Potion"},{"floor":33,"key":"FearPotion"},{"floor":36,"key":"hexamod:EctoCoolerPotion"},{"floor":39,"key":"DuplicationPotion"},{"floor":44,"key":"blueLaboratory:SavagePotion"},{"floor":49,"key":"Elixir"},{"floor":52,"key":"Ancient Potion"}],"is_trial":false,"path_per_floor":["R","M","M","?","$","T","T","$","R","M","M","?","R","?","M","B",null,"R","M","M","M","M","$","T","AVR","M","M","M","?","E","M","M","B",null,"R","M","M","$","?","R","T","?","R","M","?","M","R","$","M","B",null,"E","$","R","B",null],"character_chosen":"THE_SPIRIT","items_purchased":["BargainBundle","Dexterity Potion","Explosive Potion","blueLaboratory:FrostheartPotion","Bandage Up","hexamod:FourthSeal","hexamod:GhostflameBarrier","hexamod:StepThrough","ReplayTheSpireMod:Brewmster","hexamod:SpectersWail","hexamod:NecessarySacrifice","HandDrill","hexamod:ExtraCrispy","Secret Weapon","expansioncontent:ChargeUp","Midas Touch","blueLaboratory:BottleOfVodka","DistilledChaos","hexamod:RetreatToShadows"],"campfire_rested":2,"item_purchase_floors":[5,5,5,5,5,5,5,5,5,5,23,23,38,38,38,48,48,48,53],"current_hp_per_floor":[63,63,63,63,52,52,52,52,62,73,60,39,39,43,44,2,75,75,76,77,76,75,80,80,80,76,77,78,78,60,62,45,30,87,87,88,89,90,35,62,62,62,62,68,68,43,71,71,106,107,107,108,108,108,84],"gold":16,"neow_bonus":"RANDOM_COLORLESS_2","is_daily":false,"chose_seed":false,"campfire_upgraded":6,"win_rate":0.0,"timestamp":1609139743,"path_taken":["R","M","M","?","$","?","T","$","R","?","M","?","R","?","M","BOSS","R","M","M","M","M","$","T","AVR","?","M","M","?","E","M","M","BOSS","R","M","?","$","?","R","T","?","R","M","?","?","R","?","M","BOSS","E","$","R","BOSS"],"items_purchased_type":["Relic","Potion","Potion","Potion","Card","Card","Card","Card","Card","Card","Card","Relic","Card","Card","Card","Card","Potion","Potion","Card"],"build_version":"2020-12-22","purchased_purges":5,"victory":true,"max_hp_per_floor":[63,63,63,63,63,63,63,63,73,73,73,73,73,73,74,75,75,75,76,77,78,79,80,80,80,81,82,83,83,84,85,86,87,87,87,88,89,90,91,91,91,91,91,94,94,95,95,95,106,107,107,108,108,108,109],"relic_stats":{"SsserpentHead":400,"Lizard Tail":0,"FaceOfCleric":24,"counters":[31,145],"Sundial":[2],"Pen Nib":[32],"HandDrill":[32],"Kunai":[16],"Cursed Key":2,"obtain_stats":[{"BargainBundle":5,"Lantern":30,"downfall:ShatteredFragment":12,"downfall:HeartBlessingRed":35,"Guide Book":25,"hexamod:TheBrokenSeal":49,"GremlinMask":14,"downfall:HeartBlessingGreen":35,"Pen Nib":7,"ReplayTheSpireMod:SealedPack":34,"Replay:Kaleidoscope":52,"Cursed Key":17,"SsserpentHead":14,"Lizard Tail":39,"FaceOfCleric":14,"downfall:HeartBlessingBlue":9,"Sundial":41,"Philosopher\u0027s Stone":25,"CultistMask":14,"downfall:CloakOfManyFaces":14,"HandDrill":23,"Kunai":45,"hexamod:SpiritBrand":0,"NlothsMask":14},{"BargainBundle":3,"Lantern":18,"downfall:ShatteredFragment":6,"downfall:HeartBlessingRed":21,"Guide Book":14,"hexamod:TheBrokenSeal":28,"GremlinMask":7,"downfall:HeartBlessingGreen":21,"Pen Nib":3,"ReplayTheSpireMod:SealedPack":21,"Replay:Kaleidoscope":30,"Cursed Key":9,"SsserpentHead":7,"Lizard Tail":25,"FaceOfCleric":7,"downfall:HeartBlessingBlue":4,"Sundial":25,"Philosopher\u0027s Stone":14,"CultistMask":7,"downfall:CloakOfManyFaces":7,"HandDrill":14,"Kunai":26,"hexamod:SpiritBrand":0,"NlothsMask":7},{"BargainBundle":9,"Lantern":68,"downfall:ShatteredFragment":18,"downfall:HeartBlessingRed":83,"Guide Book":55,"hexamod:TheBrokenSeal":118,"GremlinMask":24,"downfall:HeartBlessingGreen":83,"Pen Nib":9,"ReplayTheSpireMod:SealedPack":83,"Replay:Kaleidoscope":129,"Cursed Key":35,"SsserpentHead":24,"Lizard Tail":99,"FaceOfCleric":24,"downfall:HeartBlessingBlue":11,"Sundial":99,"Philosopher\u0027s Stone":55,"CultistMask":24,"downfall:CloakOfManyFaces":24,"HandDrill":55,"Kunai":104,"hexamod:SpiritBrand":0,"NlothsMask":24}]},"card_choices":[{"not_picked":["expansioncontent:StudyTheSpire","Crow Ritual"],"picked":"Replay:Dark Deal","floor":0},{"not_picked":["hexamod:HauntingEcho","hexamod:ThermalTransfer"],"picked":"hexamod:EtherealExpedition","floor":2},{"not_picked":["hexamod:NightmareStrike","hexamod:BurningTouch"],"picked":"hexamod:BacktrackSmack","floor":3},{"not_picked":["hexamod:BacktrackSmack","hexamod:GhostOfSpirePresent"],"picked":"hexamod:HexaLevel","floor":5},{"not_picked":["hexamod:HeatMetal","hexamod:Incineration"],"picked":"hexamod:RetreatToShadows","floor":8},{"not_picked":["hexamod:SpectersWail","hexamod:GhostShield"],"picked":"hexamod:ThermalTransfer","floor":10},{"not_picked":["hexamod:ShieldOfDarkness","hexamod:SpectersWail"],"picked":"hexamod:RadiantFlame","floor":11},{"not_picked":["hexamod:EtherealExpedition","hexamod:SwordOfDarkness"],"picked":"hexamod:InspiringFlames","floor":14},{"not_picked":["hexamod:BacktrackSmack","hexamod:RainOfEmbers"],"picked":"hexamod:GhostOfSpirePast","floor":15},{"not_picked":["hexamod:CrushingStance","hexamod:UnleashSpirits"],"picked":"hexamod:TimeWarp","floor":16},{"not_picked":["hexamod:PhantomCloak","hexamod:GhostLash+1"],"picked":"hexamod:DynamicBlow+1","floor":19},{"not_picked":["hexamod:PhantomCloak+1","hexamod:Hexaguard"],"picked":"hexamod:SkipABeat+1","floor":20},{"not_picked":["hexamod:NightmareStrike","hexamod:Hexaguard","hexamod:NightmareGuise"],"picked":"SKIP","floor":21},{"not_picked":["hexamod:Firestarter","hexamod:ShieldOfDarkness"],"picked":"hexamod:GhostShield","floor":22},{"not_picked":["hexamod:ShieldOfDarkness","hexamod:RainOfEmbers"],"picked":"hexamod:TurnItUp","floor":23},{"not_picked":["hexamod:ThermalTransfer","hexamod:GhostShield"],"picked":"hexamod:GhostLash+1","floor":26},{"not_picked":["hexamod:HauntingEcho","hexamod:SpectersWail"],"picked":"hexamod:Rewind","floor":27},{"not_picked":["hexamod:BacktrackSmack","hexamod:ShieldOfDarkness","hexamod:FastForward"],"picked":"SKIP","floor":28},{"not_picked":["hexamod:ThermalTransfer","hexamod:SpectersWail"],"picked":"hexamod:RadiantFlame","floor":30},{"not_picked":["hexamod:SpectersWail","hexamod:HauntingEcho"],"picked":"hexamod:HeatCrush","floor":31},{"not_picked":["hexamod:AdvancingGuard+1","hexamod:HeatMetal"],"picked":"hexamod:RainOfEmbers","floor":32},{"not_picked":["hexamod:ParanormalForm","hexamod:CrushingStance"],"picked":"hexamod:WildfireWeapon","floor":33},{"not_picked":["hexamod:WildfireWeapon","hexamod:SearingWound"],"picked":"hexamod:FifthSeal","floor":34},{"not_picked":["Replay:SS_fish_3","expansioncontent:HyperBeam"],"picked":"expansioncontent:DefensiveStance","floor":34},{"not_picked":["infinitespire:SevenWalls","infinitespire:FutureSight"],"picked":"infinitespire:Collect","floor":34},{"not_picked":["Survivor","Slimebound:CorrosiveSpit"],"picked":"Slimebound:Split","floor":34},{"not_picked":["hexamod:SpectersWail+1","hexamod:GhostLash"],"picked":"hexamod:Hexaguard","floor":36},{"not_picked":["hexamod:SecondSeal","hexamod:ThirdSeal"],"picked":"hexamod:FirstSeal","floor":37},{"not_picked":["hexamod:ShieldOfDarkness+1","hexamod:NightmareStrike+1","hexamod:Firestarter"],"picked":"SKIP","floor":37},{"not_picked":["hexamod:SecondSeal","hexamod:FourthSeal"],"picked":"hexamod:SixthSeal","floor":38},{"not_picked":["hexamod:GhostLash","hexamod:BacktrackSmack+1"],"picked":"hexamod:FastForward+1","floor":38},{"not_picked":["hexamod:SixthSeal","hexamod:SecondSeal"],"picked":"hexamod:ThirdSeal","floor":39},{"not_picked":["hexamod:Firestarter+1","hexamod:DynamicBlow+1"],"picked":"hexamod:Hexaguard","floor":39},{"not_picked":["hexamod:FourthSeal","hexamod:SixthSeal"],"picked":"hexamod:FirstSeal","floor":44},{"not_picked":["hexamod:Firestarter","hexamod:BurningTouch","hexamod:SwordOfDarkness"],"picked":"SKIP","floor":44},{"not_picked":["hexamod:ExtraCrispy+1","hexamod:ChargedBarrage+1","hexamod:CatchUp"],"picked":"SKIP","floor":44},{"not_picked":["hexamod:SearingWound","hexamod:EmpoweredFlame"],"picked":"hexamod:InspiringFlames","floor":45},{"not_picked":["hexamod:PhantomCloak+1","hexamod:GhostShield+1"],"picked":"hexamod:NightmareGuise+1","floor":45},{"not_picked":["hexamod:ThirdSeal","hexamod:FirstSeal"],"picked":"hexamod:SecondSeal","floor":46},{"not_picked":["hexamod:SecondSeal","hexamod:ChargedBarrage+1"],"picked":"hexamod:AdvancingGuard+1","floor":46},{"not_picked":["hexamod:NightmareStrike","hexamod:DynamicBlow+1"],"picked":"hexamod:NightmareGuise","floor":46},{"not_picked":["hexamod:HauntingEcho+1","hexamod:BacktrackSmack"],"picked":"hexamod:Hexaguard+1","floor":49},{"not_picked":["hexamod:FourthSeal","hexamod:ThirdSeal","hexamod:SixthSeal"],"picked":"SKIP","floor":49},{"not_picked":["hexamod:DynamicBlow","hexamod:InspiringFlames+1","hexamod:Incineration"],"picked":"SKIP","floor":52}],"player_experience":1289386,"relics_obtained":[{"floor":7,"key":"Pen Nib"},{"floor":14,"key":"downfall:CloakOfManyFaces"},{"floor":30,"key":"Lantern"},{"floor":39,"key":"Lizard Tail"},{"floor":41,"key":"Sundial"},{"floor":45,"key":"Kunai"},{"floor":52,"key":"Replay:Kaleidoscope"}],"event_choices":[{"cards_removed":["hexamod:Strike"],"damage_healed":0,"gold_gain":0,"player_choice":"Give","damage_taken":0,"max_hp_gain":0,"max_hp_loss":0,"event_name":"betterNote:BetterNote","floor":29,"gold_loss":0,"cards_obtained":["Slimebound:Icky"]},{"damage_healed":0,"gold_gain":0,"player_choice":"Fight","damage_taken":0,"max_hp_gain":0,"max_hp_loss":0,"event_name":"Mysterious Sphere","floor":39,"gold_loss":0}],"is_beta":false,"boss_relics":[{"not_picked":["Replay:Bronze Core","Snecko Heart"],"picked":"Cursed Key"},{"not_picked":["Ring of Chaos","Replay:Ancient Bell"],"picked":"ReplayTheSpireMod:SealedPack"}],"items_purged_floors":[5,23,25,38,48],"is_endless":false,"potions_floor_spawned":[10,11,15,16,19,22,26,27,28,36,44,49,52],"ascension_level":0}}