{"host":"ba8fi0vd2808q8ml","time":1609177562,"event":{"mods":["2.2 Compatiblity","AchievementEnabler","Astrologer","BaseMod","CapriCore","Hermit","Lobotomy","LobotomyExtend","Marisa£¨Ùöéë¡¡Øª×âÞÞ£©","Minty Spire (QoL Compilation)","StSLib","SuperFastMode","Td1madao Mod","The Bug Knight","The Cursed","The Immortal"],"gold_per_floor":[118,96,111,124,135,135,164,176,211,223,248,273,296,324,336,446,458,480,505,517,130,130,130,150,150,173,186,186,197,197,210,210,311,311,324,324,67,87,98,98,111,111,111,127,140,15,15,32,32,32,32,32],"floor_reached":50,"playtime":5651,"items_purged":["MokouMod:Strike","MokouMod:Strike","MokouMod:Strike"],"score":452,"play_id":"291b23e4-8e82-4639-b05b-df5ab63cfdf5","local_time":"20201229024602","is_ascension_mode":false,"campfire_choices":[{"data":"MokouMod:RisingSunBarrier","floor":6.0,"key":"SMITH"},{"floor":8.0,"key":"REST"},{"data":"MokouMod:BurningDraft","floor":15.0,"key":"SMITH"},{"floor":23,"key":"REST"},{"floor":25,"key":"REST"},{"data":"MokouMod:RisingSunBarrier","floor":28,"key":"SMITH"},{"floor":32,"key":"REST"},{"floor":40,"key":"REST"},{"data":"MokouMod:SacredFire","floor":42,"key":"SMITH"},{"floor":49,"key":"REST"}],"circlet_count":0,"master_deck":["MokouMod:Strike","MokouMod:Defend+1","MokouMod:Defend+1","MokouMod:HeatSpark","MokouMod:RisingSunBarrier+1","MokouMod:AdaptivePyromancy","MokouMod:BurningDraft","MokouMod:Geothermal","MokouMod:ThermalPressure","Parasite","MokouMod:BurningDraft+1","MokouMod:SearingBlow+4","MokouMod:Burn","MokouMod:Singe+1","MokouMod:RisingSunBarrier+1","MokouMod:FlamingFireTalons+1","MokouMod:IgnitionBlast","MokouMod:SacredFire+1","Parasite","MokouMod:ResoluteFlare"],"relics":["MokouMod:PhoenixFeather","War Paint","MawBank","Empty Cage","Nloth\u0027s Gift","Bottled Flame","Lantern","Nilry\u0027s Codex","SlaversCollar","Lee\u0027s Waffle","Toy Ornithopter"],"acts_visited":["Exordium","TheCity","TheBeyond"],"potions_floor_usage":[16,16,18,31,33,33,36,38,41,44,45,50,50,50],"damage_taken":[{"damage":1.0,"enemies":"Cultist","floor":1.0,"turns":4.0},{"damage":5.0,"enemies":"Jaw Worm","floor":3.0,"turns":4.0},{"damage":0.0,"enemies":"Small Slimes","floor":4.0,"turns":3.0},{"damage":6.0,"enemies":"Exordium Thugs","floor":5.0,"turns":5.0},{"damage":16.0,"enemies":"Gremlin Nob","floor":7.0,"turns":4.0},{"damage":12.0,"enemies":"3 Louse","floor":11.0,"turns":5.0},{"damage":0.0,"enemies":"2 Fungi Beasts","floor":12.0,"turns":3.0},{"damage":7.0,"enemies":"Exordium Thugs","floor":13.0,"turns":3.0},{"damage":5.0,"enemies":"Lots of Slimes","floor":14.0,"turns":5.0},{"damage":28,"enemies":"Slime Boss","floor":16,"turns":11},{"damage":4,"enemies":"Spheric Guardian","floor":18,"turns":6},{"damage":42,"enemies":"3 Cultists","floor":19,"turns":7},{"damage":3,"enemies":"Snecko","floor":24,"turns":7},{"damage":26,"enemies":"Shelled Parasite and Fungi","floor":27,"turns":9},{"damage":19,"enemies":"Snake Plant","floor":29,"turns":6},{"damage":10,"enemies":"Snecko","floor":31,"turns":8},{"damage":22,"enemies":"Champ","floor":33,"turns":14},{"damage":26,"enemies":"Orb Walker","floor":35,"turns":5},{"damage":32,"enemies":"3 Darklings","floor":38,"turns":7},{"damage":13,"enemies":"Sphere and 2 Shapes","floor":39,"turns":7},{"damage":9,"enemies":"Writhing Mass","floor":41,"turns":7},{"damage":7,"enemies":"3 Darklings","floor":44,"turns":5},{"damage":34,"enemies":"Maw","floor":45,"turns":10},{"damage":6,"enemies":"Sphere and 2 Shapes","floor":48,"turns":6},{"damage":123,"enemies":"Donu and Deca","floor":50,"turns":11}],"seed_played":"4483192897000741009","potions_obtained":[{"floor":1.0,"key":"GamblersBrew"},{"floor":3.0,"key":"Strength Potion"},{"floor":11.0,"key":"LiquidBronze"},{"floor":13.0,"key":"AttackPotion"},{"floor":16,"key":"Block Potion"},{"floor":19,"key":"CultistPotion"},{"floor":24,"key":"Energy Potion"},{"floor":31,"key":"SteroidPotion"},{"floor":35,"key":"Block Potion"},{"floor":36,"key":"EntropicBrew"},{"floor":38,"key":"Ancient Potion"},{"floor":39,"key":"DistilledChaos"},{"floor":41,"key":"SpeedPotion"}],"is_trial":false,"path_per_floor":["M","$","M","M","M","R","E","R","T","?","M","M","M","M","R","B",null,"M","M","?","$","?","R","M","R","T","M","R","M","?","M","R","B",null,"M","?","$","M","M","R","M","R","T","M","M","$","?","M","R","B"],"character_chosen":"MKU","items_purchased":["MokouMod:AdaptivePyromancy","MokouMod:RisingSunBarrier","Bottled Flame","Lee\u0027s Waffle"],"campfire_rested":6,"item_purchase_floors":[2,21,21,37],"current_hp_per_floor":[74,74,69,69,63,63,47,69,69,75,63,63,56,51,51,23,75,71,29,29,29,29,51,48,70,70,44,44,25,9,18,40,18,75,49,49,82,50,37,61,52,52,52,50,21,21,21,15,39,0,0,0],"gold":32,"neow_bonus":"RANDOM_COMMON_RELIC","is_daily":false,"chose_seed":false,"campfire_upgraded":4,"win_rate":0.0,"timestamp":1609177562,"path_taken":["M","$","M","?","M","R","E","R","T","?","M","M","M","M","R","BOSS","M","M","?","?","?","R","M","R","T","M","R","M","?","M","R","BOSS","M","?","$","M","M","R","M","R","T","?","M","$","?","?","R","BOSS"],"items_purchased_type":["Card","Card","Relic","Relic"],"build_version":"2020-12-22","purchased_purges":3,"victory":false,"max_hp_per_floor":[75,75,75,75,75,75,75,75,75,75,75,75,75,75,75,75,75,75,75,75,75,75,75,75,75,75,75,75,75,75,75,75,75,75,75,75,82,82,82,82,82,82,82,82,82,82,82,82,82,82,82,82],"card_choices":[{"not_picked":["MokouMod:Meltdown","MokouMod:SearingShot"],"picked":"MokouMod:RisingSunBarrier","floor":1.0},{"not_picked":["MokouMod:CrimsonArmoury","MokouMod:TemporalFireSeal"],"picked":"MokouMod:BurningDraft","floor":3.0},{"not_picked":["MokouMod:FlamingFireTalons","MokouMod:RoaringFlare","MokouMod:BlazingComet"],"picked":"SKIP","floor":4.0},{"not_picked":["MokouMod:Stoke","MokouMod:HeatFactory"],"picked":"MokouMod:Geothermal","floor":5.0},{"not_picked":["MokouMod:InfernalWave","MokouMod:HeartofFire"],"picked":"MokouMod:ThermalPressure","floor":7.0},{"not_picked":["MokouMod:ControlledCombustion","MokouMod:ResoluteFlare","MokouMod:UncontrollableSolarReaction"],"picked":"SKIP","floor":11.0},{"not_picked":["MokouMod:FujiyamaVolcano","MokouMod:CrimsonFlare","MokouMod:Combust"],"picked":"SKIP","floor":12.0},{"not_picked":["MokouMod:GuidingSmoke","MokouMod:BlazingComet","MokouMod:HeartofFire"],"picked":"SKIP","floor":13.0},{"not_picked":["MokouMod:IgnitionBarrier","MokouMod:InfernalWave"],"picked":"MokouMod:BurningDraft","floor":14.0},{"not_picked":["MokouMod:ProfanedFlare","MokouMod:BurningHiddenBullet"],"picked":"MokouMod:SearingBlow","floor":16},{"not_picked":["MokouMod:FujiyamaVolcano+1","MokouMod:ScorchingColumn"],"picked":"MokouMod:Burn","floor":18},{"not_picked":["MokouMod:HeartofFire","MokouMod:CrimsonFlare"],"picked":"MokouMod:Singe+1","floor":19},{"not_picked":["MokouMod:ImperishableFlame","MokouMod:Singe"],"picked":"MokouMod:FlamingFireTalons+1","floor":24},{"not_picked":["MokouMod:UncontrollableSolarReaction","MokouMod:FlareStarter","MokouMod:ScorchingColumn"],"picked":"SKIP","floor":27},{"not_picked":["MokouMod:SearingShot+1","MokouMod:CrimsonFlare"],"picked":"MokouMod:IgnitionBlast","floor":29},{"not_picked":["MokouMod:SearingShot+1","MokouMod:ShiftIgnition","MokouMod:IndiscriminateIgnition"],"picked":"SKIP","floor":31},{"not_picked":["MokouMod:BurningHiddenBullet","MokouMod:SpontaneousHumanCombustion"],"picked":"MokouMod:SacredFire","floor":33},{"not_picked":["MokouMod:InfernalWave","MokouMod:TemporalFireSeal+1","MokouMod:Scorch"],"picked":"SKIP","floor":35},{"not_picked":["MokouMod:Fireball","MokouMod:SubterraneanCore","MokouMod:UncontrollableSolarReaction+1"],"picked":"SKIP","floor":38},{"not_picked":["MokouMod:BlazingComet","MokouMod:ResoluteFlare","MokouMod:ThermalPressure"],"picked":"SKIP","floor":39},{"not_picked":["MokouMod:FusionFlare+1","MokouMod:Ember","MokouMod:ScorchingColumn+1"],"picked":"SKIP","floor":41},{"not_picked":["MokouMod:FujiyamaVolcano","MokouMod:FlareStarter","MokouMod:IndiscriminateIgnition"],"picked":"SKIP","floor":44},{"not_picked":["MokouMod:FusionFlare","MokouMod:EternalBurstReactor+1","MokouMod:ResoluteFlare"],"picked":"SKIP","floor":45},{"not_picked":["MokouMod:IgneousBlow","MokouMod:RoaringFlare","MokouMod:SearingBlow"],"picked":"SKIP","floor":48}],"player_experience":65810,"relics_obtained":[{"floor":7.0,"key":"MawBank"},{"floor":9.0,"key":"Potion Belt"},{"floor":26,"key":"Lantern"},{"floor":30,"key":"Nilry\u0027s Codex"},{"floor":43,"key":"Toy Ornithopter"}],"event_choices":[{"damage_healed":18.0,"max_hp_gain":0.0,"max_hp_loss":0.0,"gold_gain":0.0,"event_name":"Mushrooms","player_choice":"Healed and dodged fight","floor":10.0,"gold_loss":0.0,"damage_taken":0.0,"cards_obtained":["Parasite"]},{"damage_healed":0,"gold_gain":0,"player_choice":"Traded Relic","damage_taken":0,"relics_obtained":["Nloth\u0027s Gift"],"max_hp_gain":0,"max_hp_loss":0,"event_name":"N\u0027loth","floor":20,"relics_lost":["Potion Belt"],"gold_loss":0},{"damage_healed":0,"gold_gain":0,"player_choice":"Obtained Book","damage_taken":16,"max_hp_gain":0,"max_hp_loss":0,"event_name":"Cursed Tome","floor":30,"gold_loss":0},{"damage_healed":0,"gold_gain":0,"player_choice":"Got Potions","damage_taken":0,"max_hp_gain":0,"max_hp_loss":0,"event_name":"Lab","floor":36,"gold_loss":0},{"damage_healed":0,"gold_gain":0,"cards_transformed":["MokouMod:Strike"],"player_choice":"Transformed","damage_taken":0,"max_hp_gain":0,"max_hp_loss":0,"event_name":"Transmorgrifier","floor":47,"gold_loss":0,"cards_obtained":["MokouMod:ResoluteFlare"]}],"is_beta":false,"boss_relics":[{"not_picked":["Cursed Key","SacredBark"],"picked":"Empty Cage"},{"not_picked":["Tiny House","Calling Bell"],"picked":"SlaversCollar"}],"items_purged_floors":[21,37,46],"is_endless":false,"potions_floor_spawned":[1,3,11,13,16,19,24,31,35,38,39,41],"killed_by":"Donu and Deca","ascension_level":0}}