{"host":"krfavdy50n20h8mu","time":1609159406,"event":{"mods":["AchievementEnabler","BaseMod","Colored Map","Colored Powertips","Curses Come First","Downfall","Gold Saver","Minty Spire (QoL Compilation)","Relic Stats","Replay The Spire","StSLib","TestMod","vexMod"],"gold_per_floor":[31000,31013,31013,30072,29997,29997,30030,30054,30079,30079,30079,30097,28965,28965,28976,28190,28190,28314,28314,28326,28326,28345,28345,28355,28384,28384,28413,28413,28413,28413,28433,27779,27829,27829,27958,27958,27969,27969,27050,27050,27064,27064,27095,27106,27106,27152,27180,27190,27220,27231,27231,27231,27231,27231,26273,26308,26356],"floor_reached":58,"playtime":3603,"items_purged":["Defend_B","Defend_B","Strike_B","Languid","Languid","Clumsy"],"score":2329,"play_id":"2eee64e7-52af-4014-99f3-b28382e41981","local_time":"20201228204326","is_ascension_mode":true,"campfire_choices":[{"data":"Dualcast","floor":6.0,"key":"SMITH"},{"data":"Chill","floor":14.0,"key":"SMITH"},{"data":"testmod-Mystery","floor":17.0,"key":"SMITH"},{"data":"Heatsinks","floor":26,"key":"SMITH"},{"data":"Electrodynamics","floor":29,"key":"SMITH"},{"data":"Coolheaded","floor":34,"key":"SMITH"},{"floor":42,"key":"RECALL"},{"data":"Mirror Shield","floor":51,"key":"SMITH"},{"data":"Violence","floor":54,"key":"SMITH"}],"circlet_count":0,"master_deck":["AscendersBane","Strike_B+1","Strike_B","Defend_B","Dualcast+1","Compile Driver+1","Conserve Battery","expansioncontent:Corrupt+1","Storm+1","Coolheaded+1","Reboot+1","Auto Shields+1","Chill+1","Thinking Ahead+1","Lockon","Loop+1","Genetic Algorithm+1","Compile Driver+1","BootSequence","testmod-Mystery+1","All For One","Heatsinks+1","Electrodynamics+1","Mirror Shield+1","expansioncontent:Corrupt+1","Violence+1","Cold Snap+1","Aggregate+1","Seek+1","Blizzard+1","testmod-Mystery+1"],"relics":["Cracked Core","testmod-TestBox","testmod-AscensionHeart","NeowsBlessing","Emotion Chip","Pet Ghost","Blue Doll","Odd Mushroom","Whetstone","testmod-BouquetWithThorns","vexMod:MemoryStick","Strange Spoon","Boot","testmod-TurbochargingSystem","Chemical X","Cursed Key","MutagenicStrength","Blood Vial","vexMod:PlasmaPancake","Replay:Kaleidoscope","testmod-OneHitWonder","MealTicket","vexMod:Spyglass","Replay:Bronze Core","testmod-InfectionSource","Replay:Antivirus Software","Runic Capacitor","Durian","Happy Flower","Lantern","Bottled Tornado","Anchor","ReplayTheSpireMod:Shallot","DollysMirror","Replay:Bandana"],"acts_visited":["Exordium","TheCity","TheBeyond","TheEnding"],"potions_floor_usage":[25,25,27,35,52,52,57,57],"damage_taken":[{"damage":0.0,"enemies":"Small Slimes","floor":1.0,"turns":1.0},{"damage":0.0,"enemies":"Jaw Worm","floor":2.0,"turns":1.0},{"damage":0.0,"enemies":"Lagavulin","floor":7.0,"turns":1.0},{"damage":30.0,"enemies":"The Mushroom Lair","floor":8.0,"turns":6.0},{"damage":0.0,"enemies":"2 Louse","floor":12.0,"turns":2.0},{"damage":0.0,"enemies":"Blue Slaver","floor":15.0,"turns":1.0},{"damage":13.0,"enemies":"Fading Forest","floor":18.0,"turns":11.0},{"damage":13,"enemies":"2 Thieves","floor":20,"turns":2},{"damage":0,"enemies":"3 Byrds","floor":22,"turns":2},{"damage":0,"enemies":"3 Cultists","floor":24,"turns":5},{"damage":12,"enemies":"Replay:Snechameleon","floor":25,"turns":3},{"damage":16,"enemies":"Book of Stabbing","floor":27,"turns":4},{"damage":0,"enemies":"Centurion and Healer","floor":31,"turns":4},{"damage":0,"enemies":"Automaton","floor":35,"turns":6},{"damage":0,"enemies":"Orb Walker","floor":37,"turns":3},{"damage":0,"enemies":"3 Shapes","floor":41,"turns":2},{"damage":13,"enemies":"Reptomancer","floor":43,"turns":5},{"damage":0,"enemies":"Writhing Mass","floor":44,"turns":3},{"damage":22,"enemies":"R_Hoarder","floor":47,"turns":5},{"damage":0,"enemies":"Spire Growth","floor":48,"turns":2},{"damage":0,"enemies":"Nemesis","floor":49,"turns":5},{"damage":0,"enemies":"Sphere and 2 Shapes","floor":50,"turns":2},{"damage":7,"enemies":"Time Eater","floor":52,"turns":7},{"damage":8,"enemies":"Shield and Spear","floor":56,"turns":4},{"damage":0,"enemies":"The Heart","floor":57,"turns":5}],"seed_played":"1020654833948776925","potions_obtained":[{"floor":2.0,"key":"champ:CounterPotion"},{"floor":12.0,"key":"FocusPotion"},{"floor":18.0,"key":"Venom Potion"},{"floor":20,"key":"FearPotion"},{"floor":25,"key":"Block Potion"},{"floor":27,"key":"Block Potion"},{"floor":35,"key":"Dexterity Potion"}],"is_trial":false,"path_per_floor":["M","M","?","$","?","R","E","?","T","PTL","PTL","M","$","R","M","$","R","B",null,"M","?","M","?","M","E","R","E","T","R","?","M","$","?","R","B",null,"M","?","$","?","M","R","E","M","T","T","E","M","E","M","R","B",null,"R","$","E","B",null],"character_chosen":"DEFECT","items_purchased":["expansioncontent:Corrupt","Emotion Chip","Pet Ghost","Storm+1","Strength Potion","BlessingOfTheForge","Coolheaded","testmod-BouquetWithThorns","vexMod:MemoryStick","Strange Spoon","Thinking Ahead","Fruit Juice","PowerPotion","Lockon","Loop","Boot","testmod-TurbochargingSystem","Chemical X","Compile Driver+1","Venom Potion","BootSequence","testmod-Mystery","testmod-OneHitWonder","MealTicket","vexMod:Spyglass","Strength Potion","testmod-InfectionSource","Replay:Antivirus Software","Runic Capacitor","EssenceOfSteel","Violence","Cold Snap+1","Anchor","ReplayTheSpireMod:Shallot","DollysMirror","Weak Potion","Reflective Coating","LiquidMemories"],"campfire_rested":0,"item_purchase_floors":[4,4,4,4,4,4,4,13,13,13,13,13,13,13,13,16,16,16,16,16,16,16,32,32,32,32,39,39,39,39,39,39,55,55,55,55,55,55],"current_hp_per_floor":[65,66,63,63,63,63,71,42,42,42,42,55,63,63,67,67,67,75,80,68,68,69,69,72,76,76,67,67,67,67,70,70,70,70,81,92,95,95,95,95,95,95,88,91,91,91,73,76,94,97,97,101,106,106,108,101,114],"gold":26356,"neow_bonus":"THREE_ENEMY_KILL","is_daily":false,"chose_seed":false,"campfire_upgraded":8,"win_rate":0.0,"timestamp":1609159406,"path_taken":["M","M","?","$","?","R","E","?","T","PTL","PTL","M","$","R","M","$","R","BOSS","M","?","M","?","M","E","R","E","T","R","?","M","$","?","R","BOSS","M","?","$","?","M","R","E","M","T","?","E","M","E","M","R","BOSS","R","$","E","BOSS"],"items_purchased_type":["Card","Relic","Relic","Card","Potion","Potion","Card","Relic","Relic","Relic","Card","Potion","Potion","Card","Card","Relic","Relic","Relic","Card","Potion","Card","Card","Relic","Relic","Relic","Potion","Relic","Relic","Relic","Potion","Card","Card","Relic","Relic","Relic","Potion","Potion","Potion"],"build_version":"2020-12-22","purchased_purges":6,"victory":true,"max_hp_per_floor":[71,71,71,71,71,71,72,72,72,72,72,72,77,77,77,77,77,82,82,82,82,82,82,82,89,89,90,90,90,90,90,90,90,90,95,95,95,95,95,95,95,95,101,101,101,101,102,102,103,103,103,108,108,108,108,109,114],"relic_stats":{"Blood Vial":26,"Strange Spoon":[108],"Emotion Chip":[35,19,16,0,0],"Happy Flower":[10],"counters":[25,92],"MealTicket":2,"Whetstone":["Compile Driver","Strike_B"],"Chemical X":[1],"Boot":[145],"Cursed Key":2,"obtain_stats":[{"vexMod:PlasmaPancake":25,"vexMod:MemoryStick":13,"Lantern":47,"Blue Doll":7,"Runic Capacitor":39,"Whetstone":9,"Bottled Tornado":49,"testmod-BouquetWithThorns":13,"Boot":16,"Cursed Key":19,"vexMod:Spyglass":32,"testmod-AscensionHeart":0,"Pet Ghost":4,"Blood Vial":23,"Emotion Chip":4,"Replay:Bandana":56,"DollysMirror":55,"Replay:Bronze Core":36,"MealTicket":32,"Chemical X":16,"testmod-InfectionSource":39,"Replay:Antivirus Software":39,"Cracked Core":0,"testmod-TestBox":0,"NeowsBlessing":0,"Happy Flower":46,"testmod-TurbochargingSystem":16,"Replay:Kaleidoscope":27,"Odd Mushroom":8,"Strange Spoon":13,"Anchor":55,"ReplayTheSpireMod:Shallot":55,"MutagenicStrength":21,"Durian":43,"testmod-OneHitWonder":32},{"vexMod:PlasmaPancake":11,"vexMod:MemoryStick":5,"Lantern":19,"Blue Doll":3,"Runic Capacitor":15,"Whetstone":4,"Bottled Tornado":21,"testmod-BouquetWithThorns":5,"Boot":6,"Cursed Key":7,"vexMod:Spyglass":13,"testmod-AscensionHeart":0,"Pet Ghost":2,"Blood Vial":9,"Emotion Chip":2,"Replay:Bandana":24,"DollysMirror":23,"Replay:Bronze Core":14,"MealTicket":13,"Chemical X":6,"testmod-InfectionSource":15,"Replay:Antivirus Software":15,"Cracked Core":0,"testmod-TestBox":0,"NeowsBlessing":0,"Happy Flower":18,"testmod-TurbochargingSystem":6,"Replay:Kaleidoscope":12,"Odd Mushroom":4,"Strange Spoon":5,"Anchor":23,"ReplayTheSpireMod:Shallot":23,"MutagenicStrength":8,"Durian":17,"testmod-OneHitWonder":13},{"vexMod:PlasmaPancake":35,"vexMod:MemoryStick":11,"Lantern":67,"Blue Doll":3,"Runic Capacitor":52,"Whetstone":9,"Bottled Tornado":74,"testmod-BouquetWithThorns":11,"Boot":12,"Cursed Key":23,"vexMod:Spyglass":43,"testmod-AscensionHeart":0,"Pet Ghost":2,"Blood Vial":27,"Emotion Chip":2,"Replay:Bandana":87,"DollysMirror":83,"Replay:Bronze Core":49,"MealTicket":43,"Chemical X":12,"testmod-InfectionSource":52,"Replay:Antivirus Software":52,"Cracked Core":0,"testmod-TestBox":0,"NeowsBlessing":0,"Happy Flower":62,"testmod-TurbochargingSystem":12,"Replay:Kaleidoscope":39,"Odd Mushroom":9,"Strange Spoon":11,"Anchor":83,"ReplayTheSpireMod:Shallot":83,"MutagenicStrength":25,"Durian":59,"testmod-OneHitWonder":43}]},"card_choices":[{"not_picked":["Hologram","Reprogram"],"picked":"Compile Driver","floor":1.0},{"not_picked":["Barrage","Redo"],"picked":"Conserve Battery","floor":2.0},{"not_picked":["ReplayRNGCard","Reboot"],"picked":"Reboot","floor":7.0},{"not_picked":["Hologram","Undo"],"picked":"Auto Shields","floor":8.0},{"not_picked":["Melter","Gash"],"picked":"Chill","floor":12.0},{"not_picked":["BasicCrystalCard","Undo"],"picked":"Genetic Algorithm","floor":15.0},{"not_picked":["Buffer","Rainbow"],"picked":"All For One","floor":18.0},{"not_picked":["ReplayTheSpireMod:Repulse","Barrage"],"picked":"Heatsinks","floor":20},{"not_picked":["Steam","Sweeping Beam+1","Stack"],"picked":"SKIP","floor":22},{"not_picked":["Reprogram","Steam","Steam Power"],"picked":"SKIP","floor":24},{"not_picked":["All For One","Rainbow","Biased Cognition"],"picked":"SKIP","floor":25},{"not_picked":["Biased Cognition","ReplayRNGCard"],"picked":"Electrodynamics","floor":27},{"not_picked":["Capacitor","Coolheaded+1","Redo"],"picked":"SKIP","floor":31},{"not_picked":["Multi-Cast","Fission"],"picked":"Mirror Shield","floor":35},{"not_picked":["Redo","Go for the Eyes","Heatsinks"],"picked":"SKIP","floor":37},{"not_picked":["Force Field","Turbo+1"],"picked":"Aggregate+1","floor":41},{"not_picked":["Buffer","Electrodynamics"],"picked":"Seek","floor":43},{"not_picked":["Rebound","Stack","Coolheaded+1"],"picked":"SKIP","floor":44},{"not_picked":["ReplayRNGCard","Buffer","Reboot"],"picked":"SKIP","floor":47},{"not_picked":["Fusion","Rebound"],"picked":"Blizzard+1","floor":48},{"not_picked":["Electrodynamics","Meteor Strike","Echo Form"],"picked":"SKIP","floor":49},{"not_picked":["Beam Cell","Hologram","Conserve Battery"],"picked":"SKIP","floor":50},{"not_picked":["ReplayTheSpireMod:Fabricate Wheel","Core Surge","Biased Cognition"],"picked":"SKIP","floor":56}],"player_experience":355529,"relics_obtained":[{"floor":7.0,"key":"Blue Doll"},{"floor":8.0,"key":"Odd Mushroom"},{"floor":9.0,"key":"Whetstone"},{"floor":25,"key":"vexMod:PlasmaPancake"},{"floor":27,"key":"Replay:Kaleidoscope"},{"floor":43,"key":"Durian"},{"floor":46,"key":"Happy Flower"},{"floor":47,"key":"Lantern"},{"floor":49,"key":"Bottled Tornado"},{"floor":56,"key":"Replay:Bandana"}],"event_choices":[{"cards_removed":["Zap"],"damage_healed":0.0,"max_hp_gain":0.0,"max_hp_loss":0.0,"gold_gain":0.0,"event_name":"Golden Wing","player_choice":"Card Removal","floor":3.0,"gold_loss":0.0,"damage_taken":7.0},{"cards_removed":["Strike_B"],"damage_healed":0.0,"max_hp_gain":0.0,"max_hp_loss":0.0,"gold_gain":0.0,"event_name":"The Cleric","player_choice":"Card Removal","floor":5.0,"gold_loss":75.0,"damage_taken":0.0},{"damage_healed":0.0,"max_hp_gain":0.0,"max_hp_loss":0.0,"gold_gain":0.0,"event_name":"Mushrooms","player_choice":"Fought Mushrooms","floor":8.0,"gold_loss":0.0,"damage_taken":0.0},{"damage_healed":0,"gold_gain":0,"player_choice":"Inject Mutagens","damage_taken":0,"relics_obtained":["MutagenicStrength"],"max_hp_gain":0,"max_hp_loss":0,"event_name":"Drug Dealer","floor":21,"gold_loss":0},{"damage_healed":0,"gold_gain":0,"player_choice":"Forge","damage_taken":0,"max_hp_gain":0,"max_hp_loss":0,"event_name":"Accursed Blacksmith","floor":30,"gold_loss":0,"cards_upgraded":["Loop"]},{"damage_healed":0,"gold_gain":50,"player_choice":"Stole From Cult","damage_taken":0,"max_hp_gain":0,"max_hp_loss":0,"event_name":"Nest","floor":33,"gold_loss":0},{"damage_healed":0,"gold_gain":0,"player_choice":"Copied","damage_taken":0,"max_hp_gain":0,"max_hp_loss":0,"event_name":"Duplicator","floor":38,"gold_loss":0,"cards_obtained":["expansioncontent:Corrupt"]},{"cards_removed":["Defend_B"],"damage_healed":0,"gold_gain":0,"player_choice":"Purged","damage_taken":0,"max_hp_gain":0,"max_hp_loss":0,"event_name":"Purifier","floor":40,"gold_loss":0}],"is_beta":false,"boss_relics":[{"not_picked":["Sozu","Inserter"],"picked":"Cursed Key"},{"not_picked":["Replay:Drink Me","Runic Dome"],"picked":"Replay:Bronze Core"}],"items_purged_floors":[4,13,16,32,39,55],"is_endless":false,"potions_floor_spawned":[2,12,18,20,24,25,27,35,41,43,47],"ascension_level":15}}