{"host":"nnqdcpockwq7zc6f","time":1609136644,"event":{"mods":["BaseMod","Better Note","Downfall","Hubris","Minty Spire (QoL Compilation)","Replay The Spire","StSLib","The Servant 0.9.4"],"gold_per_floor":[115,128,128,16,30,30,60,60,60,9,21,52,52,52,52,175,175,218,158,83,36,80,80,129,183,206,112,112,61,126,166,166,292,292,328,372,327,360,360,50,102,140,166,202,202],"floor_reached":44,"playtime":3074,"items_purged":["Defend_S"],"score":554,"play_id":"88b7f59b-b95e-4eed-87a2-8122785745bb","local_time":"20201227232404","is_ascension_mode":true,"campfire_choices":[{"data":"GearUp","floor":6,"key":"SMITH"},{"data":"ReturningBlade","floor":8,"key":"SMITH"},{"data":"ReturningBlade+2","floor":15,"key":"SMITH"},{"floor":23,"key":"REST"},{"data":"SurpressingFire","floor":32,"key":"SMITH"}],"circlet_count":0,"master_deck":["Strike_S","Strike_S","Defend_S+1","Defend_S+1","KidneyShot","Exchange","ReturningBlade+3","FastForward","Luminosity","GearUp+1","Ricochet","Potential","SoulSculpture","ShiftingGears","FloweringNight","InstantArmor+1","TimeWarp","Revamp","Comet","SurpressingFire+1","TrueSight","BottledTime+1","ShatteredReality","TheWorld","KillingDoll","Parasite","Starlight"],"relics":["Uniform","War Paint","FaceOfCleric","hubris:BundleOfHerbs","Pocketwatch","Replay:Bandana","Empty Cage","Pet Ghost","Replay:Wax Seal","Lee\u0027s Waffle","hubris:Reverence","Painkiller Herb","StoneCalendar","Omamori"],"acts_visited":["Exordium","TheCity","TheBeyond"],"potions_floor_usage":[7,16,30,33,38,41,42],"damage_taken":[{"damage":0,"enemies":"2 Louse","floor":1,"turns":3},{"damage":0,"enemies":"Cultist","floor":2,"turns":4},{"damage":1,"enemies":"Jaw Worm","floor":5,"turns":3},{"damage":18,"enemies":"Gremlin Nob","floor":7,"turns":7},{"damage":9,"enemies":"Exordium Thugs","floor":11,"turns":6},{"damage":8,"enemies":"3 Sentries","floor":12,"turns":5},{"damage":2,"enemies":"Fading Forest","floor":16,"turns":11},{"damage":32,"enemies":"2 Thieves","floor":18,"turns":3},{"damage":2,"enemies":"Spheric Guardian","floor":22,"turns":3},{"damage":7,"enemies":"Replay:Snechameleon","floor":24,"turns":7},{"damage":7,"enemies":"3 Cultists","floor":25,"turns":3},{"damage":5,"enemies":"Centurion and Healer","floor":29,"turns":5},{"damage":7,"enemies":"Book of Stabbing","floor":30,"turns":6},{"damage":11,"enemies":"Chosen and Byrds","floor":31,"turns":6},{"damage":22,"enemies":"Automaton","floor":33,"turns":12},{"damage":9,"enemies":"Orb Walker","floor":35,"turns":5},{"damage":30,"enemies":"3 Shapes","floor":36,"turns":5},{"damage":61,"enemies":"Sphere and 2 Shapes","floor":38,"turns":6},{"damage":0,"enemies":"Maw","floor":41,"turns":8},{"damage":16,"enemies":"Writhing Mass","floor":42,"turns":7},{"damage":5,"enemies":"3 Darklings","floor":44,"turns":2}],"seed_played":"-6581456966482241236","potions_obtained":[{"floor":2,"key":"SkillPotion"},{"floor":11,"key":"LiquidMemories"},{"floor":16,"key":"Reflective Coating"},{"floor":18,"key":"sneckomod:MuddlingPotion"},{"floor":29,"key":"Regen Potion"},{"floor":31,"key":"Reflective Coating"},{"floor":33,"key":"DuplicationPotion"},{"floor":41,"key":"LiquidBronze"}],"is_trial":false,"path_per_floor":["M","M","?","$","M","R","E","R","T","$","M","E","?","$","R","B",null,"M","?","?","$","M","R","E","M","T","$","?","M","E","M","R","B",null,"?","?","T","?","?","T","?","?","T","?"],"character_chosen":"THE_SERVANT","items_purchased":["Luminosity","Potential","TimeWarp","Lee\u0027s Waffle","Revamp","ShatteredReality","StoneCalendar"],"campfire_rested":1,"item_purchase_floors":[4,10,21,27,27,37,40],"current_hp_per_floor":[65,65,65,65,65,65,48,48,48,48,40,33,33,33,33,44,70,39,39,39,39,38,59,53,47,47,81,81,77,77,73,73,63,85,77,48,48,18,18,18,19,4,4,0,0],"gold":202,"neow_bonus":"RANDOM_COMMON_RELIC","is_daily":false,"chose_seed":false,"campfire_upgraded":4,"win_rate":0.0,"timestamp":1609136644,"path_taken":["M","M","?","$","M","R","E","R","T","$","?","E","?","?","R","BOSS","M","?","?","$","M","R","E","M","T","?","?","M","E","M","R","BOSS","?","?","T","?","?","T","?","?","T","?"],"items_purchased_type":["Card","Card","Card","Relic","Card","Card","Relic"],"build_version":"2020-12-22","purchased_purges":1,"victory":false,"max_hp_per_floor":[65,65,65,65,66,66,67,67,67,67,68,69,69,69,69,70,70,71,71,71,71,72,72,73,74,74,81,81,82,83,84,84,85,85,86,87,87,88,88,88,89,90,90,90,90],"card_choices":[{"not_picked":["Unruled","Rewind"],"picked":"ReturningBlade","floor":1},{"not_picked":["Misdirection","MoonPhase"],"picked":"FastForward","floor":2},{"not_picked":["Alleviate","Rewind"],"picked":"GearUp","floor":5},{"not_picked":["Replace","Advance"],"picked":"Ricochet","floor":7},{"not_picked":["Moonlight","Rearm"],"picked":"SoulSculpture","floor":11},{"not_picked":["Unruled","DoubleEdge"],"picked":"ShiftingGears","floor":12},{"not_picked":["Solidify","Duplication"],"picked":"FloweringNight","floor":16},{"not_picked":["Barrier","Rewind+1"],"picked":"InstantArmor+1","floor":18},{"not_picked":["Rewind","ShiftingGears+1","Spin"],"picked":"SKIP","floor":22},{"not_picked":["Unruled","BottledTime"],"picked":"WasteNot","floor":24},{"not_picked":["SoulSculpture","Rewind","DualDimension"],"picked":"SKIP","floor":25},{"not_picked":["Collapse","Unruled"],"picked":"Comet","floor":29},{"not_picked":["BottledTime","Moondial","TimeWarp"],"picked":"SKIP","floor":30},{"not_picked":["Deadline+1","Starlight"],"picked":"SurpressingFire","floor":31},{"not_picked":["MurderousAura","PendulumOfEternity"],"picked":"TrueSight","floor":33},{"not_picked":["ReturningBlade","Luminosity+1"],"picked":"BottledTime+1","floor":35},{"not_picked":["Rewind","ShiftingGears+1","Hightail"],"picked":"SKIP","floor":36},{"not_picked":["Comet","Defy","Rearm+1"],"picked":"SKIP","floor":38},{"not_picked":["Rewind+1","Alleviate+1"],"picked":"KillingDoll","floor":41},{"not_picked":["WasteNot","Rewind+1"],"picked":"Starlight","floor":42}],"player_experience":361063,"relics_obtained":[{"floor":7,"key":"hubris:BundleOfHerbs"},{"floor":9,"key":"Pocketwatch"},{"floor":12,"key":"Replay:Bandana"},{"floor":24,"key":"Pet Ghost"},{"floor":26,"key":"Replay:Wax Seal"},{"floor":30,"key":"hubris:Reverence"},{"floor":43,"key":"Omamori"}],"event_choices":[{"damage_healed":0,"gold_gain":0,"player_choice":"Trade","damage_taken":0,"relics_obtained":["FaceOfCleric"],"max_hp_gain":0,"max_hp_loss":0,"event_name":"FaceTrader","floor":3,"gold_loss":0},{"damage_healed":0,"gold_gain":0,"player_choice":"Forge","damage_taken":0,"max_hp_gain":0,"max_hp_loss":0,"event_name":"Accursed Blacksmith","floor":13,"gold_loss":0,"cards_upgraded":["ReturningBlade"]},{"cards_removed":["Defend_S"],"damage_healed":0,"gold_gain":0,"player_choice":"Gave Gold","damage_taken":0,"max_hp_gain":0,"max_hp_loss":0,"event_name":"Beggar","floor":20,"gold_loss":75},{"damage_healed":0,"gold_gain":0,"player_choice":"Ignored","damage_taken":0,"max_hp_gain":0,"max_hp_loss":0,"event_name":"Ghosts","floor":28,"gold_loss":0},{"damage_healed":0,"gold_gain":0,"cards_transformed":["WasteNot"],"player_choice":"Transformed","damage_taken":0,"max_hp_gain":0,"max_hp_loss":0,"event_name":"Transmorgrifier","floor":39,"gold_loss":0,"cards_obtained":["TheWorld"]}],"is_beta":false,"boss_relics":[{"not_picked":["Philosopher\u0027s Stone","Runic Pyramid"],"picked":"Empty Cage"},{"not_picked":["Replay:Ancient Bell","Honey Jar"],"picked":"Painkiller Herb"}],"items_purged_floors":[4],"is_endless":false,"potions_floor_spawned":[2,11,16,18,29,31,33,35,38,41],"killed_by":"3 Darklings","ascension_level":2}}