{"host":"873t0y8ybyo38pfq","time":1609186908,"event":{"mods":["BaseMod","Bestiary","Colored Map","Colored Powertips","Highlight Path","Minty Spire (QoL Compilation)","Quick Restart","RNG Fix","Rare Cards Sparkle","Relic Stats","StSLib"],"gold_per_floor":[119,136,286,296,312,312,70,95,120,15,28,40,40,59,59,131,131,84,102,102,152,170,170,188,188,188,199,1,1,31,31,31,31,31],"floor_reached":33,"playtime":1549,"items_purged":["Doubt","Strike_G"],"score":538,"play_id":"8d551510-c522-4f85-b368-f51d9c3bdef3","local_time":"20201228152148","is_ascension_mode":true,"campfire_choices":[{"data":"Deadly Poison","floor":6,"key":"SMITH"},{"floor":13,"key":"REST"},{"data":"Apotheosis","floor":15,"key":"SMITH"},{"floor":23,"key":"REST"},{"floor":25,"key":"REST"},{"data":"Noxious Fumes","floor":29,"key":"SMITH"},{"floor":32,"key":"REST"}],"circlet_count":0,"master_deck":["AscendersBane","Strike_G","Strike_G","Strike_G","Strike_G","Defend_G","Defend_G","Defend_G","Defend_G","Defend_G","Survivor","Neutralize","Deadly Poison+1","Backflip","Dodge and Roll","Blade Dance","Noxious Fumes+1","Caltrops","Apotheosis+1","Wraith Form v2","After Image","PiercingWail","Deflect+1","Acrobatics","A Thousand Cuts","Backflip","Acrobatics"],"relics":["Ring of the Snake","NeowsBlessing","Membership Card","Darkstone Periapt","Smiling Mask","Philosopher\u0027s Stone","Calipers","Lee\u0027s Waffle","Letter Opener","Enchiridion"],"acts_visited":["Exordium","TheCity"],"potions_floor_usage":[8,16,16,19,22,22,27,33],"damage_taken":[{"damage":0,"enemies":"Small Slimes","floor":1,"turns":1},{"damage":0,"enemies":"Cultist","floor":2,"turns":1},{"damage":0,"enemies":"Jaw Worm","floor":4,"turns":1},{"damage":12,"enemies":"3 Louse","floor":5,"turns":4},{"damage":9,"enemies":"3 Sentries","floor":8,"turns":7},{"damage":26,"enemies":"Large Slime","floor":11,"turns":11},{"damage":0,"enemies":"Blue Slaver","floor":12,"turns":5},{"damage":1,"enemies":"3 Louse","floor":14,"turns":4},{"damage":28,"enemies":"The Guardian","floor":16,"turns":9},{"damage":16,"enemies":"2 Thieves","floor":18,"turns":5},{"damage":8,"enemies":"Shell Parasite","floor":19,"turns":5},{"damage":1,"enemies":"Snake Plant","floor":22,"turns":4},{"damage":23,"enemies":"Sentry and Sphere","floor":24,"turns":6},{"damage":18,"enemies":"3 Cultists","floor":27,"turns":5},{"damage":33,"enemies":"Book of Stabbing","floor":30,"turns":7},{"damage":44,"enemies":"Champ","floor":33,"turns":11}],"seed_played":"-7374739908175686954","potions_obtained":[{"floor":1,"key":"Poison Potion"},{"floor":4,"key":"Energy Potion"},{"floor":5,"key":"AttackPotion"},{"floor":8,"key":"PowerPotion"},{"floor":18,"key":"PowerPotion"},{"floor":20,"key":"LiquidBronze"},{"floor":20,"key":"LiquidBronze"},{"floor":24,"key":"PowerPotion"},{"floor":30,"key":"SteroidPotion"}],"is_trial":false,"path_per_floor":["M","M","?","M","M","R","$","E","T","$","M","M","R","M","R","B",null,"M","M","?","?","M","R","M","R","T","M","$","R","E","?","R","B"],"character_chosen":"THE_SILENT","items_purchased":["Membership Card","Noxious Fumes","Apotheosis","Lee\u0027s Waffle","A Thousand Cuts","Backflip"],"campfire_rested":4,"item_purchase_floors":[7,7,10,28,28,28],"current_hp_per_floor":[59,59,59,59,47,47,47,38,38,38,12,12,31,30,30,2,50,34,26,26,26,25,44,21,40,40,22,73,73,40,19,40,0,0],"gold":31,"neow_bonus":"THREE_ENEMY_KILL","is_daily":false,"chose_seed":false,"campfire_upgraded":3,"win_rate":0.0,"timestamp":1609186908,"path_taken":["M","?","?","?","M","R","$","E","T","$","M","M","R","M","R","BOSS","M","M","?","?","?","R","M","R","T","M","$","R","E","?","R","BOSS"],"items_purchased_type":["Relic","Card","Card","Relic","Card","Card"],"build_version":"2020-12-22","purchased_purges":2,"victory":false,"max_hp_per_floor":[66,66,66,66,66,66,66,66,66,66,66,66,66,66,66,66,66,66,66,66,66,66,66,66,66,66,66,73,73,73,73,73,73,73],"relic_stats":{"Darkstone Periapt":0,"Lee\u0027s Waffle":51,"counters":[16,86],"Letter Opener":[20],"Smiling Mask":0,"obtain_stats":[{"Darkstone Periapt":8,"Lee\u0027s Waffle":28,"Calipers":26,"NeowsBlessing":0,"Enchiridion":31,"Philosopher\u0027s Stone":17,"Membership Card":7,"Letter Opener":30,"Smiling Mask":9,"Ring of the Snake":0},{"Darkstone Periapt":5,"Lee\u0027s Waffle":14,"Calipers":13,"NeowsBlessing":0,"Enchiridion":15,"Philosopher\u0027s Stone":9,"Membership Card":4,"Letter Opener":15,"Smiling Mask":5,"Ring of the Snake":0},{"Darkstone Periapt":14,"Lee\u0027s Waffle":68,"Calipers":63,"NeowsBlessing":0,"Enchiridion":75,"Philosopher\u0027s Stone":43,"Membership Card":7,"Letter Opener":75,"Smiling Mask":14,"Ring of the Snake":0}],"Ring of the Snake":[32]},"card_choices":[{"not_picked":["Heel Hook","Masterful Stab"],"picked":"Deadly Poison","floor":1},{"not_picked":["Accuracy","Dodge and Roll"],"picked":"Backflip","floor":2},{"not_picked":["Sucker Punch","Dagger Throw"],"picked":"Dodge and Roll","floor":4},{"not_picked":["Dagger Throw","Slice"],"picked":"Blade Dance","floor":5},{"not_picked":["Outmaneuver","Prepared"],"picked":"Caltrops","floor":8},{"not_picked":["Tactician","Quick Slash"],"picked":"Wraith Form v2","floor":11},{"not_picked":["Underhanded Strike","Blade Dance","Bane"],"picked":"SKIP","floor":12},{"not_picked":["Tactician","Sucker Punch","Blade Dance"],"picked":"SKIP","floor":14},{"not_picked":["Venomology","Bullet Time"],"picked":"After Image","floor":16},{"not_picked":["Dagger Spray","Blade Dance","Distraction"],"picked":"SKIP","floor":18},{"not_picked":["Underhanded Strike","Tactician"],"picked":"PiercingWail","floor":19},{"not_picked":["Flying Knee","Skewer","Quick Slash"],"picked":"SKIP","floor":22},{"not_picked":["Flying Knee","Quick Slash"],"picked":"Deflect+1","floor":24},{"not_picked":["Bouncing Flask","Slice"],"picked":"Acrobatics","floor":27},{"not_picked":["Quick Slash","Dagger Throw"],"picked":"Acrobatics","floor":30}],"player_experience":1386349,"relics_obtained":[{"floor":8,"key":"Darkstone Periapt"},{"floor":9,"key":"Smiling Mask"},{"floor":26,"key":"Calipers"},{"floor":30,"key":"Letter Opener"},{"floor":31,"key":"Enchiridion"}],"event_choices":[{"damage_healed":0,"gold_gain":150,"player_choice":"AGREE","damage_taken":0,"max_hp_gain":0,"max_hp_loss":0,"event_name":"Liars Game","floor":3,"gold_loss":0,"cards_obtained":["Doubt"]},{"damage_healed":0,"gold_gain":0,"player_choice":"Got Potions","damage_taken":0,"max_hp_gain":0,"max_hp_loss":0,"event_name":"Lab","floor":20,"gold_loss":0},{"damage_healed":0,"gold_gain":50,"player_choice":"Stole From Cult","damage_taken":0,"max_hp_gain":0,"max_hp_loss":0,"event_name":"Nest","floor":21,"gold_loss":0},{"damage_healed":0,"gold_gain":0,"player_choice":"Obtained Book","damage_taken":21,"max_hp_gain":0,"max_hp_loss":0,"event_name":"Cursed Tome","floor":31,"gold_loss":0}],"is_beta":false,"boss_relics":[{"not_picked":["Ectoplasm","SlaversCollar"],"picked":"Philosopher\u0027s Stone"}],"items_purged_floors":[7,28],"is_endless":false,"potions_floor_spawned":[1,4,5,8,18,24,30],"killed_by":"Champ","ascension_level":20}}