{"host":"i6h98ln524gxv8ri","time":1609154410,"event":{"mods":["ATMod(阿瑾Mod)","Act Like it!","BaseMod","Downfall","Minty Spire (QoL Compilation)","Quick Restart","Shop Mod","StSLib","Uncapped","【功能Mod】Neow奖励","【功能Mod】精心准备","残留之物"],"gold_per_floor":[99,114,130,141,160,85,111,137,62,91,110,137,168,196,209,285,285,285,296,307,322,338,338,338,338,338,338,472,397,556,763,824,1021,1021,1021,1107,1147,1185,1305,1305,1332,1332,1493,1747,1900,2053,2053,461,553,756,756,914,786,786,1063],"floor_reached":56,"playtime":3435,"items_purged":[],"score":3799,"play_id":"2fb19b96-ff76-481b-8127-a7298a36dfaf","local_time":"20201228192010","daily_mods":["SealedDeck","Vintage","Heirloom","Flight","DeadlyEvents","Elite Swarm","Lethality"],"is_ascension_mode":true,"campfire_choices":[{"floor":1,"key":"RECALL"},{"data":"PlaceholderMod:EnergyAbsorb","floor":6,"key":"SMITH"},{"data":"PlaceholderMod:FinalSpray","floor":9,"key":"SMITH"},{"data":"1","floor":18,"key":"LIFT"},{"data":"2","floor":23,"key":"LIFT"},{"data":"3","floor":25,"key":"LIFT"},{"data":"PlaceholderMod:GrowthForm","floor":26,"key":"SMITH"},{"data":"PlaceholderMod:SelfCoupling","floor":27,"key":"SMITH"},{"data":"PlaceholderMod:DiffusionPoison","floor":29,"key":"SMITH"},{"data":"PlaceholderMod:FinalSpray","floor":35,"key":"SMITH"},{"data":"PlaceholderMod:Activation","floor":40,"key":"SMITH"},{"data":"PlaceholderMod:MultiReaction","floor":42,"key":"SMITH"},{"data":"PlaceholderMod:Activation","floor":47,"key":"SMITH"},{"data":"PlaceholderMod:FinalSpray","floor":54,"key":"SMITH"}],"circlet_count":0,"master_deck":["AscendersBane","AT_FamilyPortrait","PlaceholderMod:StrongAcid+1","PlaceholderMod:HardStinger","PlaceholderMod:PoisonAbsorb+1","PlaceholderMod:EnergyAbsorb+1","PlaceholderMod:PoisonExcitation+1","PlaceholderMod:ContinueSpray","PlaceholderMod:NutritionAbsorb","PlaceholderMod:CycleAttack","PlaceholderMod:CycleAttack+1","PlaceholderMod:StressReaction","PlaceholderMod:FinalSpray+1","PlaceholderMod:Activation+1","PlaceholderMod:SelfCoupling+1","PlaceholderMod:DiffusionPoison+1","PlaceholderMod:GrowthForm+1","PlaceholderMod:MultiReaction+1","PlaceholderMod:FinalSpray+1","PlaceholderMod:ReactionCatalyze","PlaceholderMod:Activation+1","PlaceholderMod:ThreeBenzyolStart+1","PlaceholderMod:FinalSpray+1"],"relics":["PlaceholderMod:Tancle","AT_ATBox","CaptainsWheel","AT_ChloranthyRing","Orichalcum","Whetstone","AT_ImmortalShieldbow","downfall:HeartBlessingRed","Eternal Feather","downfall:HeartBlessingBlue","AT_DeathDance","AT_BellowingDragoncrestRing","Girya","AT_SilvercatRing","Potion Belt","Torii","AT_TrinityForce","Gremlin Horn","Centennial Puzzle","AT_Kusabimaru","PlaceholderMod:NyogSothep","AT_TheCollector","AT_MibuBalloonWealth","downfall:HeartBlessingGreen","Mummified Hand","sneckomod:BlankCard","Ornamental Fan","Black Star","Frozen Egg 2","War Paint","Regal Pillow","Blood Vial","MealTicket","Omamori","AT_BladeRuinedKing","Strawberry","The Courier","Ancient Tea Set","Blue Candle","Lizard Tail","Singing Bowl","AT_EbonyIvory","AT_ArchangelStaff","Bag of Preparation","Bag of Marbles","AT_GoldPhoenixTree","AT_Manta","Shuriken","Lee\u0027s Waffle","Tiny Chest","AT_RedNoBalance","Pocketwatch","Chemical X"],"acts_visited":["Exordium","TheCity","TheBeyond","TheEnding"],"potions_floor_usage":[11,16,21,48,52,55],"damage_taken":[{"damage":0,"enemies":"Small Slimes","floor":2,"turns":3},{"damage":4,"enemies":"2 Louse","floor":3,"turns":2},{"damage":0,"enemies":"Cultist","floor":4,"turns":2},{"damage":2,"enemies":"Exordium Wildlife","floor":5,"turns":2},{"damage":7,"enemies":"3 Sentries","floor":8,"turns":4},{"damage":0,"enemies":"Gremlin Nob","floor":10,"turns":1},{"damage":0,"enemies":"Exordium Thugs","floor":11,"turns":1},{"damage":13,"enemies":"3 Sentries","floor":12,"turns":3},{"damage":0,"enemies":"Lagavulin","floor":13,"turns":1},{"damage":4,"enemies":"3 Sentries","floor":14,"turns":4},{"damage":0,"enemies":"Large Slime","floor":15,"turns":1},{"damage":4,"enemies":"downfall:Silent","floor":16,"turns":3},{"damage":0,"enemies":"Shell Parasite","floor":19,"turns":1},{"damage":0,"enemies":"3 Cultists","floor":20,"turns":2},{"damage":0,"enemies":"Snecko","floor":21,"turns":1},{"damage":0,"enemies":"Chosen and Byrds","floor":22,"turns":2},{"damage":1,"enemies":"Slavers","floor":28,"turns":2},{"damage":7,"enemies":"Book of Stabbing","floor":30,"turns":3},{"damage":0,"enemies":"Gremlin Leader","floor":31,"turns":2},{"damage":0,"enemies":"Centurion and Healer","floor":32,"turns":1},{"damage":0,"enemies":"downfall:Watcher","floor":33,"turns":2},{"damage":0,"enemies":"3 Shapes","floor":36,"turns":1},{"damage":0,"enemies":"Orb Walker","floor":37,"turns":1},{"damage":0,"enemies":"Spire Growth","floor":38,"turns":1},{"damage":0,"enemies":"4 Shapes","floor":39,"turns":1},{"damage":0,"enemies":"downfall:FleeingMerchant","floor":43,"turns":1},{"damage":0,"enemies":"Reptomancer","floor":44,"turns":2},{"damage":0,"enemies":"Giant Head","floor":45,"turns":1},{"damage":0,"enemies":"Nemesis","floor":46,"turns":3},{"damage":0,"enemies":"Jaw Worm Horde","floor":49,"turns":1},{"damage":0,"enemies":"downfall:Defect","floor":50,"turns":1},{"damage":0,"enemies":"downfall:CharBossMerchant","floor":52,"turns":1},{"damage":0,"enemies":"downfall:NeowBoss","floor":55,"turns":7}],"seed_played":"8967062153089696514","potions_obtained":[{"floor":2,"key":"SmokeBomb"},{"floor":8,"key":"Fire Potion"},{"floor":10,"key":"Slimebound:ThreeZeroPotion"},{"floor":12,"key":"SpeedPotion"},{"floor":14,"key":"Energy Potion"},{"floor":19,"key":"BlessingOfTheForge"},{"floor":22,"key":"SpeedPotion"},{"floor":31,"key":"SmokeBomb"},{"floor":32,"key":"PlaceholderMod:PlaceholderPotion"},{"floor":36,"key":"DuplicationPotion"},{"floor":37,"key":"EntropicBrew"},{"floor":49,"key":"hexamod:EctoCoolerPotion"}],"is_trial":true,"path_per_floor":["R","M","M","M","M","R","T","E","R","E","M","E","E","E","M","B",null,"R","M","M","M","M","R","T","R","R","R","E","R","E","E","M","B",null,"R","M","M","M","M","R","T","R","$","E","E","E","R","$","M","B",null,"E","$","R","B",null],"character_chosen":"THE_PLACEHOLDER","items_purchased":["Omamori","Singing Bowl","AT_EbonyIvory","AT_ArchangelStaff","Bag of Preparation","Bag of Marbles","AT_GoldPhoenixTree","AT_Manta","PlaceholderMod:ThreeBenzyolStart+1","Shuriken","Lee\u0027s Waffle","Chemical X"],"campfire_rested":0,"item_purchase_floors":[43,48,48,48,48,48,48,48,48,48,48,53],"current_hp_per_floor":[70,70,66,66,64,64,64,57,73,73,73,60,60,56,56,52,79,88,88,88,88,88,88,88,88,88,88,87,88,81,88,88,88,88,88,88,88,88,88,88,88,88,88,95,95,95,95,102,102,102,102,104,104,104,66],"gold":1063,"neow_bonus":"","is_daily":false,"chose_seed":false,"campfire_upgraded":10,"win_rate":0.0,"timestamp":1609154410,"path_taken":["R","M","M","M","M","R","T","E","R","E","M","E","E","E","M","BOSS","R","M","M","M","M","R","T","R","R","R","E","R","E","E","M","BOSS","R","M","M","M","M","R","T","R","$","E","E","E","R","$","M","BOSS","E","$","R","BOSS"],"items_purchased_type":["Relic","Relic","Relic","Relic","Relic","Relic","Relic","Relic","Card","Relic","Relic","Relic"],"build_version":"2020-12-22","purchased_purges":0,"victory":true,"max_hp_per_floor":[78,78,78,78,78,78,78,78,88,88,88,88,88,88,88,88,88,88,88,88,88,88,88,88,88,88,88,88,88,88,88,88,88,88,88,88,88,88,88,88,88,88,88,95,95,95,95,102,102,102,102,104,104,104,106],"card_choices":[{"not_picked":["PlaceholderMod:MultiReaction","PlaceholderMod:DoublePoint"],"picked":"PlaceholderMod:FinalSpray","floor":8},{"not_picked":["PlaceholderMod:BlastSpray","PlaceholderMod:Inner"],"picked":"PlaceholderMod:Activation","floor":10},{"not_picked":["PlaceholderMod:PericyclicReaction","PlaceholderMod:CorePoison"],"picked":"PlaceholderMod:SelfCoupling","floor":12},{"not_picked":["PlaceholderMod:Assimilation","PlaceholderMod:InnerSoften"],"picked":"PlaceholderMod:DiffusionPoison","floor":13},{"not_picked":["PlaceholderMod:DoublePoint","PlaceholderMod:AbsorbTouch"],"picked":"PlaceholderMod:GrowthForm","floor":14},{"not_picked":["PlaceholderMod:GrowthForm","PlaceholderMod:SelfCoupling"],"picked":"PlaceholderMod:MultiReaction","floor":16},{"not_picked":["PlaceholderMod:InnerSoften","PlaceholderMod:Eat","PlaceholderMod:Assimilation"],"picked":"SKIP","floor":28},{"not_picked":["PlaceholderMod:SelfCoupling","PlaceholderMod:MultiReaction"],"picked":"PlaceholderMod:FinalSpray","floor":30},{"not_picked":["PlaceholderMod:AbsorbTouch","PlaceholderMod:QualitativeChange","PlaceholderMod:Eat"],"picked":"SKIP","floor":31},{"not_picked":["PlaceholderMod:Internalization","PlaceholderMod:Turn+1","PlaceholderMod:StressReaction"],"picked":"SKIP","floor":43},{"not_picked":["PlaceholderMod:AbsorbTouch","PlaceholderMod:DoublePoint"],"picked":"PlaceholderMod:ReactionCatalyze","floor":44},{"not_picked":["PlaceholderMod:Inner+1","PlaceholderMod:GrowthForm+1","PlaceholderMod:HornyCollision"],"picked":"SKIP","floor":45},{"not_picked":["PlaceholderMod:DiffusionPoison+1","PlaceholderMod:GrowthForm+1"],"picked":"PlaceholderMod:Activation","floor":46},{"not_picked":["PlaceholderMod:Activation","PlaceholderMod:BlastSpray"],"picked":"PlaceholderMod:FinalSpray","floor":50},{"not_picked":["PlaceholderMod:PericyclicReaction","PlaceholderMod:AbsorbTouch","PlaceholderMod:ReactionCatalyze"],"picked":"Singing Bowl","floor":52},{"not_picked":["PlaceholderMod:GrowthForm+1","PlaceholderMod:Activation","PlaceholderMod:PericyclicReaction"],"picked":"Singing Bowl","floor":55}],"player_experience":53767,"relics_obtained":[{"floor":2,"key":"AT_ChloranthyRing"},{"floor":3,"key":"Orichalcum"},{"floor":4,"key":"Whetstone"},{"floor":5,"key":"AT_ImmortalShieldbow"},{"floor":8,"key":"Eternal Feather"},{"floor":10,"key":"AT_DeathDance"},{"floor":11,"key":"AT_BellowingDragoncrestRing"},{"floor":12,"key":"Girya"},{"floor":13,"key":"AT_SilvercatRing"},{"floor":14,"key":"Potion Belt"},{"floor":15,"key":"Torii"},{"floor":19,"key":"Gremlin Horn"},{"floor":20,"key":"Centennial Puzzle"},{"floor":21,"key":"AT_Kusabimaru"},{"floor":22,"key":"PlaceholderMod:NyogSothep"},{"floor":24,"key":"AT_TheCollector"},{"floor":28,"key":"AT_MibuBalloonWealth"},{"floor":30,"key":"Mummified Hand"},{"floor":31,"key":"sneckomod:BlankCard"},{"floor":32,"key":"Ornamental Fan"},{"floor":36,"key":"Frozen Egg 2"},{"floor":37,"key":"War Paint"},{"floor":38,"key":"Regal Pillow"},{"floor":39,"key":"Blood Vial"},{"floor":41,"key":"MealTicket"},{"floor":44,"key":"AT_BladeRuinedKing"},{"floor":44,"key":"Strawberry"},{"floor":45,"key":"The Courier"},{"floor":45,"key":"Ancient Tea Set"},{"floor":46,"key":"Blue Candle"},{"floor":46,"key":"Lizard Tail"},{"floor":49,"key":"Tiny Chest"},{"floor":52,"key":"AT_SilverBalance"},{"floor":52,"key":"Pocketwatch"}],"event_choices":[],"is_beta":false,"boss_relics":[{"not_picked":["Runic Pyramid","AT_MortalBlade"],"picked":"AT_TrinityForce"},{"not_picked":["Cursed Key","Coffee Dripper"],"picked":"Black Star"}],"items_purged_floors":[],"is_endless":true,"potions_floor_spawned":[2,8,10,12,13,14,19,22,31,32,33,36,37,39,45,46,49],"ascension_level":20}}