{"host":"fevvm7bbzuh4s1jc","time":1609177737,"event":{"mods":["BaseMod","Highlight Path","Minty Spire (QoL Compilation)","Relic Stats"],"gold_per_floor":[111,111,126,137,150,180,180,212,212,225,225,256,19,33,33,107,107,117,136,336,68,80,80,92,92,92],"floor_reached":25,"playtime":1316,"items_purged":["Strike_R"],"score":450,"play_id":"6d206f94-8386-43cc-a258-71f754ecab27","local_time":"20201228124857","is_ascension_mode":true,"campfire_choices":[{"data":"Combust","floor":7,"key":"SMITH"},{"floor":11,"key":"REST"},{"data":"Rupture","floor":15,"key":"SMITH"},{"data":"Shockwave","floor":23,"key":"SMITH"}],"circlet_count":0,"master_deck":["AscendersBane","Strike_R","Strike_R","Strike_R","Defend_R","Defend_R","Defend_R","Defend_R","Bash","Heavy Blade","Combust+1","True Grit","Shockwave+1","Rupture+1","Battle Trance","Hemokinesis","Immolate","Carnage","Shrug It Off"],"relics":["Burning Blood","Tiny Chest","Anchor","Matryoshka","Strawberry","Snecko Eye","Brimstone"],"acts_visited":["TheCity"],"potions_floor_usage":[5,6,12,16,22],"damage_taken":[{"damage":1,"enemies":"Cultist","floor":1,"turns":3},{"damage":2,"enemies":"Small Slimes","floor":3,"turns":2},{"damage":9,"enemies":"Jaw Worm","floor":4,"turns":6},{"damage":16,"enemies":"Lots of Slimes","floor":5,"turns":3},{"damage":27,"enemies":"Gremlin Nob","floor":6,"turns":4},{"damage":33,"enemies":"Lagavulin","floor":8,"turns":8},{"damage":1,"enemies":"2 Fungi Beasts","floor":10,"turns":3},{"damage":22,"enemies":"3 Sentries","floor":12,"turns":4},{"damage":12,"enemies":"Exordium Thugs","floor":14,"turns":5},{"damage":34,"enemies":"Slime Boss","floor":16,"turns":7},{"damage":28,"enemies":"Spheric Guardian","floor":18,"turns":4},{"damage":20,"enemies":"Chosen","floor":19,"turns":4},{"damage":12,"enemies":"Snecko","floor":22,"turns":5},{"damage":16,"enemies":"3 Cultists","floor":24,"turns":4},{"damage":55,"enemies":"Slavers","floor":25,"turns":3}],"seed_played":"-1334387987806396109","potions_obtained":[{"floor":3,"key":"PowerPotion"},{"floor":4,"key":"AttackPotion"},{"floor":5,"key":"LiquidMemories"},{"floor":8,"key":"Weak Potion"},{"floor":12,"key":"Regen Potion"}],"is_trial":false,"path_per_floor":["M","?","M","M","M","E","R","E","T","M","R","E","$","M","R","B",null,"M","M","?","$","M","R","M","E"],"character_chosen":"IRONCLAD","items_purchased":["Strawberry","FairyPotion","Brimstone"],"campfire_rested":1,"item_purchase_floors":[13,21,21],"current_hp_per_floor":[73,78,80,77,67,46,46,19,19,24,48,32,39,33,33,20,70,48,34,34,34,28,28,18,0,0],"gold":92,"neow_bonus":"TRANSFORM_CARD","is_daily":false,"chose_seed":false,"campfire_upgraded":3,"win_rate":0.0,"timestamp":1609177737,"path_taken":["M","?","M","M","M","E","R","E","T","M","R","E","$","M","R","BOSS","M","M","?","$","M","R","M","E"],"items_purchased_type":["Relic","Potion","Relic"],"build_version":"2020-12-22","purchased_purges":1,"victory":false,"max_hp_per_floor":[75,80,80,80,80,80,80,80,80,80,80,80,87,87,87,87,87,87,87,87,87,87,87,87,87,87],"relic_stats":{"counters":[15,65],"Snecko Eye":[26,32,33,37],"Tiny Chest":0,"obtain_stats":[{"Anchor":8,"Matryoshka":12,"Brimstone":21,"Strawberry":13,"Snecko Eye":17,"Tiny Chest":6,"Burning Blood":0},{"Anchor":6,"Matryoshka":8,"Brimstone":12,"Strawberry":8,"Snecko Eye":10,"Tiny Chest":5,"Burning Blood":0},{"Anchor":26,"Matryoshka":33,"Brimstone":53,"Strawberry":33,"Snecko Eye":45,"Tiny Chest":18,"Burning Blood":0}],"Burning Blood":82},"card_choices":[{"not_picked":["Clash","Evolve"],"picked":"Combust","floor":1},{"not_picked":["Flex","Wild Strike"],"picked":"True Grit","floor":3},{"not_picked":["Shrug It Off","Flame Barrier"],"picked":"Shockwave","floor":4},{"not_picked":["Perfected Strike","Demon Form"],"picked":"Rupture","floor":5},{"not_picked":["Clash","Cleave","Warcry"],"picked":"SKIP","floor":6},{"not_picked":["Corruption","Feel No Pain"],"picked":"Battle Trance","floor":8},{"not_picked":["Feel No Pain","Clash"],"picked":"Hemokinesis","floor":10},{"not_picked":["Carnage","True Grit","Seeing Red"],"picked":"SKIP","floor":12},{"not_picked":["Thunderclap","Rupture","True Grit"],"picked":"SKIP","floor":14},{"not_picked":["Berserk","Double Tap"],"picked":"Immolate","floor":16},{"not_picked":["Havoc","Twin Strike"],"picked":"Carnage","floor":18},{"not_picked":["Flex","Warcry","Anger"],"picked":"SKIP","floor":19},{"not_picked":["Headbutt","Combust","Armaments"],"picked":"SKIP","floor":22},{"not_picked":["Metallicize","Inflame"],"picked":"Shrug It Off","floor":24}],"player_experience":2598505,"relics_obtained":[{"floor":6,"key":"Tiny Chest"},{"floor":8,"key":"Anchor"},{"floor":12,"key":"Matryoshka"}],"event_choices":[{"damage_healed":0,"gold_gain":0,"player_choice":"Donut","damage_taken":0,"max_hp_gain":5,"max_hp_loss":0,"event_name":"Big Fish","floor":2,"gold_loss":0},{"damage_healed":0,"gold_gain":250,"player_choice":"Bet on Owner","damage_taken":0,"max_hp_gain":0,"max_hp_loss":0,"event_name":"The Joust","floor":20,"gold_loss":50}],"is_beta":false,"boss_relics":[{"not_picked":["Mark of Pain","Black Blood"],"picked":"Snecko Eye"}],"items_purged_floors":[13],"is_endless":false,"potions_floor_spawned":[3,4,5,8,12],"killed_by":"Slavers","ascension_level":20}}