{"host":"pr6x8hyknev46vut","time":1609145862,"event":{"mods":["Aspiration","BaseMod","CCEM","Colored Map","Downfall","Googly Eyes","Hermit","Highlight Path","Minty Spire (QoL Compilation)","Permanent Neow","Replay The Spire","Shop Mod","StSLib","The Bug Knight","The Construct","The Cursed","The Disciple","The Necromancer","The Runesmith","The Servant 0.9.4"],"gold_per_floor":[115,133,59,78,145,178,178,178,178,178,178,194,269,44,44,140,140,155,155,155,172,172,192,226,237,237,237,254,268,282,134,134,234,234,249,260,260,167,267,267,300,300,326,341,356,356,372,385,385,385],"floor_reached":51,"playtime":2901,"items_purged":[],"score":899,"play_id":"d2bbb9f2-d947-4684-bd19-af5044a7d939","local_time":"20201228095742","is_ascension_mode":false,"campfire_choices":[{"data":"hermit:Deadeye","floor":7,"key":"SMITH"},{"data":"hermit:Headshot","floor":10,"key":"SMITH"},{"data":"hermit:FlashPowder","floor":15,"key":"SMITH"},{"floor":27,"key":"REST"},{"data":"hermit:Glare","floor":32,"key":"SMITH"},{"data":"hermit:Roughhouse","floor":40,"key":"SMITH"},{"floor":42,"key":"RECALL"},{"data":"hermit:RoundhouseKick","floor":46,"key":"SMITH"},{"data":"hermit:Manifest","floor":49,"key":"SMITH"}],"circlet_count":0,"master_deck":["hermit:Strike_Hermit","hermit:Strike_Hermit+1","hermit:Strike_Hermit+1","hermit:Strike_Hermit","hermit:Defend_Hermit","hermit:Defend_Hermit","hermit:Defend_Hermit","hermit:Defend_Hermit","hermit:Snapshot","hermit:Covet","hermit:Headshot+1","hermit:Glare+1","hermit:FlashPowder+1","hermit:Deadeye+1","hermit:HoleUp","Looming Evil","hermit:Feint","hermit:NoHoldsBarred","hermit:RoundhouseKick+1","CommonCold","CommonCold","Pain","hermit:Coalescence+1","Doubt","hermit:Manifest+1","CommonCold","hermit:Shortfuse+1","hermit:Ricochet+1","hermit:ItchyTrigger","hermit:WideOpen+1","hermit:LuckOfTheDraw","hermit:Manifest+1","hermit:Dive+1","hermit:Roughhouse+1","hermit:BodyArmor+1","Finesse","expansioncontent:DefensiveStance","hermit:BodyArmor+1","hermit:Headshot+1","hermit:SprayPray+1","Parasite","hermit:ShadowCloak","hermit:Vantage+1"],"relics":["hermit:Momento","MealTicket","Onion Ring","Bag of Preparation","Replay:Ancient Bell","hermit:RyeStalk","hermit:Horseshoe","Ginger","Ring of Misfortune","NlothsMask","Dream Catcher","Ancient Tea Set","Nunchaku","aspiration:ServantSkillbook","Whetstone","Bronze Scales"],"acts_visited":["Exordium","TheCity","TheBeyond"],"potions_floor_usage":[18,29,30,33,33,48],"damage_taken":[{"damage":0,"enemies":"Cultist","floor":1,"turns":4},{"damage":2,"enemies":"2 Louse","floor":2,"turns":4},{"damage":2,"enemies":"Jaw Worm","floor":4,"turns":4},{"damage":5,"enemies":"Gremlin Nob","floor":6,"turns":3},{"damage":7,"enemies":"3 Louse","floor":12,"turns":3},{"damage":45,"enemies":"The Guardian","floor":16,"turns":14},{"damage":12,"enemies":"Chosen","floor":18,"turns":5},{"damage":4,"enemies":"Snecko","floor":21,"turns":7},{"damage":13,"enemies":"Sentry and Sphere","floor":23,"turns":8},{"damage":0,"enemies":"Gremlin Leader","floor":24,"turns":6},{"damage":0,"enemies":"Cultist and Chosen","floor":25,"turns":4},{"damage":0,"enemies":"Snecko","floor":28,"turns":4},{"damage":11,"enemies":"Sentry and Sphere","floor":29,"turns":6},{"damage":0,"enemies":"3 Cultists","floor":30,"turns":6},{"damage":54,"enemies":"Champ","floor":33,"turns":16},{"damage":24,"enemies":"3 Shapes","floor":35,"turns":4},{"damage":0,"enemies":"Orb Walker","floor":36,"turns":2},{"damage":0,"enemies":"HollowMod:StalkingDevout","floor":41,"turns":7},{"damage":0,"enemies":"4 Shapes","floor":44,"turns":3},{"damage":0,"enemies":"Maw","floor":45,"turns":8},{"damage":0,"enemies":"Writhing Mass","floor":47,"turns":6},{"damage":0,"enemies":"Transient","floor":48,"turns":5},{"damage":0,"enemies":"Time Eater","floor":50,"turns":13}],"seed_played":"-6047025902007317979","potions_obtained":[{"floor":4,"key":"Energy Potion"},{"floor":6,"key":"champ:CounterPotion"},{"floor":12,"key":"Guardian:BlockOnCardUsePotion"},{"floor":18,"key":"ColorlessPotion"},{"floor":23,"key":"Swift Potion"},{"floor":30,"key":"PowerPotion"},{"floor":33,"key":"AttackPotion"},{"floor":36,"key":"SteroidPotion"},{"floor":45,"key":"ColorlessPotion"}],"is_trial":false,"path_per_floor":["M","M","$","M","?","E","R","?","T","R","?","M","?","$","R","B",null,"M","?","?","M","?","M","E","M","T","R","M","M","M","$","R","B",null,"M","M","?","$","?","R","E","R","T","M","M","R","M","M","R","B",null],"character_chosen":"HERMIT","items_purchased":["hermit:FlashPowder","Bag of Preparation","hermit:NoHoldsBarred","Nunchaku","expansioncontent:DefensiveStance"],"campfire_rested":1,"item_purchase_floors":[3,14,14,31,38],"current_hp_per_floor":[82,80,80,78,78,73,73,73,73,73,81,74,63,78,78,33,82,70,70,70,66,66,53,53,53,53,77,77,66,66,81,81,27,82,58,58,58,73,73,73,73,73,73,73,73,73,73,73,73,73],"gold":385,"neow_bonus":"TEN_PERCENT_HP_BONUS","is_daily":false,"chose_seed":false,"campfire_upgraded":7,"win_rate":0.0,"timestamp":1609145862,"path_taken":["M","M","?","?","?","E","R","?","T","R","?","M","?","$","R","BOSS","M","?","?","?","?","M","E","M","T","R","M","M","M","$","R","BOSS","M","M","?","$","?","R","E","R","T","M","?","R","M","M","R","BOSS"],"items_purchased_type":["Card","Relic","Card","Relic","Card"],"build_version":"2020-12-22","purchased_purges":0,"victory":true,"max_hp_per_floor":[82,82,82,82,82,82,82,82,82,82,82,82,82,82,82,82,82,82,82,82,82,82,82,82,82,82,82,82,82,82,82,82,82,82,82,82,82,82,82,82,82,82,82,82,82,82,82,82,82,82],"card_choices":[{"not_picked":["hermit:Snipe","hermit:Ricochet"],"picked":"hermit:Headshot","floor":1},{"not_picked":["hermit:GoldenBullet","hermit:Maintenance"],"picked":"hermit:Glare","floor":2},{"not_picked":["hermit:FullyLoaded","hermit:Determination"],"picked":"hermit:Deadeye","floor":4},{"not_picked":["hermit:NoHoldsBarred","hermit:Scavenge"],"picked":"hermit:HoleUp","floor":6},{"not_picked":["hermit:Misfire","hermit:LoneWolf"],"picked":"hermit:Feint","floor":12},{"not_picked":["hermit:Adapt","hermit:FinalCanter"],"picked":"hermit:RoundhouseKick","floor":16},{"not_picked":["Clumsy","Overencumbered"],"picked":"CommonCold","floor":17},{"not_picked":["Sickly","Overencumbered"],"picked":"CommonCold","floor":17},{"not_picked":["Amnesia","Normality"],"picked":"Pain","floor":17},{"not_picked":["hermit:Headshot+1","hermit:Malice"],"picked":"hermit:Coalescence+1","floor":18},{"not_picked":["hermit:Adapt","hermit:Deadeye"],"picked":"hermit:Manifest+1","floor":21},{"not_picked":["hermit:Feint","hermit:CalledShot"],"picked":"hermit:Shortfuse+1","floor":23},{"not_picked":["hermit:Horror","hermit:Feint"],"picked":"hermit:Ricochet+1","floor":24},{"not_picked":["hermit:Desperado","hermit:HighNoon"],"picked":"hermit:ItchyTrigger","floor":25},{"not_picked":["hermit:ItchyTrigger+1","hermit:HoleUp"],"picked":"hermit:WideOpen+1","floor":27},{"not_picked":["hermit:SprayPray","hermit:TakeAim"],"picked":"hermit:LuckOfTheDraw","floor":28},{"not_picked":["hermit:Determination+1","hermit:Headshot"],"picked":"hermit:Manifest","floor":29},{"not_picked":["hermit:Desperado","hermit:Determination"],"picked":"hermit:Dive+1","floor":30},{"not_picked":["hermit:Reprieve","hermit:HighNoon"],"picked":"hermit:Roughhouse","floor":33},{"not_picked":["Alleviate+1","hermit:Horror+1","FastForward+1","Spin"],"picked":"SKIP","floor":35},{"not_picked":["hermit:LuckOfTheDraw+1","hermit:TrackingShot+1","hermit:Dive+1"],"picked":"hermit:BodyArmor+1","floor":36},{"not_picked":["Poisoned Strike","expansioncontent:PolyBeam","Secret Weapon"],"picked":"Finesse","floor":37},{"not_picked":["BottledTime+1","hermit:Dive","Revamp+1"],"picked":"hermit:BodyArmor+1","floor":41},{"not_picked":["hermit:Snipe","FanOfKnives+1","hermit:HoleUp"],"picked":"hermit:Headshot+1","floor":44},{"not_picked":["hermit:HoleUp+1","SpecialFormula","FanOfKnives"],"picked":"hermit:SprayPray+1","floor":45},{"not_picked":["hermit:Manifest","hermit:Dive","Rearm"],"picked":"hermit:ShadowCloak","floor":47},{"not_picked":["hermit:BodyArmor","Replace+1","hermit:Roulette+1"],"picked":"hermit:Vantage+1","floor":48}],"player_experience":44734,"relics_obtained":[{"floor":6,"key":"MealTicket"},{"floor":9,"key":"Onion Ring"},{"floor":19,"key":"Ring of Misfortune"},{"floor":24,"key":"Ancient Tea Set"},{"floor":41,"key":"Whetstone"},{"floor":43,"key":"Bronze Scales"}],"event_choices":[{"damage_healed":0,"gold_gain":67,"player_choice":"Gained Gold","damage_taken":0,"max_hp_gain":0,"max_hp_loss":0,"event_name":"Golden Wing","floor":5,"gold_loss":0},{"damage_healed":0,"gold_gain":75,"player_choice":"Gather Gold","damage_taken":11,"max_hp_gain":0,"max_hp_loss":0,"event_name":"World of Goop","floor":13,"gold_loss":0},{"damage_healed":0,"gold_gain":0,"player_choice":"Trade","damage_taken":0,"relics_obtained":["NlothsMask"],"max_hp_gain":0,"max_hp_loss":0,"event_name":"FaceTrader","floor":20,"gold_loss":0},{"damage_healed":0,"gold_gain":0,"player_choice":"Memory 1","damage_taken":0,"max_hp_gain":0,"max_hp_loss":0,"event_name":"SensoryStone","floor":37,"gold_loss":0},{"damage_healed":0,"gold_gain":100,"player_choice":"Pray","damage_taken":0,"max_hp_gain":0,"max_hp_loss":0,"event_name":"Golden Shrine","floor":39,"gold_loss":0}],"is_beta":false,"boss_relics":[{"not_picked":["CCEMRelics:GreenEgg","hermit:BartenderGlass"],"picked":"Replay:Ancient Bell"},{"not_picked":["Potion Belt","Pet Ghost"],"picked":"hermit:RyeStalk"},{"not_picked":["CCEMRelics:OverlyComfyChair","CCEMRelics:WhiteRose"],"picked":"hermit:Horseshoe"},{"not_picked":["aspiration:DSix","WingedGreaves"],"picked":"Ginger"},{"not_picked":["Fusion Hammer","Cursed Key"],"picked":"aspiration:ServantSkillbook"}],"items_purged_floors":[],"is_endless":false,"potions_floor_spawned":[4,6,12,18,23,30,33,36,45],"ascension_level":0}}