{"host":"reretk0dz0kj8f1n","time":1609116316,"event":{"mods":["Arknights The Spire","BaseMod","Colored Map","Minty Spire (QoL Compilation)","StSLib"],"gold_per_floor":[110,110,127,127,146,172,172,16,16,16,36,64,82,94,94,189,189,99,99,112,12,28,53,69,404,431,445,445,472,482,510,510,605,605,620,638,638,513,289,315,327,355,355,355,368,402,74,74,74,74],"floor_reached":51,"playtime":3150,"items_purged":["ats:Strike G","ats:Strike C","ats:Defend","ats:Armor Crushing Shot","ats:Strike S"],"score":993,"play_id":"4a8ccd7d-1673-4700-9999-0470495bd6c2","local_time":"20201228094516","is_ascension_mode":true,"campfire_choices":[{"floor":10,"key":"REST"},{"data":"ats:Revitalization","floor":15,"key":"SMITH"},{"data":"ats:Beaten Up","floor":28,"key":"SMITH"},{"data":"ats:Beaten Up","floor":32,"key":"SMITH"},{"data":"ats:Composite Medical Shells","floor":44,"key":"SMITH"},{"data":"ats:Thorns","floor":49,"key":"SMITH"}],"circlet_count":0,"master_deck":["ats:Defend","ats:Defend","ats:Emotion Absorption+1","ats:Nebulous Foxfire","ats:Thorns+1","ats:Shell Defense","ats:Thorns","ats:Thorns","ats:Calcification","ats:Revitalization+1","ats:Revitalization","ats:Calcification","ats:Revitalization","ats:Shell Defense","ats:Beaten Up+1","ats:Beaten Up+1","ats:Defend Order","ats:Calcification","ats:Composite Medical Shells+1","ats:Calcification"],"relics":["ats:Sanity","Question Card","ats:Originium","Toy Ornithopter","Mercury Hourglass","ats:Originium","ats:Lavender","Black Star","Anchor","ats:Originium","Mango","Letter Opener","ats:Originium","Old Coin","Ginger","Dream Catcher","HornCleat","Mummified Hand","Bag of Preparation","Ancient Tea Set","SlaversCollar","Regal Pillow","Centennial Puzzle","Art of War","Orichalcum","Du-Vu Doll","Potion Belt","Gremlin Horn","Bronze Scales"],"acts_visited":["Exordium","TheCity","TheBeyond"],"potions_floor_usage":[12,25,29],"damage_taken":[{"damage":6,"enemies":"Jaw Worm","floor":1,"turns":4},{"damage":4,"enemies":"Small Slimes","floor":3,"turns":5},{"damage":2,"enemies":"2 Louse","floor":5,"turns":4},{"damage":68,"enemies":"Gremlin Nob","floor":6,"turns":8},{"damage":12,"enemies":"Lots of Slimes","floor":11,"turns":2},{"damage":19,"enemies":"Lagavulin","floor":12,"turns":8},{"damage":6,"enemies":"2 Fungi Beasts","floor":13,"turns":5},{"damage":13,"enemies":"Red Slaver","floor":14,"turns":6},{"damage":85,"enemies":"Hexaghost","floor":16,"turns":16},{"damage":35,"enemies":"2 Thieves","floor":18,"turns":5},{"damage":52,"enemies":"Chosen","floor":20,"turns":10},{"damage":43,"enemies":"Snecko","floor":22,"turns":12},{"damage":41,"enemies":"Book of Stabbing","floor":23,"turns":7},{"damage":42,"enemies":"Centurion and Healer","floor":24,"turns":25},{"damage":39,"enemies":"Slavers","floor":25,"turns":5},{"damage":85,"enemies":"3 Cultists","floor":27,"turns":6},{"damage":59,"enemies":"Gremlin Leader","floor":29,"turns":14},{"damage":29,"enemies":"Sentry and Sphere","floor":30,"turns":7},{"damage":13,"enemies":"Book of Stabbing","floor":31,"turns":5},{"damage":102,"enemies":"Champ","floor":33,"turns":27},{"damage":28,"enemies":"Orb Walker","floor":35,"turns":6},{"damage":33,"enemies":"3 Shapes","floor":36,"turns":7},{"damage":24,"enemies":"Reptomancer","floor":40,"turns":7},{"damage":0,"enemies":"3 Darklings","floor":41,"turns":5},{"damage":10,"enemies":"Nemesis","floor":42,"turns":7},{"damage":0,"enemies":"Jaw Worm Horde","floor":45,"turns":3},{"damage":0,"enemies":"Reptomancer","floor":46,"turns":6},{"damage":0,"enemies":"Awakened One","floor":50,"turns":11}],"seed_played":"1266028442935352248","potions_obtained":[{"floor":1,"key":"Energy Potion"},{"floor":11,"key":"AttackPotion"},{"floor":13,"key":"ats:Emergency Sanity Potion"},{"floor":20,"key":"Swift Potion"},{"floor":24,"key":"LiquidMemories"},{"floor":29,"key":"GamblersBrew"},{"floor":31,"key":"SmokeBomb"},{"floor":40,"key":"Energy Potion"}],"is_trial":false,"path_per_floor":["M","?","M","?","M","E","?","$","T","R","M","E","M","M","R","B",null,"M","?","M","$","M","E","M","E","T","M","R","E","M","E","R","B",null,"M","M","?","$","$","E","M","E","T","R","M","E","$","?","R","B",null],"character_chosen":"DOCTOR_CLASS","items_purchased":["ats:Thorns","ats:Composite Medical Shells","Bronze Scales"],"campfire_rested":1,"item_purchase_floors":[8,39,47],"current_hp_per_floor":[69,51,50,43,57,14,14,14,14,35,28,55,60,72,72,72,72,62,62,72,72,72,64,86,72,72,33,33,86,82,86,86,56,86,83,79,79,79,79,86,86,86,86,86,86,86,86,86,86,86],"gold":74,"neow_bonus":"ONE_RANDOM_RARE_CARD","is_daily":false,"chose_seed":false,"campfire_upgraded":5,"win_rate":0.0,"timestamp":1609116316,"path_taken":["M","?","M","?","M","E","?","$","T","R","?","E","M","M","R","BOSS","M","?","?","$","M","E","M","E","T","M","R","E","M","E","R","BOSS","M","M","?","?","$","E","M","E","T","R","?","E","$","?","R","BOSS"],"items_purchased_type":["Card","Card","Relic"],"build_version":"2020-12-22","purchased_purges":5,"victory":true,"max_hp_per_floor":[72,72,72,72,72,72,72,72,72,72,72,72,72,72,72,72,72,72,72,72,72,72,86,86,86,86,86,86,86,86,86,86,86,86,86,86,86,86,86,86,86,86,86,86,86,86,86,86,86,86],"card_choices":[{"not_picked":["ats:Hook Shot","ats:Apocalypse"],"picked":"ats:Thorns","floor":1},{"not_picked":["ats:Childhood Dance","ats:Curse Doll","ats:Sword Rain"],"picked":"ats:Shell Defense","floor":3},{"not_picked":["ats:Childhood Dance","ats:Cat Scratch","ats:Revitalization"],"picked":"ats:Thorns","floor":5},{"not_picked":["ats:Curse Doll","ats:Rat Pack","ats:Soul Absorption","ats:Explosion Area Strengthen"],"picked":"SKIP","floor":6},{"not_picked":["ats:Mental Burst","ats:Spore Proliferation","ats:Assault Order","ats:Leaping Hammer"],"picked":"SKIP","floor":11},{"not_picked":["ats:Mental Burst","ats:Poison Spread","ats:Assault Order"],"picked":"ats:Calcification","floor":12},{"not_picked":["ats:Blood Oath","ats:Collapsing Strike","ats:Assault Order"],"picked":"ats:Revitalization","floor":13},{"not_picked":["ats:Hammer On","ats:Thermite Blade","ats:Assault Order"],"picked":"ats:Revitalization","floor":14},{"not_picked":["ats:Durian","ats:True Silver Slash","ats:Shadow Assault"],"picked":"ats:Calcification","floor":16},{"not_picked":["ats:Closed Bolt Burst Fire","ats:Guardian Obelisk","ats:Flame Of Heaven"],"picked":"ats:Revitalization","floor":18},{"not_picked":["ats:Consecutive Shot Auto","ats:Powerful Strike","ats:Cat Scratch"],"picked":"ats:Shell Defense","floor":20},{"not_picked":["ats:Automatic Cover","ats:Durian","ats:Explosion Area Strengthen"],"picked":"ats:Beaten Up","floor":22},{"not_picked":["ats:Ignite","ats:Echo Reverb","ats:Childhood Dance+1","ats:Automatic Cover"],"picked":"SKIP","floor":23},{"not_picked":["ats:LN2 Cannon","ats:Blood Oath","ats:Cat Scratch+1","ats:Directed Diagnosis+1"],"picked":"SKIP","floor":24},{"not_picked":["ats:Sunburst","ats:Guardian Obelisk","ats:Consecutive Shot Auto","ats:LN2 Cannon"],"picked":"SKIP","floor":25},{"not_picked":["ats:Flexible Camouflage","ats:Poison Spread","ats:Closed Bolt Burst Fire"],"picked":"ats:Hook Shot+1","floor":27},{"not_picked":["ats:Revitalization","ats:Consecutive Shot Auto","ats:Leaping Hammer"],"picked":"ats:Beaten Up","floor":29},{"not_picked":["ats:Consecutive Shot Auto","ats:Echo Reverb","ats:Healing Drone","ats:Shell Defense"],"picked":"SKIP","floor":30},{"not_picked":["ats:Burning Ground","ats:Counter Healing Mode","ats:Poison Spread"],"picked":"ats:Defend Order","floor":31},{"not_picked":["ats:Rat Pack","ats:True Silver Slash","ats:Dogmatic Field"],"picked":"ats:Calcification","floor":33},{"not_picked":["ats:Explosion Area Strengthen+1","ats:Red Shift+1","ats:Curse Doll","ats:Hammer On+1"],"picked":"SKIP","floor":35},{"not_picked":["ats:Very Hot Blade","ats:Explosion Area Strengthen+1","ats:Hammer On","ats:Cat Scratch+1"],"picked":"SKIP","floor":36},{"not_picked":["ats:Soul Rend","ats:Neurotoxin+1","ats:Ignite","ats:Rat Pack"],"picked":"SKIP","floor":40},{"not_picked":["ats:Explosion Area Strengthen","ats:Support Order+1","ats:Apocalypse","ats:Composite Medical Shells"],"picked":"SKIP","floor":41},{"not_picked":["ats:Automatic Cover","ats:Hammer On","ats:Childhood Dance"],"picked":"ats:Calcification","floor":42},{"not_picked":["ats:Hammer On","ats:Spore Proliferation+1","ats:Sword Rain","ats:Magnetic Hammer"],"picked":"SKIP","floor":45},{"not_picked":["ats:Assault Order","ats:Defend Order+1","ats:Consecutive Shot Auto+1","ats:Blood Oath+1"],"picked":"SKIP","floor":46}],"player_experience":252641,"relics_obtained":[{"floor":6,"key":"ats:Originium"},{"floor":6,"key":"Toy Ornithopter"},{"floor":9,"key":"Mercury Hourglass"},{"floor":12,"key":"ats:Originium"},{"floor":12,"key":"ats:Lavender"},{"floor":23,"key":"ats:Originium"},{"floor":23,"key":"Mango"},{"floor":23,"key":"Letter Opener"},{"floor":25,"key":"ats:Originium"},{"floor":25,"key":"Old Coin"},{"floor":25,"key":"Ginger"},{"floor":26,"key":"Dream Catcher"},{"floor":29,"key":"HornCleat"},{"floor":29,"key":"Mummified Hand"},{"floor":31,"key":"Bag of Preparation"},{"floor":31,"key":"Ancient Tea Set"},{"floor":40,"key":"Regal Pillow"},{"floor":40,"key":"Centennial Puzzle"},{"floor":42,"key":"Art of War"},{"floor":42,"key":"Orichalcum"},{"floor":43,"key":"Du-Vu Doll"},{"floor":46,"key":"Potion Belt"},{"floor":46,"key":"Gremlin Horn"}],"event_choices":[{"damage_healed":0,"gold_gain":0,"player_choice":"Success","damage_taken":18,"relics_obtained":["Question Card"],"max_hp_gain":0,"max_hp_loss":0,"event_name":"Scrap Ooze","floor":2,"gold_loss":0},{"cards_removed":["ats:Strike V"],"damage_healed":0,"gold_gain":0,"player_choice":"Card Removal","damage_taken":7,"max_hp_gain":0,"max_hp_loss":0,"event_name":"Golden Wing","floor":4,"gold_loss":0},{"damage_healed":0,"gold_gain":0,"player_choice":"Upgraded","damage_taken":0,"max_hp_gain":0,"max_hp_loss":0,"event_name":"Upgrade Shrine","floor":7,"gold_loss":0,"cards_upgraded":["ats:Emotion Absorption"]},{"damage_healed":0,"gold_gain":0,"player_choice":"Gave Potion","damage_taken":0,"relics_obtained":["Anchor"],"max_hp_gain":0,"max_hp_loss":0,"event_name":"WeMeetAgain","floor":19,"gold_loss":0},{"cards_removed":["ats:Defend"],"damage_healed":0,"gold_gain":0,"player_choice":"Purged","damage_taken":0,"max_hp_gain":0,"max_hp_loss":0,"event_name":"Purifier","floor":37,"gold_loss":0},{"cards_removed":["ats:Hook Shot"],"damage_healed":0,"gold_gain":0,"player_choice":"Removed Skill","damage_taken":0,"max_hp_gain":0,"max_hp_loss":0,"event_name":"Falling","floor":48,"gold_loss":0}],"is_beta":false,"boss_relics":[{"not_picked":["Velvet Choker","Pandora\u0027s Box"],"picked":"Black Star"},{"not_picked":["SacredBark","Calling Bell"],"picked":"SlaversCollar"}],"items_purged_floors":[8,21,38,39,47],"is_endless":false,"potions_floor_spawned":[1,11,13,20,24,29,31,40,41,42],"ascension_level":1}}