{"host":"tvwbxqry54t86y0v","time":1609194871,"event":{"mods":["2.2 Compatiblity","A Magickal Journey","Astrologer","BaseMod","Beaked The Cultist","BetterRewards","Block Reminder","Clockwork Mod","Colored Powertips","DeckTracker","Downfall","GungeonMod","Hermit","Hubris","Infinite Spire","Ironclad Rager","Marked Mod","Mimic Mod","Minty Spire (QoL Compilation)","Potionbrewer","Replay The Spire","Shade Mod","Somnambulant","StSLib","The Bug Knight","The Cursed","The Druid","The Elementalist","The Exalted","The Forsaken","The Hierophant","The Jungle","The Marked","The Mystic","The Problem Sleuth","The Runesmith","The Senshi","The Spell Scribe","The Valiant","The Wild Card","TheFirefly","TheHeartMod","Unceasing Turn Reminder","thorton"],"gold_per_floor":[110,130,130,147,188,188,221,221,221,271,304,90,124,149,149,252,252,271,271,0,19,19,54,94,113,113,113,151,151,178,204,204,305,305,318,337,287,327,346,371,371,398,435,466,484,484,501,551,551,551],"floor_reached":51,"playtime":2723,"items_purged":[],"score":934,"play_id":"e8361e10-7e41-4056-ae39-e35df6e74b95","local_time":"20201229093431","is_ascension_mode":true,"campfire_choices":[{"data":"DemoMod:Polaris","floor":6,"key":"SMITH"},{"floor":15,"key":"REST"},{"floor":27,"key":"REST"},{"floor":32,"key":"REST"},{"data":"DemoMod:HungryBullets","floor":41,"key":"SMITH"},{"data":"DemoMod:FullFirepower","floor":49,"key":"SMITH"}],"circlet_count":0,"master_deck":["DemoMod:Strike_Huntress","DemoMod:Strike_Huntress","DemoMod:Strike_Huntress","DemoMod:Defend_Huntress","DemoMod:Defend_Huntress","DemoMod:Defend_Huntress","DemoMod:Defend_Huntress","DemoMod:Roll","DemoMod:ManualReload","DemoMod:RustySidearm","DemoMod:CrossBow","DemoMod:StickyCrossBow","DemoMod:Polaris+1","DemoMod:Camera","DemoMod:AWP+1","DemoMod:HungryBullets+1","DemoMod:FinishedGun","DemoMod:ThirdPartyController","DemoMod:AWP+1","DemoMod:ShadowBullets","DemoMod:Unity","DemoMod:ShadowBullets","DemoMod:LifeOrb+1","DemoMod:HardPowerCard","DemoMod:BSG","DemoMod:TableSutra+1","DemoMod:PotionOfGunFriendShip+1","Parasite","DemoMod:ShadowBullets","DemoMod:FullFirepower+1","DemoMod:HardPowerCard","DemoMod:TripleGun"],"relics":["DemoMod:Dog","NeowsBlessing","Replay:Mystery Machine","Mirror","Huge Egg","Regal Pillow","Membership Card","DemoMod:GnawedKey","Mummified Hand","Ring of Chaos","theSenshi:FeatherClipsRelic","hubris:EmptyBottle","Mango","infinitespire:CheckeredPen","infinitespire:PuzzleCube","HollowMod:StagPassRelic","potionbrewer:Torch","Bromod:ArcaneGrace","Archangels Feather","DemoMod:GundromedaStrain","hubris:Metronome","Turnip","Kunai","infinitespire:Eraser","Calipers"],"acts_visited":["Exordium","TheCity","TheBeyond"],"potions_floor_usage":[5,5,16,16,16,30,33,43,45,47,50,50],"damage_taken":[{"damage":0,"enemies":"Cultist","floor":1,"turns":1},{"damage":0,"enemies":"2 Louse","floor":2,"turns":1},{"damage":0,"enemies":"Jaw Worm","floor":4,"turns":1},{"damage":10,"enemies":"Large Slime","floor":5,"turns":7},{"damage":0,"enemies":"Gremlin Nob","floor":7,"turns":2},{"damage":7,"enemies":"3 Sentries","floor":11,"turns":5},{"damage":10,"enemies":"Replay:BlueRogue","floor":13,"turns":5},{"damage":8,"enemies":"Lots of Slimes","floor":14,"turns":3},{"damage":42,"enemies":"Hexaghost","floor":16,"turns":7},{"damage":0,"enemies":"Spheric Guardian","floor":18,"turns":1},{"damage":11,"enemies":"Shell Parasite","floor":21,"turns":2},{"damage":34,"enemies":"HollowMod:Nosk","floor":23,"turns":5},{"damage":6,"enemies":"Centurion and Healer","floor":24,"turns":4},{"damage":12,"enemies":"Centurion and Healer","floor":25,"turns":3},{"damage":11,"enemies":"Cultist and Chosen","floor":28,"turns":5},{"damage":26,"enemies":"Gremlin Leader","floor":30,"turns":5},{"damage":18,"enemies":"Cultist and Chosen","floor":31,"turns":5},{"damage":10,"enemies":"Automaton","floor":33,"turns":6},{"damage":15,"enemies":"Orb Walker","floor":35,"turns":3},{"damage":31,"enemies":"3 Darklings","floor":36,"turns":6},{"damage":9,"enemies":"Writhing Mass","floor":38,"turns":8},{"damage":0,"enemies":"Writhing Mass","floor":39,"turns":4},{"damage":0,"enemies":"R_Hoarder","floor":40,"turns":5},{"damage":45,"enemies":"Reptomancer","floor":42,"turns":3},{"damage":7,"enemies":"Transient","floor":43,"turns":3},{"damage":13,"enemies":"Nemesis","floor":44,"turns":3},{"damage":2,"enemies":"Transient","floor":45,"turns":5},{"damage":0,"enemies":"Jaw Worm Horde","floor":47,"turns":2},{"damage":0,"enemies":"Mind Bloom Boss Battle","floor":48,"turns":4},{"damage":53,"enemies":"infinitespire:MassOfShapes","floor":50,"turns":9}],"seed_played":"-1945725881197371989","potions_obtained":[{"floor":2,"key":"potionbrewer:SplittingPotion"},{"floor":5,"key":"potionbrewer:FreezingPotion"},{"floor":11,"key":"potionbrewer:ToxicPotion"},{"floor":16,"key":"Languid Potion"},{"floor":25,"key":"SteroidPotion"},{"floor":39,"key":"potionbrewer:ToxicPotion"},{"floor":40,"key":"potionbrewer:DiscountPotion"},{"floor":44,"key":"potionbrewer:DiscountPotion"}],"is_trial":false,"path_per_floor":["M","M","$","M","M","R","E","?","T","?","E","$","E","M","R","B",null,"M","?","$","M","?","E","?","M","T","R","?","?","E","M","R","B",null,"M","M","?","?","M","E","R","E","MIM","E","M","?","M","?","R","B",null],"character_chosen":"HUNTRESS","items_purchased":["Membership Card","DemoMod:GnawedKey","theSenshi:FeatherClipsRelic","DemoMod:ShadowBullets","hubris:EmptyBottle","hexamod:EctoCoolerPotion"],"campfire_rested":3,"item_purchase_floors":[12,12,20,20,20,20],"current_hp_per_floor":[70,70,70,70,60,60,60,60,60,60,53,53,43,35,70,28,70,70,70,70,65,65,51,51,45,45,84,79,79,59,47,84,80,84,76,54,54,52,70,84,84,45,46,51,62,62,76,84,84,59],"gold":551,"neow_bonus":"THREE_ENEMY_KILL","is_daily":false,"chose_seed":false,"campfire_upgraded":3,"win_rate":0.0,"timestamp":1609194871,"path_taken":["M","?","$","M","M","R","E","?","T","?","E","$","E","M","R","BOSS","M","?","$","?","?","E","?","M","T","R","?","?","E","M","R","BOSS","M","M","?","?","M","E","R","E","MIM","E","?","?","?","?","R","BOSS"],"items_purchased_type":["Relic","Relic","Relic","Card","Relic","Potion"],"build_version":"2020-12-22","purchased_purges":0,"victory":true,"max_hp_per_floor":[70,70,70,70,70,70,70,70,70,70,70,70,70,70,70,70,70,70,70,70,70,70,84,84,84,84,84,84,84,84,84,84,84,84,84,84,84,84,84,84,84,84,84,84,84,84,84,84,84,84],"card_choices":[{"not_picked":["DemoMod:Replace","DemoMod:PracticeMakesPerfect"],"picked":"DemoMod:StickyCrossBow","floor":1},{"not_picked":["DemoMod:ConditionalReflex","DemoMod:SpreadAmmo"],"picked":"DemoMod:Polaris","floor":2},{"not_picked":["DemoMod:JK47","DemoMod:StrategicReserve"],"picked":"DemoMod:Camera","floor":4},{"not_picked":["DemoMod:RadGun","DemoMod:SpreadAmmo"],"picked":"DemoMod:AWP","floor":5},{"not_picked":["DemoMod:Polaris","DemoMod:AC15","DemoMod:SAA"],"picked":"SKIP","floor":7},{"not_picked":["DemoMod:DoubleSwitch","DemoMod:SniperShot"],"picked":"DemoMod:HungryBullets","floor":11},{"not_picked":["DemoMod:ConditionalReflex","DemoMod:JK47"],"picked":"DemoMod:FinishedGun","floor":13},{"not_picked":["DemoMod:AWP","DemoMod:GunstockTap","DemoMod:Replace"],"picked":"SKIP","floor":14},{"not_picked":["DemoMod:FightSabre","DemoMod:DarkMarker"],"picked":"DemoMod:ThirdPartyController","floor":16},{"not_picked":["DemoMod:DoubleSwitch+1","DemoMod:TeaPot"],"picked":"DemoMod:AWP","floor":18},{"not_picked":["DemoMod:TripleGun","DemoMod:ChanceBullets"],"picked":"DemoMod:Unity","floor":21},{"not_picked":["DemoMod:MachoBrace","DemoMod:HungryBullets"],"picked":"DemoMod:ShadowBullets","floor":23},{"not_picked":["DemoMod:FastSwitch","DemoMod:AWP+1"],"picked":"DemoMod:LifeOrb+1","floor":24},{"not_picked":["DemoMod:JK47","DemoMod:CombinedRifle","DemoMod:DirectionalPad"],"picked":"SKIP","floor":25},{"not_picked":["DemoMod:Rummage","DemoMod:FeignSurrender+1"],"picked":"DemoMod:HardPowerCard","floor":28},{"not_picked":["DemoMod:Desperate","DemoMod:SAA","DemoMod:BattleInHaste"],"picked":"SKIP","floor":30},{"not_picked":["DemoMod:TeaPot","DemoMod:EasyReloadBullets+1","DemoMod:BoxingGlove+1"],"picked":"SKIP","floor":31},{"not_picked":["DemoMod:BalloonGun","DemoMod:Eureka"],"picked":"DemoMod:BSG","floor":33},{"not_picked":["DemoMod:Replace","DemoMod:Unity"],"picked":"DemoMod:TableSutra+1","floor":35},{"not_picked":["DemoMod:Purify","DemoMod:HuntsMan+1"],"picked":"DemoMod:PotionOfGunFriendShip+1","floor":36},{"not_picked":["DemoMod:SAA","DemoMod:StickyCrossBow+1","DemoMod:MachoBrace+1"],"picked":"SKIP","floor":38},{"not_picked":["DemoMod:BulletBore","DemoMod:AC15"],"picked":"DemoMod:ShadowBullets","floor":39},{"not_picked":["DemoMod:ZorGun+1","DemoMod:MachoBrace+1","DemoMod:Unmoved+1"],"picked":"SKIP","floor":40},{"not_picked":["DemoMod:PracticeMakesPerfect+1","DemoMod:TeaPot"],"picked":"DemoMod:FullFirepower","floor":42},{"not_picked":["DemoMod:SpreadAmmo+1","DemoMod:HighKaliber+1"],"picked":"DemoMod:HardPowerCard","floor":43},{"not_picked":["DemoMod:BattleInHaste+1","DemoMod:SAA","DemoMod:HighKaliber"],"picked":"SKIP","floor":44},{"not_picked":["DemoMod:TeaPot+1","DemoMod:FastSwitch","DemoMod:AbyssalTentacle"],"picked":"SKIP","floor":45},{"not_picked":["DemoMod:MachoBrace+1","DemoMod:GunstockTap+1","DemoMod:JK47"],"picked":"SKIP","floor":47},{"not_picked":["DemoMod:SniperShot+1","DemoMod:StickyCrossBow+1"],"picked":"DemoMod:TripleGun","floor":48}],"player_experience":1080230,"relics_obtained":[{"floor":7,"key":"Replay:Mystery Machine"},{"floor":9,"key":"Mirror"},{"floor":11,"key":"Huge Egg"},{"floor":11,"key":"Regal Pillow"},{"floor":13,"key":"Mummified Hand"},{"floor":23,"key":"Mango"},{"floor":24,"key":"infinitespire:CheckeredPen"},{"floor":26,"key":"infinitespire:PuzzleCube"},{"floor":28,"key":"HollowMod:StagPassRelic"},{"floor":30,"key":"potionbrewer:Torch"},{"floor":38,"key":"Archangels Feather"},{"floor":40,"key":"DemoMod:GundromedaStrain"},{"floor":42,"key":"hubris:Metronome"},{"floor":43,"key":"Turnip"},{"floor":44,"key":"Kunai"},{"floor":46,"key":"infinitespire:Eraser"},{"floor":48,"key":"Calipers"}],"event_choices":[{"damage_healed":0,"gold_gain":0,"player_choice":"Upgraded","damage_taken":0,"max_hp_gain":0,"max_hp_loss":0,"event_name":"Upgrade Shrine","floor":19,"gold_loss":0,"cards_upgraded":["DemoMod:AWP"]},{"damage_healed":0,"gold_gain":0,"player_choice":"Ignored","damage_taken":0,"max_hp_gain":0,"max_hp_loss":0,"event_name":"N\u0027loth","floor":22,"gold_loss":0},{"damage_healed":0,"gold_gain":0,"player_choice":"Ignored","damage_taken":0,"max_hp_gain":0,"max_hp_loss":0,"event_name":"Vampires","floor":29,"gold_loss":0},{"damage_healed":0,"gold_gain":0,"player_choice":"Relic","damage_taken":0,"max_hp_gain":0,"max_hp_loss":0,"event_name":"Wheel of Change","floor":46,"gold_loss":0},{"damage_healed":0,"gold_gain":0,"player_choice":"Fight","damage_taken":0,"max_hp_gain":0,"max_hp_loss":0,"event_name":"MindBloom","floor":48,"gold_loss":0}],"is_beta":false,"boss_relics":[{"not_picked":["Runic Dome","Fusion Hammer"],"picked":"Ring of Chaos"},{"not_picked":["beaked:SacredDeck","DemoMod:Test1"],"picked":"Bromod:ArcaneGrace"}],"items_purged_floors":[],"is_endless":false,"potions_floor_spawned":[2,5,11,16,25,30,39,40,44,45],"ascension_level":1}}