{"host":"cyiefo55v5hz1ih5","time":1609178749,"event":{"mods":["2.2 Compatiblity","AchievementEnabler","Arknights The Spire","BaseMod","GifTheSpireLib","Hubris","Minty Spire (QoL Compilation)","Replay The Spire","Spicy Shops","StSLib"],"gold_per_floor":[118,118,118,118,140,164,164,164,164,185,211,241,38,60,60,173,173,199,199,225,225,267,312,312,312],"floor_reached":24,"playtime":1560,"items_purged":["ats:Strike S"],"score":208,"play_id":"9f8f109e-1d70-45ce-8dac-6ba5d4164556","local_time":"20201228130549","is_ascension_mode":false,"campfire_choices":[{"floor":15.0,"key":"REST"}],"circlet_count":0,"master_deck":["ats:Strike C","ats:Armor Crushing Shot","ats:Defend","ats:Defend","ats:Defend","ats:Defend","ats:Emotion Absorption","hubris:Greed","hubris:Greed","ats:Closed Bolt Burst Fire","ats:Defend Order","ats:Sword Rain","ats:Overload","ats:Ambush","ReplayTheSpireMod:Splinters","ats:Shell Defense+1","ats:Neurotoxin"],"relics":["ats:Sanity Plus","hubris:DisguiseKit","hubris:GlazedTorus","hubris:Icosahedron","Smiling Mask","Pantograph","hubris:CuriousFeather","ats:Originium","Vajra"],"acts_visited":["Exordium","TheCity"],"potions_floor_usage":[],"damage_taken":[{"damage":6.0,"enemies":"Jaw Worm","floor":1.0,"turns":3.0},{"damage":3.0,"enemies":"Small Slimes","floor":5.0,"turns":3.0},{"damage":0.0,"enemies":"2 Louse","floor":6.0,"turns":3.0},{"damage":42.0,"enemies":"Exordium Thugs","floor":10.0,"turns":7.0},{"damage":0.0,"enemies":"3 Louse","floor":11.0,"turns":1.0},{"damage":1.0,"enemies":"Exordium Wildlife","floor":12.0,"turns":6.0},{"damage":4.0,"enemies":"2 Fungi Beasts","floor":14.0,"turns":4.0},{"damage":8.0,"enemies":"Fading Forest","floor":16.0,"turns":11.0},{"damage":5.0,"enemies":"2 Thieves","floor":18.0,"turns":3.0},{"damage":11.0,"enemies":"3 Byrds","floor":20.0,"turns":6.0},{"damage":62.0,"enemies":"Slavers","floor":23.0,"turns":8.0},{"damage":25,"enemies":"Snake Plant","floor":24,"turns":3}],"seed_played":"-5517600258813275066","potions_obtained":[{"floor":5.0,"key":"Explosive Potion"},{"floor":11.0,"key":"Toxic Potion"},{"floor":16.0,"key":"SteroidPotion"},{"floor":18.0,"key":"Venom Potion"},{"floor":20.0,"key":"Block Potion"}],"is_trial":false,"path_per_floor":["M","?","?","?","M","M","?","?","T","M","M","M","$","M","R","B",null,"M","?","M","?","?","E","M"],"character_chosen":"DOCTOR_CLASS","items_purchased":["ats:Defend Order","ats:Sword Rain"],"campfire_rested":1,"item_purchase_floors":[13,13],"current_hp_per_floor":[71,71,59,59,56,56,56,56,56,14,14,13,13,9,32,59,77,72,72,61,47,47,17,0,0],"gold":312,"neow_bonus":"RANDOM_EVENT","is_daily":false,"chose_seed":false,"campfire_upgraded":0,"win_rate":0.0,"timestamp":1609178749,"path_taken":["M","?","?","?","M","M","?","?","T","M","?","M","$","M","R","BOSS","M","?","M","?","?","E","M"],"items_purchased_type":["Card","Card"],"build_version":"2020-12-22","purchased_purges":1,"victory":false,"max_hp_per_floor":[77,77,77,77,77,77,77,77,77,77,77,77,77,77,77,77,77,77,77,77,82,82,82,82,82],"card_choices":[{"not_picked":["ats:Poison Spread","ats:Flexible Camouflage","ats:Revitalization"],"picked":"SKIP","floor":1.0},{"not_picked":["ats:Assault Order","ats:Ignite","ats:Apocalypse","ReplayTheSpireMod:Stacked"],"picked":"SKIP","floor":5.0},{"not_picked":["ats:Hook Shot","ats:Poison Spread","ats:Powerful Strike","Warcry"],"picked":"SKIP","floor":6.0},{"not_picked":["ats:Cat Scratch","ats:Dogmatic Field","Run Through"],"picked":"ats:Closed Bolt Burst Fire","floor":10.0},{"not_picked":["ats:Very Hot Blade","ats:Support Order","ats:Revitalization","Run Through"],"picked":"SKIP","floor":11.0},{"not_picked":["ats:Revitalization","ats:Poison Spread","ats:Cat Scratch","Havoc"],"picked":"SKIP","floor":12.0},{"not_picked":["ats:Assault Order","ats:Explosion Area Strengthen","Sentinel"],"picked":"ats:Overload","floor":14.0},{"not_picked":["ats:Shadow Assault","ats:Volcano","Eclipse"],"picked":"ats:Ambush","floor":16.0},{"not_picked":["ats:Ignite","ats:Hammer On","ats:Curse Doll","Perfected Strike"],"picked":"SKIP","floor":18.0},{"not_picked":["ats:Sword Rain","ats:Cat Scratch+1","ats:Leaping Hammer+1","hubris:ReadiedAction"],"picked":"SKIP","floor":20.0},{"not_picked":["ats:Red Shift+1","ats:Counter Healing Mode","Perfected Strike"],"picked":"ats:Shell Defense+1","floor":22.0},{"not_picked":["ats:Sword Rain","ats:Hammer On","Wild Strike"],"picked":"ats:Neurotoxin","floor":23.0}],"player_experience":616405,"relics_obtained":[{"floor":9.0,"key":"Pantograph"},{"floor":22.0,"key":"hubris:CuriousFeather"},{"floor":23.0,"key":"ats:Originium"},{"floor":23.0,"key":"Vajra"}],"event_choices":[{"damage_healed":0.0,"max_hp_gain":5.0,"max_hp_loss":0.0,"gold_gain":0.0,"event_name":"Big Fish","player_choice":"Donut","floor":0.0,"gold_loss":0.0,"damage_taken":0.0},{"damage_healed":0.0,"max_hp_gain":0.0,"max_hp_loss":0.0,"gold_gain":0.0,"event_name":"Scrap Ooze","player_choice":"Success","floor":3.0,"gold_loss":0.0,"damage_taken":12.0,"relics_obtained":["hubris:GlazedTorus"]},{"damage_healed":0.0,"max_hp_gain":0.0,"max_hp_loss":0.0,"gold_gain":0.0,"event_name":"Dead Adventurer","player_choice":"Searched \u00271\u0027 times","floor":7.0,"gold_loss":0.0,"damage_taken":0.0,"relics_obtained":["Smiling Mask"]},{"cards_removed":["ats:Strike V"],"damage_healed":0.0,"max_hp_gain":0.0,"max_hp_loss":0.0,"gold_gain":0.0,"event_name":"Bonfire Elementals","player_choice":"Offered Basic","floor":8.0,"gold_loss":0.0,"damage_taken":0.0},{"cards_removed":["ats:Strike G"],"damage_healed":0.0,"max_hp_gain":0.0,"max_hp_loss":0.0,"gold_gain":0.0,"event_name":"Back to Basics","player_choice":"Elegance","floor":19.0,"gold_loss":0.0,"damage_taken":0.0},{"damage_healed":0.0,"max_hp_gain":5.0,"max_hp_loss":0.0,"gold_gain":0.0,"event_name":"Forgotten Altar","player_choice":"Shed Blood","floor":21.0,"gold_loss":0.0,"damage_taken":19.0}],"is_beta":false,"boss_relics":[{"not_picked":["Astrolabe","Replay:Grab Bag"],"picked":"ats:Sanity Plus"}],"items_purged_floors":[13],"is_endless":false,"potions_floor_spawned":[5,11,16,18,20],"killed_by":"Snake Plant","ascension_level":0}}