{"host":"1tl36azeqm6yhdgj","time":1609152073,"event":{"mods":["AchievementEnabler","BaseMod","Minty Spire (QoL Compilation)","StSLib","The IronCluck","everything is the same but u backflip on backflip"],"gold_per_floor":[117,128,53,68,84,84,119,135,135,135,1,1,20,20,20],"floor_reached":14,"playtime":415,"items_purged":[],"score":166,"play_id":"a39c023f-76bb-4b7e-be21-938c4cb03bcb","local_time":"20201228054113","is_ascension_mode":true,"campfire_choices":[{"data":"Body Slam","floor":6.0,"key":"SMITH"}],"circlet_count":0,"master_deck":["AscendersBane","Strike_R","Strike_R","Strike_R","Defend_R","Defend_R","Defend_R","Defend_R","Bash","Body Slam+1","Rampage","Shockwave","Thunderclap","Whirlwind","Fiend Fire","Injury","Dropkick","Limit Break"],"relics":["Burning Blood","NeowsBlessing","Lantern","Mummified Hand","Golden Idol"],"acts_visited":["Exordium"],"potions_floor_usage":[13,13,14],"damage_taken":[{"damage":0.0,"enemies":"Jaw Worm","floor":1.0,"turns":1.0},{"damage":0.0,"enemies":"2 Louse","floor":2.0,"turns":1.0},{"damage":0.0,"enemies":"Cultist","floor":4.0,"turns":1.0},{"damage":24.0,"enemies":"Exordium Thugs","floor":5.0,"turns":5.0},{"damage":41.0,"enemies":"3 Sentries","floor":7.0,"turns":11.0},{"damage":17.0,"enemies":"Blue Slaver","floor":8.0,"turns":4.0},{"damage":6,"enemies":"Exordium Wildlife","floor":13,"turns":2},{"damage":21,"enemies":"Lagavulin","floor":14,"turns":5}],"seed_played":"-7064093697874560396","potions_obtained":[{"floor":2.0,"key":"SpeedPotion"},{"floor":5.0,"key":"SteroidPotion"},{"floor":7.0,"key":"LiquidMemories"},{"floor":13,"key":"SkillPotion"}],"is_trial":false,"path_per_floor":["M","M","?","M","M","R","E","M","T","?","$","?","M","E"],"character_chosen":"IRONCLAD","items_purchased":["Dropkick","PowerPotion"],"campfire_rested":0,"item_purchase_floors":[11,11],"current_hp_per_floor":[74,75,75,75,57,57,22,11,11,11,11,11,11,0,0],"gold":20,"neow_bonus":"THREE_ENEMY_KILL","is_daily":false,"chose_seed":false,"campfire_upgraded":1,"win_rate":0.0,"timestamp":1609152073,"path_taken":["M","M","?","M","M","R","E","M","T","?","$","?","M","E"],"items_purchased_type":["Card","Potion"],"build_version":"2020-12-22","purchased_purges":0,"victory":false,"max_hp_per_floor":[75,75,75,75,75,75,75,75,75,75,75,75,75,75,75],"card_choices":[{"not_picked":["Clothesline","True Grit"],"picked":"Body Slam","floor":1.0},{"not_picked":["Sword Boomerang","Ghostly Armor"],"picked":"Rampage","floor":2.0},{"not_picked":["Iron Wave","Havoc"],"picked":"Shockwave","floor":4.0},{"not_picked":["Pommel Strike","Inflame"],"picked":"Thunderclap","floor":5.0},{"not_picked":["Warcry","Second Wind"],"picked":"Whirlwind","floor":7.0},{"not_picked":["Twin Strike","Shrug It Off"],"picked":"Fiend Fire","floor":8.0},{"not_picked":["Pommel Strike","Armaments","Shrug It Off"],"picked":"SKIP","floor":13}],"player_experience":1977011,"relics_obtained":[{"floor":7.0,"key":"Lantern"},{"floor":9.0,"key":"Mummified Hand"}],"event_choices":[{"cards_removed":["Strike_R"],"damage_healed":0.0,"max_hp_gain":0.0,"max_hp_loss":0.0,"gold_gain":0.0,"event_name":"The Cleric","player_choice":"Card Removal","floor":3.0,"gold_loss":75.0,"damage_taken":0.0},{"damage_healed":0.0,"max_hp_gain":0.0,"max_hp_loss":0.0,"gold_gain":0.0,"event_name":"Golden Idol","player_choice":"Take Wound","floor":10.0,"gold_loss":0.0,"damage_taken":0.0,"relics_obtained":["Golden Idol"],"cards_obtained":["Injury"]},{"damage_healed":0,"gold_gain":0,"cards_transformed":["Strike_R"],"player_choice":"Change","damage_taken":0,"max_hp_gain":0,"max_hp_loss":0,"event_name":"Living Wall","floor":12,"gold_loss":0,"cards_obtained":["Limit Break"]}],"is_beta":false,"boss_relics":[],"items_purged_floors":[],"is_endless":false,"potions_floor_spawned":[2,5,7,13],"killed_by":"Lagavulin","ascension_level":16}}