{"host":"baymyijz6sxaqj5s","time":1609152511,"event":{"mods":["AchievementEnabler","BaseMod","Colored Map","Colored Powertips","DeckTracker","Highlight Path","KOR Keyword Fix","Keyboard Shortcuts","Minty Spire (QoL Compilation)","Quick Restart","StSLib","SuperFastMode"],"gold_per_floor":[116,191,191,203,120,120,133,133,133,143,143,178,190,204,204,303,303,321,332,351,351,351],"floor_reached":21,"playtime":1009,"items_purged":[],"score":183,"play_id":"25364c6a-d2d2-44ad-8e77-eafe84bb18b3","local_time":"20201228194831","is_ascension_mode":false,"campfire_choices":[{"data":"Doom and Gloom","floor":6,"key":"SMITH"},{"data":"Leap","floor":8,"key":"SMITH"},{"floor":15,"key":"REST"}],"circlet_count":0,"master_deck":["Strike_B","Strike_B","Strike_B","Strike_B","Defend_B","Defend_B","Defend_B","Defend_B","Zap","Dualcast","Compile Driver","Stack","Doom and Gloom+1","Leap+1","Storm","Redo","Cold Snap","Lockon"],"relics":["FrozenCore","Pantograph","Calipers","Art of War","Vajra"],"acts_visited":["Exordium","TheCity"],"potions_floor_usage":[10,10,16,16,20],"damage_taken":[{"damage":0,"enemies":"2 Louse","floor":1,"turns":2},{"damage":3,"enemies":"Jaw Worm","floor":4,"turns":3},{"damage":0,"enemies":"Cultist","floor":7,"turns":3},{"damage":14,"enemies":"Exordium Thugs","floor":10,"turns":4},{"damage":7,"enemies":"3 Sentries","floor":12,"turns":4},{"damage":0,"enemies":"2 Fungi Beasts","floor":13,"turns":3},{"damage":6,"enemies":"Large Slime","floor":14,"turns":5},{"damage":68,"enemies":"The Guardian","floor":16,"turns":10},{"damage":7,"enemies":"Chosen","floor":18,"turns":7},{"damage":8,"enemies":"Shell Parasite","floor":19,"turns":14},{"damage":44,"enemies":"Centurion and Healer","floor":20,"turns":13},{"damage":24,"enemies":"Snake Plant","floor":21,"turns":5}],"seed_played":"-5173619018507997866","potions_obtained":[{"floor":4,"key":"Swift Potion"},{"floor":7,"key":"Energy Potion"},{"floor":12,"key":"PotionOfCapacity"},{"floor":14,"key":"AttackPotion"},{"floor":19,"key":"BlessingOfTheForge"},{"floor":20,"key":"Fire Potion"}],"is_trial":false,"path_per_floor":["M","?","?","M","$","R","M","R","T","M","T","E","M","M","R","B",null,"M","M","M","M"],"character_chosen":"DEFECT","items_purchased":["Doom and Gloom","Leap"],"campfire_rested":1,"item_purchase_floors":[5,5],"current_hp_per_floor":[82,71,71,68,68,68,68,68,68,54,54,47,47,41,65,14,82,75,67,23,0,0],"gold":351,"neow_bonus":"TEN_PERCENT_HP_BONUS","is_daily":false,"chose_seed":false,"campfire_upgraded":2,"win_rate":0.0,"timestamp":1609152511,"path_taken":["M","?","?","?","$","R","M","R","T","M","?","E","M","M","R","BOSS","M","M","M","M"],"items_purchased_type":["Card","Card"],"build_version":"2020-12-22","purchased_purges":0,"victory":false,"max_hp_per_floor":[82,82,82,82,82,82,82,82,82,82,82,82,82,82,82,82,82,82,82,82,82,82],"card_choices":[{"not_picked":["Sweeping Beam","Rip and Tear"],"picked":"Compile Driver","floor":1},{"not_picked":["Storm","Darkness"],"picked":"Stack","floor":4},{"not_picked":["Undo","Doom and Gloom"],"picked":"Storm","floor":7},{"not_picked":["Aggregate","Heatsinks","Loop"],"picked":"SKIP","floor":10},{"not_picked":["Seek","Steam"],"picked":"Redo","floor":12},{"not_picked":["Rebound","Reprogram"],"picked":"Cold Snap","floor":13},{"not_picked":["Compile Driver","Streamline","Cold Snap"],"picked":"SKIP","floor":14},{"not_picked":["Aggregate+1","Streamline","Turbo"],"picked":"SKIP","floor":18},{"not_picked":["Stack","Compile Driver","Turbo+1"],"picked":"SKIP","floor":19},{"not_picked":["Go for the Eyes+1","Sunder"],"picked":"Lockon","floor":20}],"player_experience":275223,"relics_obtained":[{"floor":3,"key":"Pantograph"},{"floor":9,"key":"Calipers"},{"floor":11,"key":"Art of War"},{"floor":12,"key":"Vajra"}],"event_choices":[{"damage_healed":0,"gold_gain":75,"player_choice":"Gather Gold","damage_taken":11,"max_hp_gain":0,"max_hp_loss":0,"event_name":"World of Goop","floor":2,"gold_loss":0},{"damage_healed":0,"gold_gain":0,"player_choice":"Relic","damage_taken":0,"max_hp_gain":0,"max_hp_loss":0,"event_name":"Wheel of Change","floor":3,"gold_loss":0}],"is_beta":false,"boss_relics":[{"not_picked":["Inserter","Velvet Choker"],"picked":"FrozenCore"}],"items_purged_floors":[],"is_endless":false,"potions_floor_spawned":[4,7,12,14,19,20],"killed_by":"Snake Plant","ascension_level":0}}