{"host":"yer03dsd277nstsn","time":1609149948,"event":{"mods":["BaseMod","Colored Powertips","Minty Spire (QoL Compilation)"],"gold_per_floor":[113,124,49,66,80,107,107,107,107,7,7,20,38,58,58,135,135,152,27,37,57,57,57,57],"floor_reached":23,"playtime":2513,"items_purged":["Strike_R","Strike_B","Defend_P"],"score":390,"play_id":"92a4d545-885d-4fd0-baff-85ae2902cc75","local_time":"20201228040548","daily_mods":["SealedDeck","Chimera","Vintage","Diverse","Colorless Cards","Heirloom","Flight","Elite Swarm"],"is_ascension_mode":true,"campfire_choices":[{"floor":7,"key":"REST"},{"data":"Phantasmal Killer","floor":11,"key":"SMITH"},{"floor":15,"key":"REST"}],"circlet_count":0,"master_deck":["AscendersBane","Bash","Survivor","Zap","Eruption","Defend_R","Defend_G","Prepared","BowlingBash","Chaos","Headbutt","Leap","Dagger Throw","Clothesline","Shrug It Off","Rebound","Conserve Battery","Phantasmal Killer+1","Seek","Decay"],"relics":["Cracked Core","Ginger","Frozen Egg 2","Blue Candle","InkBottle","Unceasing Top","Orichalcum","Happy Flower","Incense Burner","Cables","Toy Ornithopter","DataDisk","Oddly Smooth Stone"],"acts_visited":["Exordium","TheCity"],"potions_floor_usage":[16],"damage_taken":[{"damage":6,"enemies":"Jaw Worm","floor":1,"turns":4},{"damage":0,"enemies":"2 Louse","floor":2,"turns":3},{"damage":6,"enemies":"Cultist","floor":4,"turns":3},{"damage":1,"enemies":"Blue Slaver","floor":5,"turns":3},{"damage":40,"enemies":"Lagavulin","floor":6,"turns":7},{"damage":0,"enemies":"2 Fungi Beasts","floor":12,"turns":3},{"damage":2,"enemies":"Exordium Wildlife","floor":13,"turns":4},{"damage":0,"enemies":"Blue Slaver","floor":14,"turns":2},{"damage":15,"enemies":"Slime Boss","floor":16,"turns":8},{"damage":0,"enemies":"Spheric Guardian","floor":18,"turns":3},{"damage":22,"enemies":"Shell Parasite","floor":20,"turns":6},{"damage":20,"enemies":"Snake Plant","floor":21,"turns":3},{"damage":23,"enemies":"Book of Stabbing","floor":23,"turns":4}],"seed_played":"-5088877431591984703","potions_obtained":[{"floor":2,"key":"EssenceOfDarkness"},{"floor":5,"key":"Ancient Potion"},{"floor":14,"key":"SneckoOil"},{"floor":21,"key":"FearPotion"}],"is_trial":true,"path_per_floor":["M","M","$","M","M","E","R","?","T","$","R","M","M","M","R","B",null,"M","$","M","M","?","E"],"character_chosen":"DEFECT","items_purchased":[],"campfire_rested":2,"item_purchase_floors":[],"current_hp_per_floor":[58,58,58,52,51,11,32,32,32,32,32,32,30,30,51,36,62,62,62,40,20,20,0,0],"gold":57,"neow_bonus":"","is_daily":false,"chose_seed":false,"campfire_upgraded":1,"win_rate":0.0,"timestamp":1609149948,"path_taken":["M","M","$","M","M","E","R","?","T","$","R","M","M","M","R","BOSS","M","$","M","M","?","E"],"items_purchased_type":[],"build_version":"2020-12-22","purchased_purges":3,"victory":false,"max_hp_per_floor":[71,71,71,71,71,71,71,71,71,71,71,71,71,71,71,71,71,71,71,71,71,71,71,71],"card_choices":[{"not_picked":["Unload","Core Surge"],"picked":"Phantasmal Killer","floor":6},{"not_picked":["Demon Form+1","Reaper"],"picked":"Seek","floor":16}],"player_experience":381503,"relics_obtained":[{"floor":1,"key":"Frozen Egg 2"},{"floor":2,"key":"Blue Candle"},{"floor":4,"key":"InkBottle"},{"floor":5,"key":"Unceasing Top"},{"floor":6,"key":"Orichalcum"},{"floor":12,"key":"Happy Flower"},{"floor":13,"key":"Incense Burner"},{"floor":14,"key":"Cables"},{"floor":18,"key":"Toy Ornithopter"},{"floor":20,"key":"DataDisk"},{"floor":21,"key":"Oddly Smooth Stone"}],"event_choices":[{"cards_removed":["Strike_G"],"damage_healed":0,"gold_gain":0,"player_choice":"Forget","damage_taken":0,"max_hp_gain":0,"max_hp_loss":0,"event_name":"Living Wall","floor":8,"gold_loss":0},{"damage_healed":0,"gold_gain":0,"player_choice":"Smashed Altar","damage_taken":0,"max_hp_gain":0,"max_hp_loss":0,"event_name":"Forgotten Altar","floor":22,"gold_loss":0,"cards_obtained":["Decay"]}],"is_beta":false,"boss_relics":[{"not_picked":["Cursed Key","Calling Bell","Snecko Eye"]}],"items_purged_floors":[3,10,19],"is_endless":true,"potions_floor_spawned":[2,5,12,13,14,21],"killed_by":"Book of Stabbing","ascension_level":20}}