{"host":"gsgpu9obojnqwpp0","time":1609138353,"event":{"mods":["AchievementEnabler","BaseMod","Block Reminder","DeckTracker","Minty Spire (QoL Compilation)","Permanent Neow"],"gold_per_floor":[113,113,113,130,130,159,10,30,30,40,40,5,30,43,43,43,43],"floor_reached":16,"playtime":835,"items_purged":["Strike_G"],"score":121,"play_id":"3d0df9a0-c188-439c-9114-60f821ece979","local_time":"20201228015233","is_ascension_mode":true,"campfire_choices":[{"floor":11,"key":"REST"},{"floor":15,"key":"REST"}],"circlet_count":0,"master_deck":["Strike_G","Strike_G","Strike_G","Defend_G","Defend_G","Defend_G","Defend_G","Defend_G","Survivor","Neutralize","Cloak And Dagger","Leg Sweep","Night Terror","Endless Agony","Well Laid Plans"],"relics":["WristBlade","Blue Candle","Gremlin Horn","Lizard Tail"],"acts_visited":["Exordium"],"potions_floor_usage":[],"damage_taken":[{"damage":4,"enemies":"Jaw Worm","floor":1,"turns":5},{"damage":1,"enemies":"Small Slimes","floor":4,"turns":4},{"damage":16,"enemies":"3 Sentries","floor":6,"turns":15},{"damage":0,"enemies":"Cultist","floor":8,"turns":3},{"damage":4,"enemies":"3 Louse","floor":10,"turns":3},{"damage":31,"enemies":"Gremlin Nob","floor":13,"turns":6},{"damage":24,"enemies":"Gremlin Gang","floor":14,"turns":7},{"damage":11,"enemies":"Slime Boss","floor":16,"turns":8}],"seed_played":"5258641779096918296","potions_obtained":[{"floor":4,"key":"FearPotion"},{"floor":13,"key":"Swift Potion"}],"is_trial":false,"path_per_floor":["M","?","?","M","?","E","$","M","T","M","R","$","E","M","R","B"],"character_chosen":"THE_SILENT","items_purchased":["Endless Agony","Well Laid Plans"],"campfire_rested":2,"item_purchase_floors":[7,12],"current_hp_per_floor":[66,59,64,63,56,40,40,40,40,36,58,58,27,3,25,14,14],"gold":43,"neow_bonus":"BOSS_RELIC","is_daily":false,"chose_seed":false,"campfire_upgraded":0,"win_rate":0.0,"timestamp":1609138353,"path_taken":["M","?","?","M","?","E","$","M","T","M","R","$","E","M","R","BOSS"],"items_purchased_type":["Card","Card"],"build_version":"2020-12-22","purchased_purges":1,"victory":false,"max_hp_per_floor":[70,70,75,75,75,75,75,75,75,75,75,75,75,75,75,75,75],"card_choices":[{"not_picked":["Bane","Deadly Poison"],"picked":"Cloak And Dagger","floor":1},{"not_picked":["PiercingWail","Predator"],"picked":"Leg Sweep","floor":4},{"not_picked":["Prepared","Flying Knee"],"picked":"Night Terror","floor":6},{"not_picked":["Dodge and Roll","PiercingWail","Quick Slash"],"picked":"SKIP","floor":8},{"not_picked":["Underhanded Strike","Distraction","Crippling Poison"],"picked":"SKIP","floor":10},{"not_picked":["Sucker Punch","Dodge and Roll","Poisoned Stab"],"picked":"SKIP","floor":13},{"not_picked":["Skewer","Bane","Acrobatics"],"picked":"SKIP","floor":14}],"player_experience":239791,"relics_obtained":[{"floor":6,"key":"Blue Candle"},{"floor":9,"key":"Gremlin Horn"},{"floor":13,"key":"Lizard Tail"}],"event_choices":[{"cards_removed":["Strike_G"],"damage_healed":0,"gold_gain":0,"player_choice":"Card Removal","damage_taken":7,"max_hp_gain":0,"max_hp_loss":0,"event_name":"Golden Wing","floor":2,"gold_loss":0},{"damage_healed":0,"gold_gain":0,"player_choice":"Donut","damage_taken":0,"max_hp_gain":5,"max_hp_loss":0,"event_name":"Big Fish","floor":3,"gold_loss":0},{"damage_healed":0,"gold_gain":0,"player_choice":"Damaged","damage_taken":7,"max_hp_gain":0,"max_hp_loss":0,"event_name":"Wheel of Change","floor":5,"gold_loss":0}],"is_beta":false,"boss_relics":[],"items_purged_floors":[7],"is_endless":false,"potions_floor_spawned":[4,13],"killed_by":"Slime Boss","ascension_level":2}}