{"host":"Shugu","time":1609152720,"event":{"mods":["BaseMod","Colored Powertips","Minty Spire (QoL Compilation)","Waifu the Spire"],"gold_per_floor":[117,127,127,52,75,75,88,123,123,103,128,128,152,166,166,290,290,303,303,328,348,348,348,386,386,386,286,302,302,53,71,71,199,199,212,212,228,228,228,228,268,143,170,213,63,107,107,123,123,123],"floor_reached":51,"playtime":2328,"items_purged":["Strike_R","Strike_R","Defend_R","Bash"],"score":1128,"play_id":"59d354aa-1dda-487b-b11e-a08947aac652","local_time":"20201228185200","is_ascension_mode":true,"campfire_choices":[{"data":"Spot Weakness","floor":6.0,"key":"SMITH"},{"floor":12.0,"key":"REST"},{"data":"Limit Break","floor":15.0,"key":"SMITH"},{"data":"Limit Break","floor":23.0,"key":"SMITH"},{"data":"Heavy Blade","floor":25.0,"key":"SMITH"},{"data":"Seeing Red","floor":29.0,"key":"SMITH"},{"floor":32.0,"key":"REST"},{"data":"Flex","floor":40.0,"key":"SMITH"},{"data":"Flex","floor":47.0,"key":"SMITH"},{"floor":49.0,"key":"REST"}],"circlet_count":0,"master_deck":["Strike_R","Strike_R+1","Defend_R","Defend_R","Defend_R","Spot Weakness+1","Shrug It Off","Heavy Blade+1","Spot Weakness","Limit Break+1","Limit Break+1","Flex+1","Flex+1","Heavy Blade+1","Seeing Red+1","Shrug It Off","Impatience","Thunderclap+1","Sword Boomerang+1"],"relics":["Burning Blood","Golden Idol","Whetstone","Ornamental Fan","SlaversCollar","Incense Burner","HornCleat","Black Star","Eternal Feather","Vajra","Oddly Smooth Stone","Bag of Marbles","Art of War","Strawberry","Potion Belt","CeramicFish"],"acts_visited":["Exordium","TheCity","TheBeyond"],"potions_floor_usage":[50],"damage_taken":[{"damage":4.0,"enemies":"2 Louse","floor":1.0,"turns":4.0},{"damage":4.0,"enemies":"Jaw Worm","floor":2.0,"turns":4.0},{"damage":1.0,"enemies":"Cultist","floor":5.0,"turns":3.0},{"damage":14.0,"enemies":"Large Slime","floor":7.0,"turns":6.0},{"damage":43.0,"enemies":"3 Sentries","floor":8.0,"turns":13.0},{"damage":22.0,"enemies":"Gremlin Gang","floor":11.0,"turns":5.0},{"damage":8.0,"enemies":"Blue Slaver","floor":13.0,"turns":3.0},{"damage":7.0,"enemies":"Exordium Thugs","floor":14.0,"turns":4.0},{"damage":35.0,"enemies":"The Guardian","floor":16.0,"turns":7.0},{"damage":33.0,"enemies":"2 Thieves","floor":18.0,"turns":4.0},{"damage":24.0,"enemies":"3 Byrds","floor":20.0,"turns":5.0},{"damage":0.0,"enemies":"Snake Plant","floor":21.0,"turns":2.0},{"damage":43.0,"enemies":"Slavers","floor":24.0,"turns":4.0},{"damage":18.0,"enemies":"Centurion and Healer","floor":28.0,"turns":5.0},{"damage":32.0,"enemies":"Sentry and Sphere","floor":31.0,"turns":5.0},{"damage":0.0,"enemies":"Champ","floor":33.0,"turns":6.0},{"damage":22.0,"enemies":"3 Shapes","floor":35.0,"turns":5.0},{"damage":29.0,"enemies":"3 Darklings","floor":37.0,"turns":5.0},{"damage":4.0,"enemies":"Reptomancer","floor":41.0,"turns":2.0},{"damage":47.0,"enemies":"Nemesis","floor":44.0,"turns":5.0},{"damage":3.0,"enemies":"Giant Head","floor":46.0,"turns":5.0},{"damage":12.0,"enemies":"Jaw Worm Horde","floor":48.0,"turns":3.0},{"damage":46,"enemies":"Donu and Deca","floor":50,"turns":5}],"seed_played":"5326099113733987727","potions_obtained":[{"floor":1.0,"key":"FairyPotion"},{"floor":8.0,"key":"Dexterity Potion"},{"floor":10.0,"key":"FearPotion"},{"floor":13.0,"key":"SneckoOil"},{"floor":16.0,"key":"Block Potion"},{"floor":18.0,"key":"Fire Potion"},{"floor":28.0,"key":"ColorlessPotion"},{"floor":37.0,"key":"DistilledChaos"},{"floor":44.0,"key":"FearPotion"},{"floor":46.0,"key":"ElixirPotion"}],"is_trial":false,"path_per_floor":["M","M","?","$","M","R","M","E","T","?","M","R","M","M","R","B",null,"M","?","M","M","?","R","E","R","T","$","M","R","$","M","R","B",null,"M","?","M","?","T","R","E","$","T","E","$","E","R","M","R","B",null],"character_chosen":"IRONCLAD","items_purchased":["HornCleat"],"campfire_rested":3,"item_purchase_floors":[30],"current_hp_per_floor":[74,76,56,56,61,61,53,16,16,16,30,54,52,51,51,22,66,39,39,21,27,90,90,53,53,53,53,41,41,41,15,42,48,80,64,64,41,41,41,50,52,52,52,18,18,21,30,24,62,22],"gold":123,"neow_bonus":"REMOVE_CARD","is_daily":false,"chose_seed":false,"campfire_upgraded":7,"win_rate":0.0,"timestamp":1609152720,"path_taken":["M","M","?","$","M","R","M","E","T","?","M","R","M","?","R","BOSS","M","?","?","M","?","R","E","R","T","?","?","R","$","M","R","BOSS","M","?","M","?","?","R","E","?","T","E","$","E","R","?","R","BOSS"],"items_purchased_type":["Relic"],"build_version":"2020-12-18","purchased_purges":4,"victory":true,"max_hp_per_floor":[80,80,80,80,80,80,80,80,80,80,80,80,80,80,80,80,80,80,80,80,80,90,90,90,90,90,90,90,90,90,90,90,90,90,90,90,90,90,90,90,90,90,90,97,97,97,97,97,97,97],"card_choices":[{"not_picked":["Entrench","Shrug It Off"],"picked":"Spot Weakness","floor":1.0},{"not_picked":["Dual Wield","Feel No Pain","Twin Strike"],"picked":"SKIP","floor":2.0},{"not_picked":["Warcry","Blood for Blood","True Grit"],"picked":"SKIP","floor":5.0},{"not_picked":["Pommel Strike","Battle Trance"],"picked":"Shrug It Off","floor":7.0},{"not_picked":["Pummel","Carnage"],"picked":"Heavy Blade","floor":8.0},{"not_picked":["Clash","Rampage"],"picked":"Spot Weakness","floor":11.0},{"not_picked":["Infernal Blade","Intimidate","Warcry"],"picked":"SKIP","floor":13.0},{"not_picked":["Spot Weakness","Thunderclap"],"picked":"Limit Break","floor":14.0},{"not_picked":["Reaper","Immolate"],"picked":"Limit Break","floor":16.0},{"not_picked":["Reckless Charge","Thunderclap"],"picked":"Flex","floor":18.0},{"not_picked":["Blood for Blood","Pommel Strike"],"picked":"Flex","floor":20.0},{"not_picked":["Headbutt+1","Dual Wield"],"picked":"Heavy Blade","floor":21.0},{"not_picked":["True Grit+1","Havoc+1","Twin Strike+1"],"picked":"SKIP","floor":24.0},{"not_picked":["Second Wind","Pommel Strike"],"picked":"Seeing Red","floor":28.0},{"not_picked":["Blood for Blood+1","Body Slam","Headbutt"],"picked":"SKIP","floor":31.0},{"not_picked":["Disarm","Warcry"],"picked":"Shrug It Off","floor":35.0},{"not_picked":["Clothesline+1","Anger+1","Bloodletting"],"picked":"SKIP","floor":37.0},{"not_picked":["Dramatic Entrance","Panacea"],"picked":"Impatience","floor":38.0},{"not_picked":["Armaments","Twin Strike+1"],"picked":"Thunderclap+1","floor":41.0},{"not_picked":["Clash","Hemokinesis","Impervious"],"picked":"SKIP","floor":44.0},{"not_picked":["True Grit","Armaments+1"],"picked":"Sword Boomerang+1","floor":46.0},{"not_picked":["Sever Soul","Anger+1","Perfected Strike"],"picked":"SKIP","floor":48.0}],"player_experience":359672,"relics_obtained":[{"floor":8.0,"key":"Whetstone"},{"floor":9.0,"key":"Ornamental Fan"},{"floor":24.0,"key":"Incense Burner"},{"floor":39.0,"key":"Eternal Feather"},{"floor":41.0,"key":"Vajra"},{"floor":41.0,"key":"Oddly Smooth Stone"},{"floor":43.0,"key":"Bag of Marbles"},{"floor":44.0,"key":"Art of War"},{"floor":44.0,"key":"Strawberry"},{"floor":46.0,"key":"Potion Belt"},{"floor":46.0,"key":"CeramicFish"}],"event_choices":[{"damage_healed":0.0,"max_hp_gain":0.0,"max_hp_loss":0.0,"gold_gain":0.0,"event_name":"Golden Idol","player_choice":"Take Damage","floor":3.0,"gold_loss":0.0,"damage_taken":20.0,"relics_obtained":["Golden Idol"]},{"damage_healed":0.0,"max_hp_gain":0.0,"max_hp_loss":0.0,"gold_gain":0.0,"event_name":"The Woman in Blue","player_choice":"Bought 1 Potion","floor":10.0,"gold_loss":0.0,"damage_taken":0.0},{"damage_healed":0.0,"max_hp_gain":0.0,"max_hp_loss":0.0,"gold_gain":0.0,"event_name":"Match and Keep!","player_choice":"1 cards matched","floor":19.0,"gold_loss":0.0,"damage_taken":0.0,"cards_obtained":["Feed"]},{"cards_removed":["Feed"],"damage_healed":53.0,"max_hp_gain":10.0,"max_hp_loss":0.0,"gold_gain":0.0,"event_name":"Bonfire Elementals","player_choice":"Offered Rare","floor":22.0,"gold_loss":0.0,"damage_taken":0.0},{"damage_healed":0.0,"max_hp_gain":0.0,"max_hp_loss":0.0,"gold_gain":0.0,"event_name":"Tomb of Lord Red Mask","player_choice":"Ignored","floor":36.0,"gold_loss":0.0,"damage_taken":0.0},{"damage_healed":0.0,"max_hp_gain":0.0,"max_hp_loss":0.0,"gold_gain":0.0,"event_name":"SensoryStone","player_choice":"Memory 1","floor":38.0,"gold_loss":0.0,"damage_taken":0.0}],"is_beta":true,"boss_relics":[{"not_picked":["Runic Dome","Runic Cube"],"picked":"SlaversCollar"},{"not_picked":["Philosopher\u0027s Stone","Pandora\u0027s Box"],"picked":"Black Star"}],"items_purged_floors":[4,27,42,45],"is_endless":false,"potions_floor_spawned":[1,8,13,14,16,18,28,37,44,46],"ascension_level":7}}