{"host":"zm2copjc1o2b6hjv","time":1609119186,"event":{"mods":["AchievementEnabler","BaseMod","BetterRewards","Conspire","Downfall","Friendly Minions","Infinite Spire","Minty Spire (QoL Compilation)","Replay The Spire","StSLib"],"gold_per_floor":[116,126,126,146,146,180,180,95,146,146,181,181,197,215,215,346,346,367,367,391,411,411,411,411,411,411,425,425,465,483,127,127,253,253,278,7,7,7,20,20,37,83,83,83,83],"floor_reached":44,"playtime":3399,"items_purged":["Strike_B","Injury","Overencumbered","ReplayTheSpireMod:Restless Dread"],"score":820,"play_id":"ad308597-9759-4705-a1b6-086f009ddec0","local_time":"20201227203305","is_ascension_mode":true,"campfire_choices":[{"data":"Consume","floor":7,"key":"SMITH"},{"data":"Dualcast","floor":15,"key":"SMITH"},{"floor":23,"key":"REST"},{"data":"Crystallizer","floor":25,"key":"SMITH"},{"floor":32,"key":"RECALL"},{"data":"Fission","floor":40,"key":"SMITH"},{"data":"Storm","floor":40,"key":"SMITH"}],"circlet_count":0,"master_deck":["Strike_B","Strike_B","Defend_B+1","Defend_B","Defend_B","Dualcast+1","Ball Lightning","Consume+1","White Noise","Conserve Battery+1","Glacier+1","Glacier","expansioncontent:HyperBeam","Seek","Crystallizer+1","Creative AI","BootSequence","BasicCrystalCard+1","Chill","Storm+1","Chill","ReplayRNGCard","FTL","Hallucinations","Loop","Time Bomb","White Noise","Fission+1","ReplayTheSpireMod:System Scan","Self Repair+1","Electrodynamics+1","Darkness+1","Panic Button+1","Static Discharge+1","Blizzard+1","Shame"],"relics":["Cracked Core","Vajra","DataDisk","Pet Ghost","War Paint","Golden Idol","Prayer Wheel","Replay:Grab Bag","Cursed Key","Painkiller Herb","Inserter","Nuclear Battery","Lantern","Bronze Scales","Boot","Replay:Arrowhead","Frozen Egg 2","ReplayTheSpireMod:CursedCoin","Dream Catcher","conspire:SpecialSausage","infinitespire:EvilPickle","Dead Branch","Golden Egg"],"acts_visited":["Exordium","TheCity","TheBeyond"],"potions_floor_usage":[2,11,13,16,21,33,35,42],"damage_taken":[{"damage":0,"enemies":"Cultist","floor":1,"turns":2},{"damage":5,"enemies":"infinitespire:Voidling","floor":2,"turns":3},{"damage":5,"enemies":"2 Louse","floor":4,"turns":3},{"damage":0,"enemies":"Replay:BlueRogue","floor":6,"turns":12},{"damage":0,"enemies":"Gremlin Nob","floor":11,"turns":4},{"damage":0,"enemies":"Exordium Wildlife","floor":13,"turns":3},{"damage":0,"enemies":"Large Slime","floor":14,"turns":6},{"damage":8,"enemies":"The Guardian","floor":16,"turns":16},{"damage":0,"enemies":"Chosen","floor":18,"turns":5},{"damage":0,"enemies":"Shell Parasite","floor":20,"turns":6},{"damage":21,"enemies":"Snake Plant","floor":21,"turns":3},{"damage":0,"enemies":"Chosen and Byrds","floor":27,"turns":6},{"damage":0,"enemies":"conspire:Head Lice","floor":29,"turns":8},{"damage":6,"enemies":"Centurion and Healer","floor":30,"turns":7},{"damage":12,"enemies":"Pondfish","floor":33,"turns":11},{"damage":13,"enemies":"3 Shapes","floor":35,"turns":4},{"damage":0,"enemies":"3 Darklings","floor":39,"turns":3},{"damage":0,"enemies":"Writhing Mass","floor":41,"turns":5},{"damage":48,"enemies":"Reptomancer","floor":42,"turns":4},{"damage":40,"enemies":"Nightmare","floor":44,"turns":3}],"seed_played":"-3203079788934167123","potions_obtained":[{"floor":1,"key":"LiquidMemories"},{"floor":4,"key":"PowerPotion"},{"floor":11,"key":"LiquidMemories"},{"floor":13,"key":"Energy Potion"},{"floor":18,"key":"PowerPotion"},{"floor":21,"key":"champ:CounterPotion"},{"floor":30,"key":"BlessingOfTheForge"},{"floor":39,"key":"Adrenaline Potion"},{"floor":42,"key":"Elixir"}],"is_trial":false,"path_per_floor":["M","M","?","M","?","E","R","$","T","?","E","?","M","M","R","B",null,"?","?","?","?","AVR","T","?","T","T","?","T","E","?","T","T","B",null,"?","T","?","T","?","T","?","E","T","NM"],"character_chosen":"DEFECT","items_purchased":["Vajra","DataDisk","expansioncontent:HyperBeam","Frozen Egg 2","ReplayTheSpireMod:CursedCoin","Dream Catcher","Electrodynamics+1"],"campfire_rested":1,"item_purchase_floors":[0,0,8,31,31,31,36],"current_hp_per_floor":[75,70,70,65,65,65,65,65,65,65,65,65,65,65,65,57,75,75,75,75,54,54,75,75,75,75,75,75,75,69,69,69,57,75,62,62,62,62,72,72,75,37,37,0,0],"gold":83,"neow_bonus":"","is_daily":false,"chose_seed":false,"campfire_upgraded":5,"win_rate":0.0,"timestamp":1609119185,"path_taken":["M","M","?","?","?","E","R","?","T","?","E","?","M","M","R","BOSS","?","?","?","?","AVR","T","?","T","T","?","?","E","?","T","T","BOSS","?","T","?","T","?","T","?","E","T","NM"],"items_purchased_type":["Relic","Relic","Card","Relic","Relic","Relic","Card"],"build_version":"2020-12-22","purchased_purges":4,"victory":false,"max_hp_per_floor":[75,75,75,75,75,75,75,75,75,75,75,75,75,75,75,75,75,75,75,75,75,75,75,75,75,75,75,75,75,75,75,75,75,75,75,75,75,75,75,75,75,75,75,75,75],"card_choices":[{"not_picked":["Redo","Reprogram"],"picked":"Consume","floor":1},{"not_picked":["Redo","Turbo"],"picked":"White Noise","floor":2},{"not_picked":["Beam Cell","Barrage"],"picked":"Conserve Battery","floor":4},{"not_picked":["Sweeping Beam","Gash"],"picked":"Glacier","floor":6},{"not_picked":["Go for the Eyes","Barrage"],"picked":"ReplayTheSpireMod:Fabricate Wheel","floor":11},{"not_picked":["Cold Snap","Streamline","Hologram"],"picked":"SKIP","floor":13},{"not_picked":["ReplayTheSpireMod:Reroute Power","Redo","Steam"],"picked":"SKIP","floor":13},{"not_picked":["Sweeping Beam","Hologram"],"picked":"Seek","floor":14},{"not_picked":["Consume","Turbo"],"picked":"Crystallizer","floor":14},{"not_picked":["Biased Cognition","ReplayTheSpireMod:Omega Cannon"],"picked":"Creative AI","floor":16},{"not_picked":["Barrage","Darkness"],"picked":"BootSequence","floor":18},{"not_picked":["Beam Cell","Ball Lightning"],"picked":"BasicCrystalCard+1","floor":18},{"not_picked":["Sweeping Beam+1","Static Discharge"],"picked":"Storm","floor":20},{"not_picked":["Stack","Compile Driver"],"picked":"Chill","floor":20},{"not_picked":["Coolheaded","Conserve Battery"],"picked":"ReplayRNGCard","floor":21},{"not_picked":["Hello World","Hologram"],"picked":"FTL","floor":21},{"not_picked":["Steam","Skim"],"picked":"Loop","floor":27},{"not_picked":["Redo","Conserve Battery","Beam Cell"],"picked":"SKIP","floor":27},{"not_picked":["Static Discharge","Compile Driver+1"],"picked":"Time Bomb","floor":29},{"not_picked":["Barrage","Steam"],"picked":"White Noise","floor":30},{"not_picked":["BasicCrystalCard+1","Darkness","Barrage"],"picked":"SKIP","floor":30},{"not_picked":["ReplayTheSpireMod:Omega Cannon","Amplify"],"picked":"Fission","floor":33},{"not_picked":["Cold Snap+1","Double Energy+1"],"picked":"ReplayTheSpireMod:System Scan","floor":35},{"not_picked":["Panic Button+1","Conserve Battery"],"picked":"Self Repair+1","floor":35},{"not_picked":["Rebound+1","Hologram+1"],"picked":"Darkness+1","floor":39},{"not_picked":["ReplayTheSpireMod:Repulse","BasicCrystalCard"],"picked":"Panic Button+1","floor":39},{"not_picked":["Ball Lightning+1","Compile Driver"],"picked":"Static Discharge+1","floor":41},{"not_picked":["Coolheaded+1","Hello World+1","Steam Power"],"picked":"SKIP","floor":41},{"not_picked":["Coolheaded+1","Hello World+1","Steam Power"],"picked":"SKIP","floor":41},{"not_picked":["Sweeping Beam","BasicCrystalCard"],"picked":"Blizzard+1","floor":42}],"player_experience":191498,"relics_obtained":[{"floor":6,"key":"Pet Ghost"},{"floor":11,"key":"War Paint"},{"floor":26,"key":"Bronze Scales"},{"floor":28,"key":"Boot"},{"floor":29,"key":"Replay:Arrowhead"},{"floor":42,"key":"Dead Branch"},{"floor":43,"key":"Golden Egg"}],"event_choices":[{"cards_removed":["Strike_B"],"damage_healed":0,"gold_gain":0,"player_choice":"Offered Basic","damage_taken":0,"max_hp_gain":0,"max_hp_loss":0,"event_name":"Bonfire Elementals","floor":3,"gold_loss":0},{"cards_removed":["Defend_B"],"damage_healed":0,"gold_gain":0,"player_choice":"Forget","damage_taken":0,"max_hp_gain":0,"max_hp_loss":0,"event_name":"Living Wall","floor":10,"gold_loss":0},{"damage_healed":0,"gold_gain":0,"player_choice":"Take Wound","damage_taken":0,"relics_obtained":["Golden Idol"],"max_hp_gain":0,"max_hp_loss":0,"event_name":"Golden Idol","floor":12,"gold_loss":0,"cards_obtained":["Injury"]},{"damage_healed":0,"gold_gain":0,"player_choice":"Read","damage_taken":0,"max_hp_gain":0,"max_hp_loss":0,"event_name":"The Library","floor":19,"gold_loss":0,"cards_obtained":["Chill"]},{"damage_healed":0,"gold_gain":0,"player_choice":"Ignored","damage_taken":0,"max_hp_gain":0,"max_hp_loss":0,"event_name":"Ghosts","floor":24,"gold_loss":0},{"damage_healed":0,"gold_gain":0,"player_choice":"Leave","damage_taken":0,"max_hp_gain":0,"max_hp_loss":0,"event_name":"conspire:Investor","floor":37,"gold_loss":0}],"is_beta":false,"boss_relics":[{"not_picked":["conspire:RoyalGoblet","Replay:Bronze Core"],"picked":"Replay:Grab Bag"},{"not_picked":["Replay:Wanted Poster","Fusion Hammer"],"picked":"Cursed Key"},{"not_picked":["ReplayTheSpireMod:Onyx Gauntlets","Runic Dome"],"picked":"Painkiller Herb"},{"not_picked":["SlaversCollar","ReplayTheSpireMod:SealedPack"],"picked":"Inserter"},{"not_picked":["Runic Pyramid","Astrolabe"],"picked":"Nuclear Battery"},{"not_picked":["SacredBark","Busted Crown"],"picked":"conspire:SpecialSausage"}],"items_purged_floors":[0,22,31,36],"is_endless":false,"potions_floor_spawned":[1,4,11,13,18,21,30,39,42],"killed_by":"Nightmare","ascension_level":3}}