{"host":"s0d2u711fzg2n3il","time":1609121216,"event":{"mods":["2.2 Compatiblity","AchievementEnabler","Act Like it!","Aspiration","BaseMod","BetterRewards","Block Reminder","Conspire","Downfall","Duelist Mod","Ekko","GifTheSpireLib","Hermit","Hubris","JesterMod","Melee Mod","Minty Spire (QoL Compilation)","Nova Terra(??·??)","Pikachu Mod","Rare Cards Sparkle","Replay The Spire","Robot Space Explorer","Shade Mod","StSLib","The Bug Knight","The Death Knight","The Disciple","The Dragon Tamer","The Hierophant","The Necromancer","The Valiant","TheVacant","vexMod"],"gold_per_floor":[109,109,109,126,141,141,169,184,229,241,241,241,255,111,111,215,215,225,165,165,181,181,181,181,181,181,199,199,210,227,237,237,334,334,351,401,139,156,13,41,41,41,68,84,103,120,120,133,133,133,133],"floor_reached":50,"playtime":2578,"items_purged":["Phantasmal Killer"],"score":501,"play_id":"06b9d5af-2827-460b-a598-678a126feaf0","local_time":"20201228030656","is_ascension_mode":false,"campfire_choices":[{"data":"Noxious Fumes","floor":6.0,"key":"SMITH"},{"floor":12.0,"key":"REST"},{"floor":15.0,"key":"REST"},{"data":"Catalyst","floor":23.0,"key":"SMITH"},{"data":"Crippling Poison","floor":25.0,"key":"SMITH"},{"floor":32,"key":"REST"},{"floor":42,"key":"REST"},{"floor":47,"key":"REST"},{"floor":49,"key":"REST"}],"circlet_count":0,"master_deck":["Strike_G","Strike_G","Strike_G","Strike_G","Strike_G","Defend_G","Defend_G+1","Defend_G","Defend_G+1","Defend_G","Survivor","Neutralize","Bouncing Flask+1","Noxious Fumes+1","Corpse Explosion+1","Crippling Poison+1","Catalyst+1","Well Laid Plans+1","Catalyst","Malaise","Concentrate","Apotheosis+1","Calculated Gamble+1","Replay:Bag of Tricks","Parasite"],"relics":["Ring of the Snake","NeowsBlessing","Paper Crane","Snake Skull","TheAbacus","hubris:ScarierMask","aspiration:FrozenJewel","Tiny Chest","MutagenicStrength","vexMod:MysteryBossChallenge","Black Star","Bird Faced Urn","Guide Book","Huge Egg","Mummified Hand","War Paint"],"acts_visited":["Exordium","TheCity","TheBeyond"],"potions_floor_usage":[33,36,44,46,50,50,50],"damage_taken":[{"damage":0.0,"enemies":"Cultist","floor":1.0,"turns":1.0},{"damage":0.0,"enemies":"Small Slimes","floor":4.0,"turns":1.0},{"damage":0.0,"enemies":"2 Louse","floor":5.0,"turns":1.0},{"damage":4.0,"enemies":"3 Sentries","floor":7.0,"turns":6.0},{"damage":7.0,"enemies":"Looter","floor":8.0,"turns":3.0},{"damage":22.0,"enemies":"Gremlin Gang","floor":10.0,"turns":6.0},{"damage":19.0,"enemies":"Exordium Thugs","floor":13.0,"turns":4.0},{"damage":32.0,"enemies":"Fading Forest","floor":16.0,"turns":11.0},{"damage":7.0,"enemies":"2 Thieves","floor":18.0,"turns":3.0},{"damage":1.0,"enemies":"Chosen","floor":21.0,"turns":5.0},{"damage":0,"enemies":"Shelled Parasite and Fungi","floor":27,"turns":4},{"damage":4,"enemies":"Cultist and Chosen","floor":29,"turns":3},{"damage":0,"enemies":"Sentry and Sphere","floor":30,"turns":3},{"damage":2,"enemies":"Snecko","floor":31,"turns":3},{"damage":16,"enemies":"conspire:MysteriousRune","floor":33,"turns":6},{"damage":8,"enemies":"3 Darklings","floor":35,"turns":4},{"damage":19,"enemies":"Mind Bloom Boss Battle","floor":36,"turns":6},{"damage":5,"enemies":"Orb Walker","floor":38,"turns":4},{"damage":11,"enemies":"Giant Head","floor":40,"turns":5},{"damage":8,"enemies":"3 Darklings","floor":44,"turns":4},{"damage":23,"enemies":"Spire Growth","floor":45,"turns":6},{"damage":18,"enemies":"Writhing Mass","floor":46,"turns":4},{"damage":12,"enemies":"Transient","floor":48,"turns":5},{"damage":43,"enemies":"conspire:OrnateMirror","floor":50,"turns":4}],"seed_played":"5041828543591920276","potions_obtained":[{"floor":1.0,"key":"Toxic Potion"},{"floor":8.0,"key":"LiquidBronze"},{"floor":10.0,"key":"Energy Potion"},{"floor":21.0,"key":"SpeedPotion"},{"floor":29,"key":"Block Potion"},{"floor":31,"key":"Fire Potion"},{"floor":33,"key":"BlessingOfTheForge"},{"floor":38,"key":"Dexterity Potion"},{"floor":44,"key":"ColorlessPotion"},{"floor":46,"key":"SpeedPotion"},{"floor":48,"key":"Dexterity Potion"}],"is_trial":false,"path_per_floor":["M","?","$","M","M","R","E","M","T","M","?","R","M","$","R","B",null,"M","?","?","M","T","R","?","R","T","M","?","M","M","M","R","B",null,"M","?","$","M","$","E","?","R","T","M","M","M","R","M","R","B"],"character_chosen":"THE_SILENT","items_purchased":["TheAbacus","Apotheosis","Guide Book"],"campfire_rested":6,"item_purchase_floors":[14,37,39],"current_hp_per_floor":[70,70,70,70,70,70,66,59,59,37,37,58,39,39,60,28,70,63,63,63,62,62,62,62,62,62,62,62,58,58,56,70,54,70,62,43,43,40,40,33,33,54,54,48,27,9,30,20,41,0,0],"gold":133,"neow_bonus":"THREE_ENEMY_KILL","is_daily":false,"chose_seed":false,"campfire_upgraded":3,"win_rate":0.0,"timestamp":1609121216,"path_taken":["M","?","$","?","M","R","E","M","T","M","?","R","M","?","R","BOSS","M","?","?","?","?","R","?","R","T","M","?","M","M","M","R","BOSS","M","?","$","M","$","E","?","R","T","M","M","M","R","M","R","BOSS"],"items_purchased_type":["Relic","Card","Relic"],"build_version":"2020-12-22","purchased_purges":1,"victory":false,"max_hp_per_floor":[70,70,70,70,70,70,70,70,70,70,70,70,70,70,70,70,70,70,70,70,70,70,70,70,70,70,70,70,70,70,70,70,70,70,70,70,70,70,70,70,70,70,70,70,70,70,70,70,70,70,70],"card_choices":[{"not_picked":["Tactician","Underhanded Strike"],"picked":"Bouncing Flask","floor":1.0},{"not_picked":["Calculated Gamble","ReplayTheSpireMod:Speed Training"],"picked":"Noxious Fumes","floor":4.0},{"not_picked":["Deflect","Accuracy","Heel Hook"],"picked":"SKIP","floor":5.0},{"not_picked":["Acrobatics","Cloak And Dagger"],"picked":"Draining Mist","floor":7.0},{"not_picked":["hubris:SlightOfHand","Dodge and Roll","Blade Dance"],"picked":"SKIP","floor":8.0},{"not_picked":["Skewer","conspire:DoublingDagger","ReplayTheSpireMod:The Works"],"picked":"SKIP","floor":10.0},{"not_picked":["Quick Slash","Flying Knee"],"picked":"Phantasmal Killer","floor":13.0},{"not_picked":["Venomology","A Thousand Cuts"],"picked":"Corpse Explosion","floor":16.0},{"not_picked":["Outmaneuver","Infinite Blades"],"picked":"Crippling Poison","floor":18.0},{"not_picked":["Slice","ReplayTheSpireMod:Shiv Toss"],"picked":"Catalyst","floor":21.0},{"not_picked":["Deflect","Dagger Throw","hubris:SlightOfHand"],"picked":"SKIP","floor":27},{"not_picked":["hubris:SlightOfHand","Flying Knee+1"],"picked":"Well Laid Plans+1","floor":29},{"not_picked":["Blade Dance","Dagger Throw+1"],"picked":"Catalyst","floor":30},{"not_picked":["Dagger Spray","Quick Slash","ReplayTheSpireMod:The Works"],"picked":"SKIP","floor":31},{"not_picked":["Grand Finale","Atom Bomb"],"picked":"Malaise","floor":33},{"not_picked":["Acrobatics+1","Sucker Punch+1"],"picked":"Concentrate","floor":35},{"not_picked":["Slice","hubris:SlightOfHand"],"picked":"Calculated Gamble+1","floor":38},{"not_picked":["ReplayTheSpireMod:Tripwire","Bane","Underhanded Strike"],"picked":"SKIP","floor":40},{"not_picked":["Dagger Spray","Backflip","Deflect"],"picked":"SKIP","floor":44},{"not_picked":["Outmaneuver+1","Hidden Blade"],"picked":"Replay:Bag of Tricks","floor":45},{"not_picked":["Quick Slash","Poisoned Stab","Bane+1"],"picked":"SKIP","floor":46},{"not_picked":["Hidden Blade","hubris:Sniper","Leg Sweep+1"],"picked":"SKIP","floor":48}],"player_experience":525485,"relics_obtained":[{"floor":7.0,"key":"Paper Crane"},{"floor":9.0,"key":"Snake Skull"},{"floor":22.0,"key":"aspiration:FrozenJewel"},{"floor":26,"key":"Tiny Chest"},{"floor":36,"key":"Bird Faced Urn"},{"floor":40,"key":"Huge Egg"},{"floor":40,"key":"Mummified Hand"},{"floor":43,"key":"War Paint"}],"event_choices":[{"damage_healed":0.0,"max_hp_gain":0.0,"max_hp_loss":0.0,"gold_gain":0.0,"event_name":"Upgrade Shrine","player_choice":"Upgraded","floor":2.0,"gold_loss":0.0,"damage_taken":0.0,"cards_upgraded":["Bouncing Flask"]},{"damage_healed":0.0,"max_hp_gain":0.0,"max_hp_loss":0.0,"gold_gain":0.0,"event_name":"Accursed Blacksmith","player_choice":"Forge","floor":11.0,"gold_loss":0.0,"damage_taken":0.0,"cards_upgraded":["Draining Mist"]},{"cards_removed":["Draining Mist"],"damage_healed":0.0,"max_hp_gain":0.0,"max_hp_loss":0.0,"gold_gain":0.0,"event_name":"Purifier","player_choice":"Purged","floor":20.0,"gold_loss":0.0,"damage_taken":0.0},{"damage_healed":0.0,"max_hp_gain":0.0,"max_hp_loss":0.0,"gold_gain":0.0,"event_name":"conspire:Investor","player_choice":"Leave","floor":24.0,"gold_loss":0.0,"damage_taken":0.0},{"damage_healed":0,"gold_gain":0,"player_choice":"Inject Mutagens","damage_taken":0,"relics_obtained":["MutagenicStrength"],"max_hp_gain":0,"max_hp_loss":0,"event_name":"Drug Dealer","floor":28,"gold_loss":0},{"damage_healed":0,"gold_gain":0,"player_choice":"Fight","damage_taken":0,"max_hp_gain":0,"max_hp_loss":0,"event_name":"MindBloom","floor":36,"gold_loss":0}],"is_beta":false,"boss_relics":[{"not_picked":["Snecko Eye","hubris:Backtick"],"picked":"hubris:ScarierMask"},{"not_picked":["Calling Bell","Replay:Drink Me"],"picked":"vexMod:MysteryBossChallenge"}],"items_purged_floors":[37],"is_endless":false,"potions_floor_spawned":[1,8,10,21,29,31,33,38,44,46,48],"killed_by":"conspire:OrnateMirror","ascension_level":0}}