{"host":"5fasz840ryq7obdf","time":1609170477,"event":{"mods":["AchievementEnabler","BaseMod","Bestiary","Better Altar","Better Skull","Better Third Choice","BetterRewards","Block Reminder","Colored Powertips","Curses Come First","Highlight Path","Minty Spire (QoL Compilation)","Quick Restart","Rare Cards Sparkle","Relic Sorter","Relic Stats","Replay The Spire","Shop Mod","Spicy Shops","StSLib","SuperFastMode"],"gold_per_floor":[116,92,103,153,16,16,48,48,75,95,128,108,136,149,149,155,155],"floor_reached":16,"playtime":1957,"items_purged":["Defend_B"],"score":220,"play_id":"c824a4b7-5782-45bc-85c8-52c59cc6a64c","local_time":"20201228154757","is_ascension_mode":true,"campfire_choices":[{"floor":6,"key":"REST"},{"floor":15,"key":"REST"}],"circlet_count":0,"master_deck":["AscendersBane","Strike_B","Strike_B","Strike_B","Defend_B","Defend_B","Defend_B","Zap","Dualcast","Hologram","Thunder Strike","Genetic Algorithm","Heatsinks","Heatsinks","Darkness+1","Redo","BasicCrystalCard","Panic Button","Force Field","Reinforced Body","CommonCold","Seek","Compile Driver","Redo","Replay:Hysterical Blindness","Time Bomb","Steam","Hologram","Stack","Skim"],"relics":["Cracked Core","Prayer Wheel","Ring of Fury","Ring of Greed","Replay:Bandana","Membership Card","Cables","Strawberry","Smiling Mask","DataDisk","Chameleon Ring"],"acts_visited":["Exordium"],"potions_floor_usage":[7,13,13,13,16],"damage_taken":[{"damage":21,"enemies":"Jaw Worm","floor":1,"turns":4},{"damage":6,"enemies":"2 Louse","floor":3,"turns":2},{"damage":16,"enemies":"3 Sentries","floor":7,"turns":9},{"damage":2,"enemies":"Cultist","floor":10,"turns":4},{"damage":12,"enemies":"Gremlin Nob","floor":11,"turns":3},{"damage":0,"enemies":"3 Louse","floor":13,"turns":1},{"damage":0,"enemies":"2 Fungi Beasts","floor":14,"turns":3},{"damage":36,"enemies":"Slime Boss","floor":16,"turns":3}],"seed_played":"8865612530924797724","potions_obtained":[{"floor":1,"key":"Block Potion"},{"floor":10,"key":"Regen Potion"},{"floor":12,"key":"EntropicBrew"},{"floor":13,"key":"SteroidPotion"}],"is_trial":false,"path_per_floor":["M","$","M","?","$","R","E","T","T","M","E","?","M","M","R","B"],"character_chosen":"DEFECT","items_purchased":["ReplayTheSpireMod:Fabricate Wheel","Hologram","Thunder Strike","Genetic Algorithm","Heatsinks","Darkness+1","Panic Button","Cables"],"campfire_rested":2,"item_purchase_floors":[0,0,0,0,0,0,2,5],"current_hp_per_floor":[11,11,5,5,5,26,17,17,17,15,3,3,3,3,26,0,0],"gold":155,"neow_bonus":"","is_daily":false,"chose_seed":false,"campfire_upgraded":0,"win_rate":0.0,"timestamp":1609170477,"path_taken":["M","$","M","?","$","R","E","?","T","M","E","?","?","M","R","BOSS"],"items_purchased_type":["Card","Card","Card","Card","Card","Card","Card","Relic"],"build_version":"2020-12-22","purchased_purges":1,"victory":false,"max_hp_per_floor":[71,71,71,71,71,71,78,78,78,78,78,78,78,78,78,78,78],"relic_stats":{"counters":[138,570],"Prayer Wheel":5,"Smiling Mask":0,"obtain_stats":[{"Calipers":0,"Gremlin Horn":0,"Nilry\u0027s Codex":28,"CeramicFish":0,"Vajra":43,"Runic Capacitor":4,"Whetstone":43,"Sling":0,"Blood Vial":31,"Lizard Tail":6,"HornCleat":31,"DollysMirror":22,"Strawberry":26,"MealTicket":43,"Prayer Wheel":9,"HandDrill":2,"Kunai":26,"Toxic Egg 2":0,"Girya":12,"Pear":25,"Happy Flower":0,"Blue Candle":14,"Dead Branch":38,"Astrolabe":17,"Oddly Smooth Stone":27,"Pen Nib":0,"Letter Opener":4,"War Paint":41,"Question Card":29,"Akabeko":29,"Cables":5,"SlaversCollar":34,"Shuriken":29,"Bronze Scales":8,"Pandora\u0027s Box":17,"Molten Egg 2":0,"Black Star":17,"Grinning Jar":0,"StrikeDummy":44,"Symbiotic Virus":0,"Pocketwatch":8,"Darkstone Periapt":31,"Lantern":7,"Regal Pillow":36,"Singing Bowl":19,"Torii":0,"StoneCalendar":40,"Mango":6,"Juzu Bracelet":26,"Bag of Preparation":23,"Incense Burner":38,"Smiling Mask":27,"Cursed Key":34,"Nunchaku":45,"Dream Catcher":25,"Replay:Bandana":4,"Matryoshka":38,"Chameleon Ring":11,"Mummified Hand":43,"Gambling Chip":10,"Pantograph":47,"Tiny Chest":0,"WingedGreaves":9,"Red Mask":37,"Cracked Core":0,"InkBottle":0,"Runic Pyramid":0,"Potion Belt":0,"Inserter":17,"Thread and Needle":41,"The Courier":9,"PreservedInsect":9,"Omamori":14,"Ring of Greed":4,"Orichalcum":3,"Frozen Egg 2":0,"MawBank":40,"White Beast Statue":0,"Replay:Arrowhead":0,"Nuclear Battery":17,"Mercury Hourglass":11,"Strange Spoon":0,"Cauldron":22,"DataDisk":0,"Anchor":0,"Busted Crown":34,"Ornamental Fan":27,"Orrery":0,"Ring of Fury":4,"Turnip":13,"Art of War":24,"Bag of Marbles":42,"Membership Card":0,"Toy Ornithopter":44,"TungstenRod":0,"FossilizedHelix":29},{"Calipers":0,"Gremlin Horn":11,"Nilry\u0027s Codex":23,"CeramicFish":77,"Vajra":98,"Runic Capacitor":79,"Whetstone":52,"Sling":32,"Blood Vial":69,"Lizard Tail":3,"HornCleat":93,"DollysMirror":42,"Strawberry":67,"MealTicket":29,"Prayer Wheel":36,"HandDrill":55,"Kunai":117,"Toxic Egg 2":102,"Girya":38,"Pear":67,"Happy Flower":0,"Blue Candle":39,"Dead Branch":50,"Astrolabe":61,"Oddly Smooth Stone":45,"Pen Nib":54,"Letter Opener":55,"War Paint":74,"Question Card":24,"Akabeko":45,"Cables":132,"SlaversCollar":47,"Shuriken":91,"Bronze Scales":81,"Pandora\u0027s Box":6,"Molten Egg 2":54,"Black Star":85,"Grinning Jar":128,"StrikeDummy":99,"Symbiotic Virus":102,"Pocketwatch":36,"Darkstone Periapt":46,"Lantern":15,"Regal Pillow":27,"Singing Bowl":62,"Torii":77,"StoneCalendar":51,"Mango":108,"Juzu Bracelet":44,"Bag of Preparation":65,"Incense Burner":72,"Smiling Mask":23,"Cursed Key":94,"Nunchaku":53,"Dream Catcher":117,"Replay:Bandana":132,"Matryoshka":72,"Chameleon Ring":135,"Mummified Hand":74,"Gambling Chip":57,"Pantograph":125,"Tiny Chest":54,"WingedGreaves":109,"Red Mask":49,"Cracked Core":0,"InkBottle":0,"Runic Pyramid":32,"Potion Belt":32,"Inserter":40,"Thread and Needle":52,"The Courier":3,"PreservedInsect":15,"Omamori":60,"Ring of Greed":132,"Orichalcum":12,"Frozen Egg 2":77,"MawBank":29,"White Beast Statue":32,"Replay:Arrowhead":128,"Nuclear Battery":20,"Mercury Hourglass":58,"Strange Spoon":11,"Cauldron":87,"DataDisk":0,"Anchor":105,"Busted Crown":26,"Ornamental Fan":118,"Orrery":54,"Ring of Fury":132,"Turnip":18,"Art of War":22,"Bag of Marbles":98,"Membership Card":54,"Toy Ornithopter":30,"TungstenRod":54,"FossilizedHelix":91},{"Calipers":0,"Gremlin Horn":49,"Nilry\u0027s Codex":93,"CeramicFish":315,"Vajra":388,"Runic Capacitor":324,"Whetstone":230,"Sling":144,"Blood Vial":289,"Lizard Tail":13,"HornCleat":369,"DollysMirror":186,"Strawberry":287,"MealTicket":121,"Prayer Wheel":158,"HandDrill":246,"Kunai":474,"Toxic Egg 2":400,"Girya":166,"Pear":287,"Happy Flower":0,"Blue Candle":170,"Dead Branch":221,"Astrolabe":270,"Oddly Smooth Stone":198,"Pen Nib":243,"Letter Opener":246,"War Paint":306,"Question Card":96,"Akabeko":198,"Cables":547,"SlaversCollar":209,"Shuriken":362,"Bronze Scales":329,"Pandora\u0027s Box":27,"Molten Egg 2":243,"Black Star":345,"Grinning Jar":537,"StrikeDummy":391,"Symbiotic Virus":400,"Pocketwatch":158,"Darkstone Periapt":201,"Lantern":62,"Regal Pillow":112,"Singing Bowl":273,"Torii":315,"StoneCalendar":226,"Mango":423,"Juzu Bracelet":193,"Bag of Preparation":283,"Incense Burner":300,"Smiling Mask":93,"Cursed Key":375,"Nunchaku":235,"Dream Catcher":474,"Replay:Bandana":547,"Matryoshka":300,"Chameleon Ring":563,"Mummified Hand":306,"Gambling Chip":256,"Pantograph":515,"Tiny Chest":243,"WingedGreaves":430,"Red Mask":216,"Cracked Core":0,"InkBottle":0,"Runic Pyramid":144,"Potion Belt":144,"Inserter":177,"Thread and Needle":230,"The Courier":13,"PreservedInsect":62,"Omamori":263,"Ring of Greed":547,"Orichalcum":51,"Frozen Egg 2":315,"MawBank":121,"White Beast Statue":144,"Replay:Arrowhead":537,"Nuclear Battery":79,"Mercury Hourglass":258,"Strange Spoon":49,"Cauldron":351,"DataDisk":0,"Anchor":411,"Busted Crown":109,"Ornamental Fan":477,"Orrery":243,"Ring of Fury":547,"Turnip":70,"Art of War":88,"Bag of Marbles":388,"Membership Card":243,"Toy Ornithopter":126,"TungstenRod":243,"FossilizedHelix":362}],"Cables":[13,11,0,2,0]},"card_choices":[{"not_picked":["Gash","Steam Power"],"picked":"Redo","floor":1},{"not_picked":["Turbo","Cold Snap"],"picked":"BasicCrystalCard","floor":1},{"not_picked":["Sweeping Beam","Barrage"],"picked":"Force Field","floor":3},{"not_picked":["Stack","Redo"],"picked":"Reinforced Body","floor":3},{"not_picked":["Barrage","Rebound"],"picked":"Seek","floor":7},{"not_picked":["Turbo","Go for the Eyes"],"picked":"Compile Driver","floor":10},{"not_picked":["Streamline","Ball Lightning"],"picked":"Redo","floor":10},{"not_picked":["Steam","Steam Power"],"picked":"Time Bomb","floor":11},{"not_picked":["Ball Lightning","ReplaySort"],"picked":"Steam","floor":13},{"not_picked":["Rip and Tear","Go for the Eyes"],"picked":"Hologram","floor":13},{"not_picked":["Sweeping Beam","Biased Cognition"],"picked":"Stack","floor":14},{"not_picked":["Gash","Steam Power"],"picked":"Skim","floor":14}],"player_experience":1225524,"relics_obtained":[{"floor":4,"key":"Ring of Fury"},{"floor":4,"key":"Ring of Greed"},{"floor":4,"key":"Replay:Bandana"},{"floor":4,"key":"Membership Card"},{"floor":7,"key":"Strawberry"},{"floor":8,"key":"Smiling Mask"},{"floor":9,"key":"DataDisk"},{"floor":11,"key":"Chameleon Ring"}],"event_choices":[{"damage_healed":0,"gold_gain":0,"player_choice":"Bought 1 Potion","damage_taken":0,"max_hp_gain":0,"max_hp_loss":0,"event_name":"The Woman in Blue","floor":12,"gold_loss":0}],"is_beta":false,"boss_relics":[],"items_purged_floors":[0],"is_endless":false,"potions_floor_spawned":[1,10,13],"killed_by":"Slime Boss","ascension_level":20}}