{"host":"zt8a6xk8zi449pm4","time":1609124640,"event":{"mods":["AchievementEnabler","Aspiration","BaseMod","Conspire","Energized Spire","Infinite Spire","Minty Spire (QoL Compilation)","Rare Cards Sparkle","Relic Stats","Replay The Spire","StSLib"],"gold_per_floor":[117,134,144,159,159,159,169,198,249,249,262,227,67,67,67,164,164,174,89,89,104,104,104,129,143,167,193,207,207,234,253,253,369,369,407,407,407,407],"floor_reached":37,"playtime":2601,"items_purged":["Injury"],"score":450,"play_id":"7a48b374-52bb-4137-bc64-c1495dc3fa3f","local_time":"20201228030400","is_ascension_mode":true,"campfire_choices":[{"data":"Draining Mist","floor":6,"key":"SMITH"},{"floor":10,"key":"REST"},{"floor":15,"key":"RECALL"},{"data":"ReplayTheSpireMod:From All Sides","floor":23,"key":"SMITH"},{"floor":32,"key":"REST"}],"circlet_count":0,"master_deck":["Strike_G","Strike_G","Strike_G","Strike_G","Defend_G+1","Defend_G+1","Defend_G","Defend_G","Defend_G","Neutralize","Draining Mist+1","Backstab","Grand Finale","Deflect","Toxin Wave+1","Deadly Poison+1","ReplayTheSpireMod:From All Sides+1","Good Instincts+1","m_Survivalism+1","Venomology+1","Deadly Poison+1","RitualDagger","Bullet Time+1","Expertise+1","Bouncing Flask+1","Draining Mist+1","Distraction+1","Burst+1","Replay:Poison Smokescreen+1"],"relics":["Ring of the Snake","aspiration:Nostalgia","infinitespire:DarkRift","Toxic Egg 2","infinitespire:PuzzleCube","conspire:RoyalGoblet","Vajra","Juzu Bracelet","War Paint","Snake Skull","Regal Pillow","infinitespire:EvilPickle","energizedSpire:MagnifyingGlass"],"acts_visited":["Exordium","TheCity","TheBeyond"],"potions_floor_usage":[3,8,8,8,18,21,25,25,25,27,30,33,33,35],"damage_taken":[{"damage":0,"enemies":"Cultist","floor":1,"turns":4},{"damage":0,"enemies":"Small Slimes","floor":2,"turns":4},{"damage":0,"enemies":"Jaw Worm","floor":3,"turns":2},{"damage":15,"enemies":"Exordium Wildlife","floor":4,"turns":3},{"damage":2,"enemies":"Looter","floor":7,"turns":2},{"damage":37,"enemies":"3 Sentries","floor":8,"turns":9},{"damage":6,"enemies":"3 Louse","floor":11,"turns":2},{"damage":0,"enemies":"Slime Boss","floor":16,"turns":2},{"damage":5,"enemies":"Shell Parasite","floor":18,"turns":5},{"damage":2,"enemies":"Spheric Guardian","floor":21,"turns":4},{"damage":0,"enemies":"Snecko","floor":25,"turns":3},{"damage":25,"enemies":"Gremlin Leader","floor":27,"turns":5},{"damage":4,"enemies":"Chosen and Byrds","floor":28,"turns":5},{"damage":36,"enemies":"Slavers","floor":30,"turns":6},{"damage":0,"enemies":"Cultist and Chosen","floor":31,"turns":3},{"damage":23,"enemies":"Pondfish","floor":33,"turns":13},{"damage":27,"enemies":"3 Darklings","floor":35,"turns":4}],"seed_played":"7906588693522513259","potions_obtained":[{"floor":2,"key":"Block Potion"},{"floor":3,"key":"Energy Potion"},{"floor":4,"key":"Milkshake"},{"floor":7,"key":"Dexterity Potion"},{"floor":11,"key":"Swift Potion"},{"floor":18,"key":"AttackPotion"},{"floor":21,"key":"SneckoOil"},{"floor":28,"key":"PowerPotion"}],"is_trial":false,"path_per_floor":["M","M","M","M","?","R","M","E","T","R","M","?","$","?","R","B",null,"M","?","?","M","?","R","T","M","T","E","M","?","E","M","R","B",null,"M","?","M"],"character_chosen":"THE_SILENT","items_purchased":["Good Instincts+1"],"campfire_rested":2,"item_purchase_floors":[13],"current_hp_per_floor":[70,70,70,55,55,55,53,16,16,37,31,48,48,48,48,48,70,65,65,59,57,57,57,57,57,57,32,28,51,15,15,51,28,70,43,43,0,0],"gold":407,"neow_bonus":"NOSTALGIA","is_daily":false,"chose_seed":false,"campfire_upgraded":2,"win_rate":0.0,"timestamp":1609124640,"path_taken":["M","M","?","M","?","R","M","E","T","R","M","?","?","?","R","BOSS","M","?","?","M","?","R","?","M","T","E","M","?","E","M","R","BOSS","M","?","M"],"items_purchased_type":["Card"],"build_version":"2020-12-22","purchased_purges":1,"victory":false,"max_hp_per_floor":[70,70,70,70,70,70,70,70,70,70,70,70,70,70,70,70,70,70,70,70,70,70,70,70,70,70,70,70,70,70,70,70,70,70,70,70,70,70],"relic_stats":{"Regal Pillow":15,"counters":[18,79],"Snake Skull":[36],"Juzu Bracelet":1,"War Paint":["Defend_G","Defend_G"],"obtain_stats":[{"Regal Pillow":30,"conspire:RoyalGoblet":17,"aspiration:Nostalgia":0,"Vajra":19,"Snake Skull":27,"Juzu Bracelet":24,"War Paint":26,"infinitespire:EvilPickle":33,"infinitespire:DarkRift":0,"energizedSpire:MagnifyingGlass":34,"Toxic Egg 2":5,"infinitespire:PuzzleCube":8,"Ring of the Snake":0},{"Regal Pillow":14,"conspire:RoyalGoblet":8,"aspiration:Nostalgia":0,"Vajra":9,"Snake Skull":12,"Juzu Bracelet":10,"War Paint":11,"infinitespire:EvilPickle":16,"infinitespire:DarkRift":0,"energizedSpire:MagnifyingGlass":16,"Toxic Egg 2":4,"infinitespire:PuzzleCube":6,"Ring of the Snake":0},{"Regal Pillow":56,"conspire:RoyalGoblet":28,"aspiration:Nostalgia":0,"Vajra":33,"Snake Skull":45,"Juzu Bracelet":37,"War Paint":40,"infinitespire:EvilPickle":72,"infinitespire:DarkRift":0,"energizedSpire:MagnifyingGlass":72,"Toxic Egg 2":13,"infinitespire:PuzzleCube":24,"Ring of the Snake":0}],"Ring of the Snake":[36]},"card_choices":[{"not_picked":["Underhanded Strike","Prepared"],"picked":"Draining Mist","floor":1},{"not_picked":["Distraction","Dagger Throw"],"picked":"Backstab","floor":2},{"not_picked":["ReplayTheSpireMod:The Works","Quick Slash"],"picked":"Grand Finale","floor":3},{"not_picked":["Acrobatics","Masterful Stab"],"picked":"Deflect","floor":4},{"not_picked":["Cloak And Dagger+1","Hidden Blade+1"],"picked":"Toxin Wave+1","floor":7},{"not_picked":["Heel Hook","Cloak And Dagger+1"],"picked":"Deadly Poison+1","floor":8},{"not_picked":["Infinite Blades","Backflip+1"],"picked":"ReplayTheSpireMod:From All Sides","floor":11},{"not_picked":["aspiration:Lunge","A Thousand Cuts"],"picked":"Venomology+1","floor":16},{"not_picked":["Acrobatics+1","Dagger Spray"],"picked":"Deadly Poison+1","floor":18},{"not_picked":["Outmaneuver+1","Dagger Throw+1"],"picked":"Bullet Time+1","floor":21},{"not_picked":["Prepared+1","Leg Sweep+1"],"picked":"Expertise+1","floor":25},{"not_picked":["Dagger Spray","aspiration:Lunge","Hidden Blade+1"],"picked":"SKIP","floor":27},{"not_picked":["Cloak And Dagger+1","ReplayTheSpireMod:Shiv Toss+1"],"picked":"Bouncing Flask+1","floor":28},{"not_picked":["Backflip+1","Slice"],"picked":"Draining Mist+1","floor":30},{"not_picked":["Dagger Throw","Flechettes"],"picked":"Distraction+1","floor":31},{"not_picked":["aspiration:Lunge","Wraith Form v2"],"picked":"Burst+1","floor":33},{"not_picked":["Choke+1","Dagger Spray"],"picked":"Replay:Poison Smokescreen+1","floor":35}],"player_experience":277637,"relics_obtained":[{"floor":8,"key":"infinitespire:PuzzleCube"},{"floor":24,"key":"Juzu Bracelet"},{"floor":26,"key":"War Paint"},{"floor":27,"key":"Snake Skull"},{"floor":30,"key":"Regal Pillow"}],"event_choices":[{"damage_healed":17,"gold_gain":0,"player_choice":"Healed","damage_taken":0,"max_hp_gain":0,"max_hp_loss":0,"event_name":"The Cleric","floor":12,"gold_loss":35},{"damage_healed":0,"gold_gain":0,"player_choice":"Obtained Relic","damage_taken":0,"relics_obtained":["Vajra"],"max_hp_gain":0,"max_hp_loss":0,"event_name":"Addict","floor":19,"gold_loss":85},{"damage_healed":0,"gold_gain":0,"player_choice":"Joined the Cult","damage_taken":6,"max_hp_gain":0,"max_hp_loss":0,"event_name":"Nest","floor":20,"gold_loss":0,"cards_obtained":["RitualDagger"]},{"cards_removed":["Strike_G"],"damage_healed":0,"gold_gain":0,"player_choice":"Elegance","damage_taken":0,"max_hp_gain":0,"max_hp_loss":0,"event_name":"Back to Basics","floor":22,"gold_loss":0},{"damage_healed":23,"gold_gain":0,"player_choice":"Heal","damage_taken":0,"max_hp_gain":0,"max_hp_loss":0,"event_name":"The Library","floor":29,"gold_loss":0},{"damage_healed":0,"gold_gain":0,"player_choice":"Leave","damage_taken":0,"max_hp_gain":0,"max_hp_loss":0,"event_name":"conspire:Investor","floor":36,"gold_loss":0}],"is_beta":false,"boss_relics":[{"not_picked":["conspire:RunicOctahedron","Busted Crown"],"picked":"conspire:RoyalGoblet"},{"not_picked":["energizedSpire:EnergizedDie","energizedSpire:OgreHead"],"picked":"energizedSpire:MagnifyingGlass"}],"items_purged_floors":[13],"is_endless":false,"potions_floor_spawned":[2,3,4,7,11,18,21,28],"killed_by":"3 Shapes","ascension_level":2}}