{"host":"g4ab9t1gz8ec047l","time":1609158768,"event":{"mods":["AchievementEnabler","BaseMod","Block Reminder","Colored Map","Colored Powertips","Displayed Cursed Tome","Highlight Path","Minty Spire (QoL Compilation)","Relic Stats","StSLib","SuperFastMode"],"gold_per_floor":[117,134,153,153,172,192,192,205,205,205,248,272,272,313,313,443,443,464,464,478,257,271,271,271,271],"floor_reached":24,"playtime":1592,"items_purged":["Regret"],"score":273,"play_id":"cf93094d-4f0c-435d-81b6-a4bbcf253de4","local_time":"20201228203248","is_ascension_mode":true,"campfire_choices":[{"data":"Sunder","floor":7,"key":"SMITH"},{"floor":15,"key":"REST"},{"data":"Redo","floor":23,"key":"SMITH"}],"circlet_count":0,"master_deck":["Zap","Dualcast","Biased Cognition","Lockon","Recycle","Capacitor","Rebound","Conserve Battery","Sunder+1","Steam","Conserve Battery","Glacier","Injury","Skim","Sweeping Beam","Redo+1","BootSequence","Barrage","Melter","Electrodynamics","Steam+1","Loop+1","Loop+1","Force Field+1"],"relics":["Pandora\u0027s Box","Bloody Idol","Dream Catcher","HornCleat","Juzu Bracelet","StrikeDummy","Velvet Choker","DollysMirror"],"acts_visited":["Exordium","TheCity"],"potions_floor_usage":[11,16,16,24],"damage_taken":[{"damage":12,"enemies":"Jaw Worm","floor":1,"turns":2},{"damage":6,"enemies":"2 Louse","floor":2,"turns":2},{"damage":0,"enemies":"Cultist","floor":3,"turns":4},{"damage":5,"enemies":"Exordium Wildlife","floor":5,"turns":5},{"damage":2,"enemies":"2 Fungi Beasts","floor":6,"turns":3},{"damage":30,"enemies":"Exordium Thugs","floor":8,"turns":7},{"damage":34,"enemies":"Gremlin Nob","floor":11,"turns":4},{"damage":4,"enemies":"3 Louse","floor":12,"turns":3},{"damage":33,"enemies":"Lagavulin","floor":14,"turns":9},{"damage":28,"enemies":"Slime Boss","floor":16,"turns":16},{"damage":0,"enemies":"3 Byrds","floor":18,"turns":3},{"damage":5,"enemies":"Shell Parasite","floor":20,"turns":5},{"damage":28,"enemies":"Cultist and Chosen","floor":22,"turns":7},{"damage":42,"enemies":"Gremlin Leader","floor":24,"turns":4}],"seed_played":"2573615400707347545","potions_obtained":[{"floor":5,"key":"Regen Potion"},{"floor":6,"key":"ColorlessPotion"},{"floor":11,"key":"Energy Potion"},{"floor":14,"key":"Regen Potion"},{"floor":20,"key":"PowerPotion"}],"is_trial":false,"path_per_floor":["M","M","M","?","M","M","R","M","T","?","E","M","?","E","R","B",null,"M","?","M","$","M","R","E"],"character_chosen":"DEFECT","items_purchased":["DollysMirror"],"campfire_rested":1,"item_purchase_floors":[21],"current_hp_per_floor":[56,50,50,50,45,43,43,13,13,75,46,42,42,9,31,18,61,61,61,61,61,38,38,0,0],"gold":271,"neow_bonus":"BOSS_RELIC","is_daily":false,"chose_seed":false,"campfire_upgraded":2,"win_rate":0.0,"timestamp":1609158768,"path_taken":["M","M","M","?","M","M","R","M","T","?","E","?","?","E","R","BOSS","M","?","M","$","M","R","E"],"items_purchased_type":["Relic"],"build_version":"2020-12-22","purchased_purges":1,"victory":false,"max_hp_per_floor":[75,75,75,75,75,75,75,75,75,75,75,75,75,75,75,75,75,75,75,75,75,75,75,75,75],"relic_stats":{"Dream Catcher":1,"counters":[14,74],"Bloody Idol":10,"Pandora\u0027s Box":["Biased Cognition","Lockon","Recycle","Capacitor","Rebound","Conserve Battery","Reprogram","Sunder"],"Juzu Bracelet":0,"obtain_stats":[{"Dream Catcher":9,"HornCleat":11,"Golden Idol":4,"DollysMirror":21,"Bloody Idol":19,"Velvet Choker":17,"Pandora\u0027s Box":0,"Juzu Bracelet":13,"Cracked Core":0,"StrikeDummy":14},{"Dream Catcher":6,"HornCleat":7,"Golden Idol":3,"DollysMirror":12,"Bloody Idol":11,"Velvet Choker":10,"Pandora\u0027s Box":0,"Juzu Bracelet":8,"Cracked Core":0,"StrikeDummy":9},{"Dream Catcher":23,"HornCleat":27,"Golden Idol":8,"DollysMirror":63,"Bloody Idol":58,"Velvet Choker":55,"Pandora\u0027s Box":0,"Juzu Bracelet":30,"Cracked Core":0,"StrikeDummy":39}]},"card_choices":[{"not_picked":["Barrage","Go for the Eyes"],"picked":"Steam","floor":1},{"not_picked":["Hologram","Scrape"],"picked":"Conserve Battery","floor":2},{"not_picked":["Conserve Battery","Streamline"],"picked":"Glacier","floor":3},{"not_picked":["Turbo","Blizzard","Lockon"],"picked":"SKIP","floor":5},{"not_picked":["Gash","Stack"],"picked":"Skim","floor":6},{"not_picked":["Hologram","Hello World"],"picked":"Sweeping Beam","floor":8},{"not_picked":["Lockon","Steam"],"picked":"Redo","floor":11},{"not_picked":["Steam","Double Energy"],"picked":"BootSequence","floor":12},{"not_picked":["Hologram","Gash"],"picked":"Barrage","floor":14},{"not_picked":["Steam","Rebound"],"picked":"Melter","floor":15},{"not_picked":["Echo Form","Hyperbeam"],"picked":"Electrodynamics","floor":16},{"not_picked":["Streamline","Steam Power"],"picked":"Steam+1","floor":18},{"not_picked":["Ball Lightning","Turbo+1"],"picked":"Loop+1","floor":20},{"not_picked":["Sweeping Beam+1","Blizzard"],"picked":"Force Field+1","floor":22}],"player_experience":726804,"relics_obtained":[{"floor":9,"key":"Dream Catcher"},{"floor":11,"key":"HornCleat"},{"floor":14,"key":"StrikeDummy"}],"event_choices":[{"damage_healed":0,"gold_gain":0,"player_choice":"Take Wound","damage_taken":0,"relics_obtained":["Golden Idol"],"max_hp_gain":0,"max_hp_loss":0,"event_name":"Golden Idol","floor":4,"gold_loss":0,"cards_obtained":["Injury"]},{"cards_removed":["Reprogram"],"damage_healed":62,"gold_gain":0,"player_choice":"Offered Uncommon","damage_taken":0,"max_hp_gain":0,"max_hp_loss":0,"event_name":"Bonfire Elementals","floor":10,"gold_loss":0},{"damage_healed":0,"gold_gain":0,"player_choice":"Box","damage_taken":0,"relics_obtained":["Juzu Bracelet"],"max_hp_gain":0,"max_hp_loss":0,"event_name":"Big Fish","floor":13,"gold_loss":0,"cards_obtained":["Regret"]},{"damage_healed":0,"gold_gain":0,"player_choice":"Gave Idol","damage_taken":0,"relics_obtained":["Bloody Idol"],"max_hp_gain":0,"max_hp_loss":0,"event_name":"Forgotten Altar","floor":19,"relics_lost":["Golden Idol"],"gold_loss":0}],"is_beta":false,"boss_relics":[{"not_picked":["Tiny House","Busted Crown"],"picked":"Velvet Choker"}],"items_purged_floors":[21],"is_endless":false,"potions_floor_spawned":[5,6,11,14,20],"killed_by":"Gremlin Leader","ascension_level":6}}