{"host":"l84l8xigz5v5foa2","time":1609145453,"event":{"mods":["2.2 Compatiblity","AchievementEnabler","BaseMod","Better Note","Better Vampires","Card Filter","Colored Map","DeckTracker","Downfall","Gremlin Skip","Highlight Path","Keyboard Shortcuts","Minty Spire (QoL Compilation)","Permanent Neow","Quick Restart","Relic Filter","Relic Stats","StSLib","SuperFastMode","Transform Curses","Unknown Chances"],"gold_per_floor":[99,110,126,226,58,68,68,68,87,187,187,187,203,230,245,344,344,344,360,372,389,489,489,489,506,9,27,51,51,67,92,103,199,199,49,60,60,60,77,77,77,109,125,125,152,152,77,307,322,322,322,352,25,25,25],"floor_reached":56,"playtime":5284,"items_purged":["champ:BerserkersShout","champ:Circumvent","champ:BladeFlurry+1"],"score":2059,"play_id":"a41e1e87-8ab7-4873-87b3-ac111756624f","local_time":"20201228175053","is_ascension_mode":true,"campfire_choices":[{"data":"champ:Taunt","floor":1.0,"key":"SMITH"},{"data":"champ:Backstep","floor":8.0,"key":"SMITH"},{"data":"champ:FocusedGladiator","floor":18.0,"key":"SMITH"},{"data":"champ:Lariat","floor":29.0,"key":"SMITH"},{"floor":35.0,"key":"RECALL"},{"data":"champ:GladiatorsShout","floor":40.0,"key":"SMITH"},{"data":"champ:FaceSlap","floor":47,"key":"SMITH"},{"data":"champ:GladiatorStyle","floor":54,"key":"SMITH"}],"circlet_count":0,"master_deck":["champ:Taunt+1","champ:FaceSlap+1","champ:Backstep+1","champ:BerserkerStyle","champ:FocusedGladiator+1","champ:GladiatorsShout+1","champ:Lariat+1","champ:CheapShot+1","champ:Duel+1","champ:StanceDance+1","champ:GladiatorStyle+1"],"relics":["champ:ChampionCrown","champ:BerserkersGuideToSlaughter","CloakClasp","Molten Egg 2","Mummified Hand","Pandora\u0027s Box","Bottled Lightning","Toxic Egg 2","Guardian:BottledAnomaly","PreservedInsect","MealTicket","Busted Crown","downfall:HeartBlessingGreen","downfall:HeartBlessingBlue","InkBottle","champ:DeflectingBracers","Dream Catcher","downfall:HeartBlessingRed","White Beast Statue","Bag of Preparation"],"acts_visited":["Exordium","TheCity","TheBeyond","TheEnding"],"potions_floor_usage":[55,55],"damage_taken":[{"damage":10.0,"enemies":"Small Slimes","floor":2.0,"turns":2.0},{"damage":5.0,"enemies":"Cultist","floor":3.0,"turns":2.0},{"damage":5.0,"enemies":"downfall:FleeingMerchant","floor":5.0,"turns":4.0},{"damage":2.0,"enemies":"Jaw Worm","floor":6.0,"turns":5.0},{"damage":15.0,"enemies":"Large Slime","floor":9.0,"turns":7.0},{"damage":8.0,"enemies":"Large Slime","floor":10.0,"turns":8.0},{"damage":19.0,"enemies":"Lots of Slimes","floor":13.0,"turns":6.0},{"damage":11.0,"enemies":"Lagavulin","floor":14.0,"turns":5.0},{"damage":2.0,"enemies":"3 Louse","floor":15.0,"turns":4.0},{"damage":53.0,"enemies":"downfall:Ironclad","floor":16.0,"turns":8.0},{"damage":5.0,"enemies":"Chosen","floor":19.0,"turns":4.0},{"damage":1.0,"enemies":"Shell Parasite","floor":20.0,"turns":8.0},{"damage":6.0,"enemies":"Chosen and Byrds","floor":21.0,"turns":6.0},{"damage":0.0,"enemies":"downfall:Augmenter","floor":22.0,"turns":6.0},{"damage":3.0,"enemies":"Snecko","floor":25.0,"turns":4.0},{"damage":4.0,"enemies":"downfall:FleeingMerchant","floor":26.0,"turns":5.0},{"damage":0.0,"enemies":"3 Cultists","floor":27.0,"turns":3.0},{"damage":6.0,"enemies":"Chosen and Byrds","floor":30.0,"turns":2.0},{"damage":0.0,"enemies":"Gremlin Leader","floor":31.0,"turns":1.0},{"damage":0.0,"enemies":"Centurion and Healer","floor":32.0,"turns":3.0},{"damage":0.0,"enemies":"downfall:Silent","floor":33.0,"turns":3.0},{"damage":0.0,"enemies":"3 Shapes","floor":36.0,"turns":3.0},{"damage":0.0,"enemies":"Orb Walker","floor":39.0,"turns":1.0},{"damage":0,"enemies":"Reptomancer","floor":42,"turns":1},{"damage":0,"enemies":"Jaw Worm Horde","floor":43,"turns":1},{"damage":0,"enemies":"Giant Head","floor":45,"turns":1},{"damage":0,"enemies":"downfall:FleeingMerchant","floor":48,"turns":1},{"damage":0,"enemies":"3 Darklings","floor":49,"turns":1},{"damage":0,"enemies":"downfall:Defect","floor":50,"turns":1},{"damage":8,"enemies":"downfall:CharBossMerchant","floor":52,"turns":2},{"damage":0,"enemies":"downfall:NeowBoss","floor":55,"turns":8}],"seed_played":"-8277955425533844306","potions_obtained":[{"floor":2.0,"key":"Swift Potion"},{"floor":9.0,"key":"SteroidPotion"},{"floor":13.0,"key":"Weak Potion"},{"floor":19.0,"key":"Guardian:BlockOnCardUsePotion"},{"floor":21.0,"key":"Block Potion"},{"floor":27.0,"key":"Swift Potion"},{"floor":33.0,"key":"champ:TechniquePotion"},{"floor":43,"key":"LiquidBronze"},{"floor":45,"key":"Block Potion"},{"floor":49,"key":"DuplicationPotion"}],"is_trial":false,"path_per_floor":["R","M","M","?","$","M","T","R","M","?","T","?","M","E","M","B",null,"R","M","M","M","?","?","T","M","$","M","T","R","M","E","M","B",null,"R","M","?","?","M","R","T","E","M","?","E","?","R","$","M","B",null,"E","$","R","B",null],"character_chosen":"THE_CHAMP","items_purchased":["champ:BerserkersGuideToSlaughter","Toxic Egg 2","champ:StanceDance+1","Guardian:BottledAnomaly","Bag of Preparation","ColorlessPotion"],"campfire_rested":0,"item_purchase_floors":[5,26,26,26,53,53],"current_hp_per_floor":[81,81,81,81,81,81,81,81,81,81,81,81,77,73,80,51,74,74,81,81,81,81,81,81,81,81,81,81,81,75,75,75,75,80,90,91,91,91,91,91,91,91,91,91,91,91,91,91,91,91,91,83,91,91,91],"gold":25,"neow_bonus":"REMOVE_TWO","is_daily":false,"chose_seed":false,"campfire_upgraded":7,"win_rate":0.0,"timestamp":1609145453,"path_taken":["R","M","M","?","$","M","T","R","?","?","?","?","?","E","M","BOSS","R","M","M","M","?","?","T","M","$","?","?","R","?","E","M","BOSS","R","M","?","?","M","R","T","E","?","?","E","?","R","$","M","BOSS","E","$","R","BOSS"],"items_purchased_type":["Relic","Relic","Card","Relic","Relic","Potion"],"build_version":"2020-12-22","purchased_purges":3,"victory":true,"max_hp_per_floor":[81,81,81,81,81,81,81,81,81,81,81,81,81,81,81,81,81,81,81,81,81,81,81,81,81,81,81,81,81,81,81,81,81,81,91,91,91,91,91,91,91,91,91,91,91,91,91,91,91,91,91,91,91,91,91],"relic_stats":{"Dream Catcher":0,"Busted Crown":20,"counters":[31,116],"Mummified Hand":[50],"Pandora\u0027s Box":["champ:BerserkersShout","champ:FocusedGladiator","champ:GladiatorsShout","champ:Lariat","champ:CheapShot"],"MealTicket":8,"PreservedInsect":329,"CloakClasp":[278],"Bag of Preparation":[2],"obtain_stats":[{"downfall:HeartBlessingRed":47,"champ:ChampionCrown":0,"downfall:HeartBlessingGreen":35,"PreservedInsect":28,"champ:DeflectingBracers":42,"CloakClasp":10,"Bag of Preparation":53,"White Beast Statue":52,"Dream Catcher":45,"Busted Crown":34,"Mummified Hand":14,"downfall:HeartBlessingBlue":35,"Molten Egg 2":11,"Pandora\u0027s Box":17,"MealTicket":31,"champ:BerserkersGuideToSlaughter":5,"Bottled Lightning":24,"Toxic Egg 2":26,"Guardian:BottledAnomaly":26,"InkBottle":41},{"downfall:HeartBlessingRed":26,"champ:ChampionCrown":0,"downfall:HeartBlessingGreen":21,"PreservedInsect":17,"champ:DeflectingBracers":24,"CloakClasp":6,"Bag of Preparation":30,"White Beast Statue":30,"Dream Catcher":26,"Busted Crown":21,"Mummified Hand":8,"downfall:HeartBlessingBlue":21,"Molten Egg 2":6,"Pandora\u0027s Box":10,"MealTicket":19,"champ:BerserkersGuideToSlaughter":3,"Bottled Lightning":14,"Toxic Egg 2":16,"Guardian:BottledAnomaly":16,"InkBottle":23},{"downfall:HeartBlessingRed":103,"champ:ChampionCrown":0,"downfall:HeartBlessingGreen":96,"PreservedInsect":87,"champ:DeflectingBracers":101,"CloakClasp":28,"Bag of Preparation":108,"White Beast Statue":108,"Dream Catcher":103,"Busted Crown":96,"Mummified Hand":39,"downfall:HeartBlessingBlue":96,"Molten Egg 2":28,"Pandora\u0027s Box":51,"MealTicket":90,"champ:BerserkersGuideToSlaughter":8,"Bottled Lightning":75,"Toxic Egg 2":84,"Guardian:BottledAnomaly":84,"InkBottle":100}],"InkBottle":[19]},"card_choices":[{"not_picked":["champ:FocusedBerserking","champ:PerfectedStrike"],"picked":"champ:FaceSlap","floor":2.0},{"not_picked":["champ:DefensiveShout","champ:RageSigil","champ:FlashCut"],"picked":"SKIP","floor":3.0},{"not_picked":["champ:BringItOn","champ:TornadoPunch"],"picked":"champ:Backstep","floor":5.0},{"not_picked":["champ:BringItOn","champ:CrownThrow"],"picked":"champ:BerserkerStyle","floor":6.0},{"not_picked":["champ:BerserkerStyle","champ:Backstep","champ:GladiatorsShout"],"picked":"SKIP","floor":9.0},{"not_picked":["champ:FanOfKnives","champ:Circumvent"],"picked":"champ:IronFortress","floor":10.0},{"not_picked":["champ:RisingSlash+1","champ:GladiatorsShout","champ:EnGarde"],"picked":"SKIP","floor":13.0},{"not_picked":["champ:DefensiveShout","champ:HeartStrike+1","champ:Circumvent"],"picked":"SKIP","floor":14.0},{"not_picked":["champ:Circumvent","champ:DefensiveShout","champ:PreciseThrust+1"],"picked":"SKIP","floor":15.0},{"not_picked":["champ:Shatter+1","champ:FightOn","champ:GutPunch+1"],"picked":"SKIP","floor":19.0},{"not_picked":["champ:Circumvent","champ:Aggression","champ:FocusedGladiator+1"],"picked":"SKIP","floor":20.0},{"not_picked":["champ:Circumvent","champ:Aggression","champ:FocusedGladiator+1"],"picked":"SKIP","floor":20.0},{"not_picked":["champ:ShieldSigil","champ:CrookedStrike+1","champ:FocusedGladiator"],"picked":"SKIP","floor":21.0},{"not_picked":["champ:FocusedGladiator+1","champ:Circumvent"],"picked":"champ:Duel+1","floor":22.0},{"not_picked":["champ:CrookedStrike+1","champ:DefensiveShout","champ:Lariat"],"picked":"SKIP","floor":25.0},{"not_picked":["champ:Circumvent+1","champ:CrookedStrike+1","champ:SwordSigil"],"picked":"SKIP","floor":26.0},{"not_picked":["champ:PerfectedStrike+1","champ:Haymaker+1","champ:AdrenalArmor+1"],"picked":"SKIP","floor":27.0},{"not_picked":["champ:GutPunch+1","champ:TornadoPunch+1","champ:Riposte+1"],"picked":"SKIP","floor":30.0},{"not_picked":["champ:GutPunch+1","champ:TornadoPunch+1","champ:Riposte+1"],"picked":"SKIP","floor":30.0},{"not_picked":["champ:AdrenalArmor+1","champ:HeartStrike+1"],"picked":"champ:GladiatorStyle+1","floor":31.0},{"not_picked":["champ:BringItOn+1","champ:Shatter+1","champ:BladeFlurry+1"],"picked":"SKIP","floor":32.0},{"not_picked":["champ:ShieldSigil+1"],"picked":"SKIP","floor":36.0},{"not_picked":["champ:ShieldSigil+1"],"picked":"SKIP","floor":36.0},{"not_picked":["champ:Backstep+1"],"picked":"SKIP","floor":39.0},{"not_picked":["champ:FanOfKnives+1"],"picked":"SKIP","floor":42},{"not_picked":["champ:HeartStrike+1"],"picked":"SKIP","floor":43},{"not_picked":["champ:DefensiveStyle+1"],"picked":"SKIP","floor":45},{"not_picked":["champ:TornadoPunch+1"],"picked":"SKIP","floor":48},{"not_picked":["champ:HoldFirm+1"],"picked":"SKIP","floor":49},{"not_picked":["champ:TornadoPunch+1"],"picked":"SKIP","floor":52}],"player_experience":2748513,"relics_obtained":[{"floor":10.0,"key":"CloakClasp"},{"floor":11.0,"key":"Molten Egg 2"},{"floor":14.0,"key":"Mummified Hand"},{"floor":24.0,"key":"Bottled Lightning"},{"floor":28.0,"key":"PreservedInsect"},{"floor":31.0,"key":"MealTicket"},{"floor":41.0,"key":"InkBottle"},{"floor":42,"key":"champ:DeflectingBracers"},{"floor":45,"key":"Dream Catcher"},{"floor":52,"key":"White Beast Statue"}],"event_choices":[{"damage_healed":0.0,"max_hp_gain":0.0,"max_hp_loss":0.0,"gold_gain":0.0,"cards_transformed":["champ:Strike"],"event_name":"Transmorgrifier","player_choice":"Transformed","floor":12.0,"gold_loss":0.0,"damage_taken":0.0,"cards_obtained":["champ:BladeFlurry"]},{"damage_healed":0.0,"max_hp_gain":0.0,"max_hp_loss":0.0,"gold_gain":0.0,"cards_transformed":["champ:Riposte"],"event_name":"Transmorgrifier","player_choice":"Transformed","floor":23.0,"gold_loss":0.0,"damage_taken":0.0,"cards_obtained":["champ:Circumvent"]},{"cards_removed":["champ:GladiatorStyle"],"damage_healed":0.0,"max_hp_gain":0.0,"max_hp_loss":0.0,"gold_gain":0.0,"event_name":"Falling","player_choice":"Removed Power","floor":37.0,"gold_loss":0.0,"damage_taken":0.0},{"damage_healed":0.0,"max_hp_gain":0.0,"max_hp_loss":0.0,"gold_gain":0.0,"cards_transformed":["champ:Execute"],"event_name":"Transmorgrifier","player_choice":"Transformed","floor":38.0,"gold_loss":0.0,"damage_taken":0.0,"cards_obtained":["champ:GladiatorStyle"]}],"is_beta":false,"boss_relics":[{"not_picked":["Empty Cage","Calling Bell"],"picked":"Pandora\u0027s Box"},{"not_picked":["Astrolabe","SacredBark"],"picked":"Busted Crown"}],"items_purged_floors":[26,48,53],"is_endless":false,"potions_floor_spawned":[2,9,13,19,21,27,30,31,33,43,45,49,52],"ascension_level":7}}