{"host":"udyc8f81k2jocuhg","time":1609181996,"event":{"mods":["2.2 Compatiblity","BaseMod","Better Third Choice","Colored Powertips","Conspire","Custom Start","GifTheSpireLib","Hermit","Minty Spire (QoL Compilation)","Permanent Neow","Quick Restart","Relic Filter","Relic Stats","Replay The Spire","Shop Mod","Spikes Relics","StSLib","Stuff the Spire"],"gold_per_floor":[113,124,189,205,57,75,106,106,106,106,133,145,178,197,197,271,271,283,283,55,43,63,63,96,96,96,96,114,132,132,159,159,232,232,244,260,109,123,168,168,203,214,214,234,263,263,296,308,308,308,308,308,51,82,82,82],"floor_reached":55,"playtime":3697,"items_purged":["Strike_B","Strike_B","Parasite"],"score":1477,"play_id":"8dcde71b-c1e8-43fc-9277-ce707306eb04","local_time":"20201228195956","is_ascension_mode":true,"campfire_choices":[{"data":"Defragment","floor":8.0,"key":"SMITH"},{"data":"StuffTheSpire:Coldhearted","floor":10.0,"key":"SMITH"},{"data":"Loop","floor":15.0,"key":"SMITH"},{"data":"Sunder","floor":23.0,"key":"SMITH"},{"data":"Zap","floor":25.0,"key":"SMITH"},{"data":"Conserve Battery","floor":27.0,"key":"SMITH"},{"data":"Conserve Battery","floor":30.0,"key":"SMITH"},{"floor":32.0,"key":"REST"},{"data":"Conserve Battery","floor":40.0,"key":"SMITH"},{"floor":49.0,"key":"RECALL"},{"data":"StuffTheSpire:Synthwave","floor":52.0,"key":"SMITH"}],"circlet_count":0,"master_deck":["AscendersBane","Strike_B","Defend_B","Defend_B","Defend_B","Defend_B","Zap+1","Dualcast","Cold Snap+1","Cold Snap","Conserve Battery+1","Defragment+1","Sunder+1","StuffTheSpire:Coldhearted+1","Loop+1","StuffTheSpire:Synthwave+1","Conserve Battery+1","Leap","Core Surge+1","Conserve Battery+1","Heatsinks","Leap","Machine Learning","Leap+1","Ball Lightning","Force Field","Glacier+1","Rip and Tear+1"],"relics":["FrozenCore","Lantern","StuffTheSpire:OldFever","Pen Nib","StuffTheSpire:ColdMirror","Peace Pipe","Replay:Mystery Machine","OrangePellets","Whetstone","SpikesRelics:ToyHorsey","AncientExoskeleton","SuspiciousGoo","conspire:GlowingRock","MiniBlackHole","Golden Egg","The Courier","DataDisk","StuffTheSpire:Experiment12"],"acts_visited":["Exordium","TheCity","TheBeyond","TheEnding"],"potions_floor_usage":[54,55],"damage_taken":[{"damage":0.0,"enemies":"conspire:RoseBush","floor":1.0,"turns":5.0},{"damage":1.0,"enemies":"Cultist","floor":2.0,"turns":4.0},{"damage":0.0,"enemies":"2 Louse","floor":4.0,"turns":2.0},{"damage":2.0,"enemies":"Lots of Slimes","floor":6.0,"turns":3.0},{"damage":0.0,"enemies":"Replay:BlueRogue","floor":7.0,"turns":7.0},{"damage":0.0,"enemies":"Lagavulin","floor":11.0,"turns":9.0},{"damage":0.0,"enemies":"conspire:2 RoseBushes","floor":12.0,"turns":5.0},{"damage":8.0,"enemies":"Gremlin Nob","floor":13.0,"turns":6.0},{"damage":0.0,"enemies":"2 Fungi Beasts","floor":14.0,"turns":3.0},{"damage":18.0,"enemies":"Fading Forest","floor":16.0,"turns":11.0},{"damage":0.0,"enemies":"conspire:FuzzyDice","floor":18.0,"turns":9.0},{"damage":31.0,"enemies":"2 Thieves","floor":21.0,"turns":5.0},{"damage":0.0,"enemies":"Cultist and Chosen","floor":22.0,"turns":8.0},{"damage":0.0,"enemies":"Replay:Snechameleon","floor":24.0,"turns":9.0},{"damage":0.0,"enemies":"Sentry and Sphere","floor":28.0,"turns":7.0},{"damage":19.0,"enemies":"Centurion and Healer","floor":29.0,"turns":5.0},{"damage":3.0,"enemies":"Slavers","floor":31.0,"turns":7.0},{"damage":6.0,"enemies":"conspire:MysteriousRune","floor":33.0,"turns":12.0},{"damage":0.0,"enemies":"3 Darklings","floor":35.0,"turns":9.0},{"damage":0.0,"enemies":"Orb Walker","floor":36.0,"turns":4.0},{"damage":0.0,"enemies":"Maw","floor":38.0,"turns":9.0},{"damage":16.0,"enemies":"2 Orb Walkers","floor":39.0,"turns":8.0},{"damage":39.0,"enemies":"Giant Head","floor":41.0,"turns":13.0},{"damage":0.0,"enemies":"Sphere and 2 Shapes","floor":42.0,"turns":6.0},{"damage":0.0,"enemies":"3 Darklings","floor":44.0,"turns":6.0},{"damage":0.0,"enemies":"Reptomancer","floor":45.0,"turns":6.0},{"damage":8.0,"enemies":"Giant Head","floor":47.0,"turns":13.0},{"damage":0.0,"enemies":"Writhing Mass","floor":48.0,"turns":9.0},{"damage":49.0,"enemies":"Awakened One","floor":50.0,"turns":12.0},{"damage":2,"enemies":"Shield and Spear","floor":54,"turns":10},{"damage":51,"enemies":"The Heart","floor":55,"turns":8}],"seed_played":"7422014155292815109","potions_obtained":[{"floor":3.0,"key":"Reflective Coating"},{"floor":3.0,"key":"EssenceOfDarkness"},{"floor":6.0,"key":"Fire Potion"},{"floor":7.0,"key":"BlessingOfTheForge"},{"floor":38.0,"key":"Block Potion"},{"floor":39.0,"key":"Fruit Juice"},{"floor":44.0,"key":"PowerPotion"},{"floor":45.0,"key":"PowerPotion"},{"floor":47.0,"key":"BlessingOfTheForge"},{"floor":54,"key":"GamblersBrew"}],"is_trial":false,"path_per_floor":["M","M","?","M","$","M","E","R","T","R","E","M","E","M","R","B",null,"M","?","$","M","M","R","E","R","T","R","M","M","R","E","R","B",null,"M","M","$","M","?","R","E","M","T","M","E","?","E","M","R","B",null,"R","$","E","B"],"character_chosen":"DEFECT","items_purchased":["Defragment","Sunder","OrangePellets","Ball Lightning","DataDisk","Rip and Tear+1"],"campfire_rested":1,"item_purchase_floors":[5,5,20,37,53,53],"current_hp_per_floor":[64,63,46,46,46,44,44,44,44,44,44,44,36,36,36,26,60,60,60,60,29,29,29,29,29,29,29,29,10,10,7,28,22,59,59,59,59,59,43,43,9,9,9,9,9,66,58,58,58,9,52,52,52,50,0,0],"gold":82,"neow_bonus":"RANDOM_COMMON_RELIC","is_daily":false,"chose_seed":false,"campfire_upgraded":9,"win_rate":0.0,"timestamp":1609181996,"path_taken":["M","M","?","?","$","M","E","R","T","R","E","M","E","M","R","BOSS","M","?","$","M","?","R","E","R","T","R","M","M","R","E","R","BOSS","M","M","$","M","?","R","E","M","T","M","E","?","E","M","R","BOSS","R","$","E","BOSS"],"items_purchased_type":["Card","Card","Relic","Card","Relic","Card"],"build_version":"2020-12-22","purchased_purges":3,"victory":false,"max_hp_per_floor":[71,71,71,71,71,71,71,71,71,71,71,71,71,71,71,71,71,71,71,71,71,71,71,71,71,71,71,71,71,71,71,71,71,71,71,71,71,71,71,71,76,76,76,76,76,66,66,66,66,66,66,66,63,63,63,63],"relic_stats":{"Peace Pipe":0,"OrangePellets":[10],"counters":[31,230],"Pen Nib":[24],"Whetstone":["Core Surge","Cold Snap"],"obtain_stats":[{"Golden Egg":45,"Lantern":0,"AncientExoskeleton":34,"SuspiciousGoo":39,"Pen Nib":7,"The Courier":47,"Whetstone":24,"Replay:Mystery Machine":13,"FrozenCore":17,"Peace Pipe":11,"OrangePellets":20,"StuffTheSpire:Experiment12":54,"conspire:GlowingRock":41,"DataDisk":53,"SpikesRelics:ToyHorsey":31,"StuffTheSpire:ColdMirror":9,"MiniBlackHole":43,"Cracked Core":0,"StuffTheSpire:OldFever":3},{"Golden Egg":26,"Lantern":0,"AncientExoskeleton":18,"SuspiciousGoo":22,"Pen Nib":5,"The Courier":27,"Whetstone":14,"Replay:Mystery Machine":8,"FrozenCore":10,"Peace Pipe":6,"OrangePellets":11,"StuffTheSpire:Experiment12":30,"conspire:GlowingRock":23,"DataDisk":29,"SpikesRelics:ToyHorsey":17,"StuffTheSpire:ColdMirror":5,"MiniBlackHole":24,"Cracked Core":0,"StuffTheSpire:OldFever":2},{"Golden Egg":178,"Lantern":0,"AncientExoskeleton":117,"SuspiciousGoo":147,"Pen Nib":21,"The Courier":191,"Whetstone":86,"Replay:Mystery Machine":41,"FrozenCore":55,"Peace Pipe":30,"OrangePellets":64,"StuffTheSpire:Experiment12":222,"conspire:GlowingRock":160,"DataDisk":212,"SpikesRelics:ToyHorsey":105,"StuffTheSpire:ColdMirror":21,"MiniBlackHole":166,"Cracked Core":0,"StuffTheSpire:OldFever":9}],"FrozenCore":[40]},"card_choices":[{"not_picked":["BasicCrystalCard","Turbo"],"picked":"Cold Snap","floor":1.0},{"not_picked":["Leap","Compile Driver"],"picked":"Cold Snap","floor":2.0},{"not_picked":["Rebound","Force Field"],"picked":"Conserve Battery","floor":3.0},{"not_picked":["Scrape","Rebound","Redo"],"picked":"SKIP","floor":4.0},{"not_picked":["StuffTheSpire:Plugnplay","Cold Snap"],"picked":"StuffTheSpire:Coldhearted","floor":6.0},{"not_picked":["StuffTheSpire:Plugnplay","Seek"],"picked":"Loop","floor":7.0},{"not_picked":["Stack","Panic Button"],"picked":"StuffTheSpire:Synthwave","floor":11.0},{"not_picked":["Lockon","Hologram","Redo"],"picked":"SKIP","floor":12.0},{"not_picked":["Leap","StuffTheSpire:Rend"],"picked":"Conserve Battery","floor":13.0},{"not_picked":["Reinforced Body","Panic Button"],"picked":"Leap","floor":14.0},{"not_picked":["Hyperbeam","Meteor Strike"],"picked":"Core Surge","floor":16.0},{"not_picked":["DiskWipe","Auto Shields","StuffTheSpire:Plugnplay"],"picked":"SKIP","floor":18.0},{"not_picked":["Panic Button","Stack","Streamline"],"picked":"SKIP","floor":21.0},{"not_picked":["Ball Lightning","conspire:Rain","Scrape"],"picked":"SKIP","floor":22.0},{"not_picked":["Aggregate","StuffTheSpire:Plugnplay+1"],"picked":"Heatsinks","floor":24.0},{"not_picked":["BasicCrystalCard","Hello World","Crystallizer"],"picked":"SKIP","floor":28.0},{"not_picked":["Darkness","Sweeping Beam+1","ReplayRNGCard"],"picked":"SKIP","floor":29.0},{"not_picked":["Force Field+1","Rip and Tear"],"picked":"Leap","floor":31.0},{"not_picked":["ReplayTheSpireMod:Omega Cannon","StuffTheSpire:LaunchingStrike"],"picked":"Machine Learning","floor":33.0},{"not_picked":["conspire:Rain","Stack"],"picked":"Leap+1","floor":35.0},{"not_picked":["Cold Snap","Compile Driver","Tempest"],"picked":"SKIP","floor":36.0},{"not_picked":["ReplayTheSpireMod:GoodbyeWorld","Recycle"],"picked":"Force Field","floor":38.0},{"not_picked":["Turbo","Darkness","Cold Snap+1"],"picked":"SKIP","floor":41.0},{"not_picked":["ReplayTheSpireMod:Repulse+1","Redo","StuffTheSpire:Plugnplay"],"picked":"SKIP","floor":42.0},{"not_picked":["BasicCrystalCard","Beam Cell","Hologram"],"picked":"SKIP","floor":44.0},{"not_picked":["StuffTheSpire:LoadUp","StuffTheSpire:Plugnplay","Static Discharge"],"picked":"SKIP","floor":45.0},{"not_picked":["BasicCrystalCard","Go for the Eyes+1","All For One"],"picked":"SKIP","floor":47.0},{"not_picked":["Auto Shields","DiskWipe"],"picked":"Glacier+1","floor":48.0},{"not_picked":["Leap","Rebound","StuffTheSpire:CleanHardDrive+1"],"picked":"SKIP","floor":54}],"player_experience":1929913,"relics_obtained":[{"floor":3.0,"key":"StuffTheSpire:OldFever"},{"floor":7.0,"key":"Pen Nib"},{"floor":9.0,"key":"StuffTheSpire:ColdMirror"},{"floor":11.0,"key":"Peace Pipe"},{"floor":13.0,"key":"Replay:Mystery Machine"},{"floor":24.0,"key":"Whetstone"},{"floor":31.0,"key":"SpikesRelics:ToyHorsey"},{"floor":39.0,"key":"SuspiciousGoo"},{"floor":41.0,"key":"conspire:GlowingRock"},{"floor":43.0,"key":"MiniBlackHole"},{"floor":45.0,"key":"Golden Egg"},{"floor":47.0,"key":"The Courier"},{"floor":54,"key":"StuffTheSpire:Experiment12"}],"event_choices":[{"damage_healed":0.0,"max_hp_gain":0.0,"max_hp_loss":0.0,"gold_gain":0.0,"cards_transformed":["Strike_B"],"event_name":"Transmorgrifier","player_choice":"Transformed","floor":19.0,"gold_loss":0.0,"damage_taken":0.0,"cards_obtained":["Conserve Battery"]},{"damage_healed":0.0,"max_hp_gain":0.0,"max_hp_loss":0.0,"gold_gain":0.0,"event_name":"Mysterious Sphere","player_choice":"Fight","floor":39.0,"gold_loss":0.0,"damage_taken":0.0},{"damage_healed":66.0,"max_hp_gain":0.0,"max_hp_loss":10.0,"gold_gain":0.0,"event_name":"The Moai Head","player_choice":"Heal","floor":46.0,"gold_loss":0.0,"damage_taken":0.0}],"is_beta":false,"boss_relics":[{"not_picked":["CosmicIsotope","Replay:Wanted Poster"],"picked":"FrozenCore"},{"not_picked":["Coffee Dripper","Tiny House"],"picked":"AncientExoskeleton"}],"items_purged_floors":[20,37,53],"is_endless":false,"potions_floor_spawned":[4,6,7,11,18,24,29,38,39,44,45,47,54],"killed_by":"The Heart","ascension_level":14}}