{"host":"lsq35p0sdkx2xifo","time":1609197049,"event":{"mods":["AchievementEnabler","BaseMod","Googly Eyes","Highlight Path","Minty Spire (QoL Compilation)","StSLib","The Senshi"],"gold_per_floor":[117,117,135,151,175,209,230,230,254,254,267,23,39,70,70,70,70],"floor_reached":16,"playtime":817,"items_purged":["Strike_G"],"score":188,"play_id":"3f0adc8d-c74e-4258-8645-6f017fe2622f","local_time":"20201228151049","is_ascension_mode":true,"campfire_choices":[{"floor":8,"key":"REST"},{"floor":15,"key":"REST"}],"circlet_count":0,"master_deck":["AscendersBane","Strike_G","Strike_G","Strike_G","Strike_G","Defend_G","Defend_G","Defend_G","Defend_G","Defend_G","Survivor","Neutralize+1","Backstab","Noxious Fumes","Deflect","Noxious Fumes","Deadly Poison","Noxious Fumes","Flying Knee","Escape Plan","Bane","Sadistic Nature","Sucker Punch"],"relics":["Ring of the Snake","Golden Idol","Omamori","Anchor","Tiny Chest"],"acts_visited":["Exordium"],"potions_floor_usage":[5,6,11,14,14],"damage_taken":[{"damage":1,"enemies":"2 Louse","floor":1,"turns":5},{"damage":0,"enemies":"Cultist","floor":3,"turns":4},{"damage":0,"enemies":"Small Slimes","floor":4,"turns":4},{"damage":11,"enemies":"Exordium Thugs","floor":5,"turns":6},{"damage":19,"enemies":"3 Sentries","floor":6,"turns":7},{"damage":1,"enemies":"Blue Slaver","floor":7,"turns":4},{"damage":0,"enemies":"Exordium Wildlife","floor":11,"turns":3},{"damage":0,"enemies":"Gremlin Gang","floor":13,"turns":3},{"damage":22,"enemies":"Lagavulin","floor":14,"turns":4},{"damage":36,"enemies":"The Guardian","floor":16,"turns":6}],"seed_played":"-7615850100352604336","potions_obtained":[{"floor":3,"key":"Swift Potion"},{"floor":5,"key":"Weak Potion"},{"floor":6,"key":"FearPotion"},{"floor":7,"key":"BlessingOfTheForge"},{"floor":13,"key":"AttackPotion"}],"is_trial":false,"path_per_floor":["M","?","M","M","M","E","M","R","T","?","M","$","M","E","R","B"],"character_chosen":"THE_SILENT","items_purchased":["Sadistic Nature"],"campfire_rested":2,"item_purchase_floors":[12],"current_hp_per_floor":[62,45,45,45,34,15,14,35,35,35,35,35,35,13,34,0,0],"gold":70,"neow_bonus":"UPGRADE_CARD","is_daily":false,"chose_seed":false,"campfire_upgraded":0,"win_rate":0.0,"timestamp":1609197049,"path_taken":["M","?","M","M","M","E","M","R","T","?","?","$","?","E","R","BOSS"],"items_purchased_type":["Card"],"build_version":"2020-12-22","purchased_purges":1,"victory":false,"max_hp_per_floor":[70,70,70,70,70,70,70,70,70,70,70,70,70,70,70,70,70],"card_choices":[{"not_picked":["Prepared","Deflect"],"picked":"Backstab","floor":1},{"not_picked":["Predator","Quick Slash"],"picked":"Noxious Fumes","floor":3},{"not_picked":["Outmaneuver","Underhanded Strike"],"picked":"Deflect","floor":4},{"not_picked":["All Out Attack","Sucker Punch"],"picked":"Noxious Fumes","floor":5},{"not_picked":["Predator","Wraith Form v2"],"picked":"Deadly Poison","floor":6},{"not_picked":["Dagger Spray","Dagger Throw"],"picked":"Noxious Fumes","floor":7},{"not_picked":["Tactician","Cloak And Dagger"],"picked":"Bane","floor":11},{"not_picked":["Outmaneuver","Expertise","Dodge and Roll"],"picked":"SKIP","floor":13},{"not_picked":["Prepared","Flying Knee"],"picked":"Sucker Punch","floor":14}],"player_experience":1319079,"relics_obtained":[{"floor":6,"key":"Omamori"},{"floor":9,"key":"Anchor"},{"floor":14,"key":"Tiny Chest"}],"event_choices":[{"damage_healed":0,"gold_gain":0,"player_choice":"Take Damage","damage_taken":17,"relics_obtained":["Golden Idol"],"max_hp_gain":0,"max_hp_loss":0,"event_name":"Golden Idol","floor":2,"gold_loss":0},{"damage_healed":0,"gold_gain":0,"player_choice":"2 cards matched","damage_taken":0,"max_hp_gain":0,"max_hp_loss":0,"event_name":"Match and Keep!","floor":10,"gold_loss":0,"cards_obtained":["Flying Knee","Escape Plan"]}],"is_beta":false,"boss_relics":[],"items_purged_floors":[12],"is_endless":false,"potions_floor_spawned":[3,5,6,7,13],"killed_by":"The Guardian","ascension_level":13}}