{"host":"sav7uxregyirlf69","time":1609139364,"event":{"mods":["AchievementEnabler","BaseMod","Colored Map","DeckTracker","Keyboard Shortcuts","Minty Spire (QoL Compilation)","READ ME - Guardian Mod","StSLib","SuperFastMode"],"gold_per_floor":[119,119,134,146,18,18,18,51,74,74,85,98,98,11,11,88,88,105,105,105,105,118,118,446,461,461,471,471,471],"floor_reached":28,"playtime":545,"items_purged":["Defend_G"],"score":526,"play_id":"c81c6e4a-686d-4fb2-8f41-85fbb3eb1702","local_time":"20201228160924","is_ascension_mode":true,"campfire_choices":[{"data":"Choke","floor":7.0,"key":"SMITH"},{"data":"Cloak And Dagger","floor":10.0,"key":"SMITH"},{"data":"Noxious Fumes","floor":13.0,"key":"SMITH"},{"data":"Footwork","floor":15.0,"key":"SMITH"},{"data":"Catalyst","floor":23,"key":"SMITH"}],"circlet_count":0,"master_deck":["AscendersBane","Defend_G","Defend_G","Survivor","Neutralize","Choke+1","Dagger Throw","Noxious Fumes+1","Cloak And Dagger+1","Backflip","Deflect","Footwork+1","Corpse Explosion","Predator+1","Wraith Form v2+1","Venomology+1","A Thousand Cuts","Catalyst+1","Well Laid Plans"],"relics":["Ring of the Snake","Anchor","Akabeko","Astrolabe","Old Coin"],"acts_visited":["Exordium","TheCity"],"potions_floor_usage":[24,25,27,28,28,28],"damage_taken":[{"damage":0.0,"enemies":"2 Louse","floor":1.0,"turns":2.0},{"damage":0.0,"enemies":"Cultist","floor":3.0,"turns":3.0},{"damage":3.0,"enemies":"Small Slimes","floor":4.0,"turns":4.0},{"damage":16.0,"enemies":"3 Sentries","floor":8.0,"turns":7.0},{"damage":0.0,"enemies":"Exordium Wildlife","floor":11.0,"turns":2.0},{"damage":0.0,"enemies":"Looter","floor":12.0,"turns":1.0},{"damage":17.0,"enemies":"Slime Boss","floor":16.0,"turns":9.0},{"damage":2.0,"enemies":"3 Byrds","floor":18.0,"turns":4.0},{"damage":0,"enemies":"2 Thieves","floor":22,"turns":4},{"damage":28,"enemies":"Slavers","floor":24,"turns":3},{"damage":8,"enemies":"Sentry and Sphere","floor":25,"turns":6},{"damage":0,"enemies":"Cultist and Chosen","floor":27,"turns":5},{"damage":38,"enemies":"Gremlin Leader","floor":28,"turns":4}],"seed_played":"-4206759635706667986","potions_obtained":[{"floor":1.0,"key":"Strength Potion"},{"floor":3.0,"key":"BlessingOfTheForge"},{"floor":8.0,"key":"Poison Potion"},{"floor":12.0,"key":"Weak Potion"},{"floor":25,"key":"Fire Potion"},{"floor":27,"key":"Regen Potion"}],"is_trial":false,"path_per_floor":["M","?","M","M","$","?","R","E","T","R","M","M","R","$","R","B",null,"M","?","?","?","M","R","E","M","T","M","E"],"character_chosen":"THE_SILENT","items_purchased":["Cloak And Dagger","Footwork"],"campfire_rested":0,"item_purchase_floors":[5,14],"current_hp_per_floor":[65,65,65,62,62,55,55,39,39,39,39,39,39,39,39,22,60,58,58,58,58,58,58,30,22,22,22,0,0],"gold":471,"neow_bonus":"TEN_PERCENT_HP_BONUS","is_daily":false,"chose_seed":false,"campfire_upgraded":5,"win_rate":0.0,"timestamp":1609139364,"path_taken":["M","?","?","M","$","?","R","E","T","R","M","M","R","$","R","BOSS","M","?","?","?","?","R","E","M","T","M","E"],"items_purchased_type":["Card","Card"],"build_version":"2020-12-22","purchased_purges":1,"victory":false,"max_hp_per_floor":[72,72,72,72,72,72,72,72,72,72,72,72,72,72,72,72,72,72,72,72,72,72,72,72,72,72,72,72,72],"card_choices":[{"not_picked":["Setup","Escape Plan"],"picked":"Choke","floor":1.0},{"not_picked":["Deadly Poison","Cloak And Dagger"],"picked":"Dagger Throw","floor":3.0},{"not_picked":["Finisher","Expertise"],"picked":"Noxious Fumes","floor":4.0},{"not_picked":["Catalyst","Deflect"],"picked":"Backflip","floor":8.0},{"not_picked":["Flying Knee","Outmaneuver"],"picked":"Deflect","floor":11.0},{"not_picked":["Bane","Flying Knee","Poisoned Stab"],"picked":"SKIP","floor":12.0},{"not_picked":["Burst","Envenom"],"picked":"Corpse Explosion","floor":16.0},{"not_picked":["Deadly Poison","Masterful Stab+1","Setup"],"picked":"SKIP","floor":18.0},{"not_picked":["Sucker Punch","Dagger Throw+1","Choke"],"picked":"SKIP","floor":22},{"not_picked":["Blade Dance+1","Flying Knee"],"picked":"Well Laid Plans","floor":24},{"not_picked":["Bouncing Flask","Dagger Spray","Outmaneuver"],"picked":"SKIP","floor":25},{"not_picked":["Catalyst","Dash","Bouncing Flask"],"picked":"SKIP","floor":27}],"player_experience":1024110,"relics_obtained":[{"floor":8.0,"key":"Anchor"},{"floor":9.0,"key":"Akabeko"},{"floor":24,"key":"Old Coin"}],"event_choices":[{"cards_removed":["Strike_G"],"damage_healed":0.0,"max_hp_gain":0.0,"max_hp_loss":0.0,"gold_gain":0.0,"event_name":"Purifier","player_choice":"Purged","floor":2.0,"gold_loss":0.0,"damage_taken":0.0},{"cards_removed":["Strike_G"],"damage_healed":0.0,"max_hp_gain":0.0,"max_hp_loss":0.0,"gold_gain":0.0,"event_name":"Golden Wing","player_choice":"Card Removal","floor":6.0,"gold_loss":0.0,"damage_taken":7.0},{"damage_healed":0.0,"max_hp_gain":0.0,"max_hp_loss":0.0,"gold_gain":0.0,"cards_transformed":["Strike_G","Defend_G"],"event_name":"Drug Dealer","player_choice":"Became Test Subject","floor":19.0,"gold_loss":0.0,"damage_taken":0.0,"cards_obtained":["A Thousand Cuts","Infinite Blades"]},{"damage_healed":0.0,"max_hp_gain":0.0,"max_hp_loss":0.0,"gold_gain":0.0,"event_name":"The Mausoleum","player_choice":"Ignored","floor":20.0,"gold_loss":0.0,"damage_taken":0.0},{"damage_healed":0.0,"max_hp_gain":0.0,"max_hp_loss":0.0,"gold_gain":0.0,"cards_transformed":["Infinite Blades"],"event_name":"Transmorgrifier","player_choice":"Transformed","floor":21.0,"gold_loss":0.0,"damage_taken":0.0,"cards_obtained":["Catalyst"]}],"is_beta":false,"boss_relics":[{"not_picked":["SacredBark","Runic Pyramid"],"picked":"Astrolabe"}],"items_purged_floors":[5],"is_endless":false,"potions_floor_spawned":[1,3,8,12,25,27],"killed_by":"Gremlin Leader","ascension_level":20}}