{"host":"6dypmz777xraikqf","time":1609183111,"event":{"mods":["AchievementEnabler","BaseMod","BetterRewards","Colored Map","Colored Powertips","Downfall","Highlight Path","Hubris","Infinite Spire","Minty Spire (QoL Compilation)","Replay The Spire","StSLib"],"gold_per_floor":[114,131,131,181,198,198,5,5,5,31,44,44,62,72,72,167,167,182,182,281,313,333,368,387,407,434,434,434],"floor_reached":27,"playtime":2184,"items_purged":["Wraith Form v2"],"score":235,"play_id":"da7cfb33-d9a6-4fd7-87cd-caabc71026c8","local_time":"20201228191831","is_ascension_mode":false,"campfire_choices":[{"data":"Well Laid Plans","floor":6,"key":"SMITH"},{"data":"ReplayTheSpireMod:Scrap Shanks","floor":8,"key":"SMITH"},{"floor":15,"key":"REST"}],"circlet_count":0,"master_deck":["Strike_G+1","Strike_G+1","Strike_G+1","Strike_G+1","Strike_G+1","Defend_G+1","Defend_G+1","Defend_G+1","Defend_G+1","Defend_G+1","Survivor","Neutralize","Poisoned Stab","Well Laid Plans+1","Backflip","Expertise","ReplayTheSpireMod:Scrap Shanks+1","Acrobatics+1","Prepared+1","Poisoned Stab","Infinite Blades","Bouncing Flask","Venomology","Flying Knee+1","Dagger Throw+1","Blade Dance+1","Footwork","Footwork+1"],"relics":["Ring of the Snake","Pet Ghost","Incense Burner","ReplayFunnel","Fusion Hammer","Red Mask","Replay:Arrowhead","Replay:Wax Seal"],"acts_visited":["Exordium","TheCity"],"potions_floor_usage":[10,10,16,16,18,21,21,23,23,24,24,25,27],"damage_taken":[{"damage":13,"enemies":"Jaw Worm","floor":1,"turns":10},{"damage":1,"enemies":"Cultist","floor":2,"turns":3},{"damage":2,"enemies":"2 Louse","floor":5,"turns":4},{"damage":18,"enemies":"Replay:BlueRogue","floor":10,"turns":4},{"damage":11,"enemies":"Exordium Wildlife","floor":11,"turns":6},{"damage":0,"enemies":"Blue Slaver","floor":13,"turns":4},{"damage":10,"enemies":"3 Louse","floor":14,"turns":3},{"damage":9,"enemies":"The Guardian","floor":16,"turns":9},{"damage":0,"enemies":"Chosen","floor":18,"turns":5},{"damage":7,"enemies":"Masked Bandits","floor":21,"turns":5},{"damage":13,"enemies":"2 Thieves","floor":22,"turns":5},{"damage":10,"enemies":"Gremlin Leader","floor":23,"turns":7},{"damage":19,"enemies":"Centurion and Healer","floor":24,"turns":4},{"damage":4,"enemies":"Shelled Parasite and Fungi","floor":25,"turns":5},{"damage":21,"enemies":"Snake Plant","floor":27,"turns":2}],"seed_played":"566190765222256344","potions_obtained":[{"floor":1,"key":"LiquidBronze"},{"floor":5,"key":"Poison Potion"},{"floor":13,"key":"Fire Potion"},{"floor":14,"key":"Strength Potion"},{"floor":22,"key":"Weak Potion"},{"floor":24,"key":"Elixir"},{"floor":25,"key":"sneckomod:MuddlingPotion"}],"is_trial":false,"path_per_floor":["M","M","?","T","M","R","$","R","T","E","M","?","M","M","R","B",null,"M","?","?","?","M","E","M","M","T","M"],"character_chosen":"THE_SILENT","items_purchased":["ReplayTheSpireMod:Scrap Shanks","Acrobatics+1"],"campfire_rested":1,"item_purchase_floors":[7,7],"current_hp_per_floor":[57,56,56,56,54,54,54,54,54,36,25,25,25,15,36,27,70,70,70,70,63,50,40,21,17,17,0,0],"gold":434,"neow_bonus":"ONE_RANDOM_RARE_CARD","is_daily":false,"chose_seed":false,"campfire_upgraded":2,"win_rate":0.0,"timestamp":1609183111,"path_taken":["M","M","?","?","M","R","$","R","T","E","M","?","M","?","R","BOSS","M","?","?","?","M","E","M","M","T","M"],"items_purchased_type":["Card","Card"],"build_version":"2020-12-22","purchased_purges":1,"victory":false,"max_hp_per_floor":[70,70,70,70,70,70,70,70,70,70,70,70,70,70,70,70,70,70,70,70,70,70,70,70,70,70,70,70],"card_choices":[{"not_picked":["Prepared","Riddle With Holes"],"picked":"Poisoned Stab","floor":1},{"not_picked":["Eviscerate","Caltrops"],"picked":"Well Laid Plans","floor":2},{"not_picked":["Masterful Stab","Hidden Blade"],"picked":"Expertise","floor":5},{"not_picked":["Fluid Movement","Backstab"],"picked":"Prepared","floor":10},{"not_picked":["Flying Knee","Choke"],"picked":"Poisoned Stab","floor":11},{"not_picked":["Tactician","Poisoned Stab"],"picked":"Infinite Blades","floor":13},{"not_picked":["Sneak Up","Expertise"],"picked":"Bouncing Flask","floor":14},{"not_picked":["Burst","Atom Bomb"],"picked":"Venomology","floor":16},{"not_picked":["Replay:Poison Smokescreen","hubris:SlightOfHand"],"picked":"Flying Knee+1","floor":18},{"not_picked":["Replay:Poison Smokescreen","Endless Agony+1"],"picked":"Dagger Throw+1","floor":21},{"not_picked":["Acrobatics","Poisoned Stab"],"picked":"Blade Dance+1","floor":22},{"not_picked":["Riddle With Holes","Acrobatics","Draining Mist+1"],"picked":"SKIP","floor":23},{"not_picked":["Finisher+1","ReplayTheSpireMod:The Works"],"picked":"Footwork","floor":24},{"not_picked":["Sucker Punch","Poisoned Stab+1"],"picked":"Footwork+1","floor":25}],"player_experience":19468,"relics_obtained":[{"floor":4,"key":"Pet Ghost"},{"floor":9,"key":"Incense Burner"},{"floor":10,"key":"ReplayFunnel"},{"floor":21,"key":"Red Mask"},{"floor":23,"key":"Replay:Arrowhead"},{"floor":26,"key":"Replay:Wax Seal"}],"event_choices":[{"damage_healed":0,"gold_gain":0,"player_choice":"Simplicity","damage_taken":0,"max_hp_gain":0,"max_hp_loss":0,"event_name":"Back to Basics","floor":19,"gold_loss":0,"cards_upgraded":["Strike_G","Strike_G","Strike_G","Strike_G","Strike_G","Defend_G","Defend_G","Defend_G","Defend_G","Defend_G"]},{"damage_healed":0,"gold_gain":99,"player_choice":"Stole From Cult","damage_taken":0,"max_hp_gain":0,"max_hp_loss":0,"event_name":"Nest","floor":20,"gold_loss":0},{"damage_healed":0,"gold_gain":0,"player_choice":"Fought Bandits","damage_taken":0,"max_hp_gain":0,"max_hp_loss":0,"event_name":"Masked Bandits","floor":21,"gold_loss":0}],"is_beta":false,"boss_relics":[{"not_picked":["Philosopher\u0027s Stone","Velvet Choker"],"picked":"Fusion Hammer"}],"items_purged_floors":[7],"is_endless":false,"potions_floor_spawned":[1,5,13,14,22,24,25],"killed_by":"Snake Plant","ascension_level":0}}