{"host":"igi9xpgoc000gxf5","time":1609194371,"event":{"mods":["BaseMod","Colored Powertips","Downfall","Googly Eyes","Minty Spire (QoL Compilation)","StSLib"],"gold_per_floor":[0,11,11,30,49,59,59,59,1,1,11,11,25,45,60,155,205,205,225,175,175,185,46,46,46,60,77,88,114,114,114,133,133,133,133],"floor_reached":33,"playtime":3099,"items_purged":[],"score":288,"play_id":"f4e03f65-f50c-4fdd-8f41-a592f647fcf7","local_time":"20201228232611","is_ascension_mode":false,"campfire_choices":[{"data":"Guardian:CurlUp","floor":1,"key":"SMITH"},{"floor":10,"key":"REST"},{"data":"Guardian:StasisStrike","floor":18,"key":"SMITH"},{"floor":25,"key":"REST"},{"floor":30,"key":"REST"}],"circlet_count":0,"master_deck":["Guardian:Strike_Guardian","Guardian:Strike_Guardian","Guardian:Strike_Guardian","Guardian:Strike_Guardian+1","Guardian:Defend_Guardian","Guardian:Defend_Guardian","Guardian:Defend_Guardian","Guardian:Defend_Guardian","Guardian:CurlUp+1","Guardian:TwinSlam","Guardian:TimeBomb","Guardian:VentSteam","Guardian:CrystalBeam","Guardian:TemporalStrike","Guardian:StasisStrike+1","Guardian:PiercingHide+1","Guardian:ShieldSpikes+1","Regret","Guardian:TemporalShield+1","Guardian:FastForward+1","Guardian:PolyBeam","Guardian:ChargeCore","Guardian:PolyBeam+1","Guardian:WalkerClaw+1","Guardian:TemporalStrike","Guardian:FloatingOrbs","Guardian:RollAttack","Guardian:Harden+1","Guardian:Suspension+1"],"relics":["Guardian:ModeShifter","Guardian:PickAxe","Toxic Egg 2","The Courier","Sundial","Tiny House","Lantern","Letter Opener","Ice Cream"],"acts_visited":["Exordium","TheCity"],"potions_floor_usage":[16,16,16,27,27,29,33,33],"damage_taken":[{"damage":0,"enemies":"Cultist","floor":2,"turns":4},{"damage":4,"enemies":"Jaw Worm","floor":4,"turns":4},{"damage":0,"enemies":"2 Louse","floor":5,"turns":5},{"damage":17,"enemies":"Large Slime","floor":6,"turns":5},{"damage":0,"enemies":"downfall:FleeingMerchant","floor":9,"turns":4},{"damage":6,"enemies":"2 Fungi Beasts","floor":11,"turns":3},{"damage":8,"enemies":"Red Slaver","floor":13,"turns":3},{"damage":22,"enemies":"Exordium Wildlife","floor":14,"turns":6},{"damage":17,"enemies":"Blue Slaver","floor":15,"turns":5},{"damage":49,"enemies":"downfall:Defect","floor":16,"turns":12},{"damage":12,"enemies":"Spheric Guardian","floor":19,"turns":5},{"damage":22,"enemies":"Shell Parasite","floor":22,"turns":4},{"damage":9,"enemies":"downfall:FleeingMerchant","floor":23,"turns":4},{"damage":21,"enemies":"Snake Plant","floor":26,"turns":4},{"damage":13,"enemies":"Centurion and Healer","floor":27,"turns":3},{"damage":11,"enemies":"Sentry and Sphere","floor":28,"turns":4},{"damage":54,"enemies":"Book of Stabbing","floor":29,"turns":7},{"damage":10,"enemies":"Snecko","floor":32,"turns":4},{"damage":22,"enemies":"downfall:Ironclad","floor":33,"turns":9}],"seed_played":"8912730009569404554","potions_obtained":[{"floor":2,"key":"Weak Potion"},{"floor":11,"key":"Block Potion"},{"floor":13,"key":"Guardian:BlockOnCardUsePotion"},{"floor":15,"key":"Regen Potion"},{"floor":16,"key":"SkillPotion"},{"floor":17,"key":"ColorlessPotion"},{"floor":26,"key":"SkillPotion"},{"floor":27,"key":"champ:CounterPotion"},{"floor":28,"key":"Guardian:AcceleratePotion"}],"is_trial":false,"path_per_floor":["R","M","?","M","M","M","T","T","$","R","M","?","M","M","M","B",null,"R","M","?","?","M","$","T","R","M","M","M","E","R","?","M","B"],"character_chosen":"GUARDIAN","items_purchased":["Guardian:PiercingHide+1","Lantern"],"campfire_rested":3,"item_purchase_floors":[9,23],"current_hp_per_floor":[96,96,90,86,86,69,69,69,69,96,90,90,82,60,43,9,101,101,89,101,101,79,70,70,100,79,66,55,1,31,31,21,0,0,0],"gold":133,"neow_bonus":"TWENTY_PERCENT_HP_BONUS","is_daily":false,"chose_seed":false,"campfire_upgraded":2,"win_rate":0.0,"timestamp":1609194371,"path_taken":["R","M","?","M","M","M","T","?","$","R","M","?","M","M","M","BOSS","R","M","?","?","M","$","T","R","M","M","M","E","R","?","M","BOSS"],"items_purchased_type":["Card","Relic"],"build_version":"2020-12-22","purchased_purges":0,"victory":false,"max_hp_per_floor":[96,96,96,96,96,96,96,96,96,96,96,96,96,96,96,96,101,101,101,101,101,101,101,101,101,101,101,101,101,101,101,101,101,101,101],"card_choices":[{"not_picked":["Guardian:Incinerate","Guardian:TemporalStrike"],"picked":"Guardian:TimeBomb","floor":2},{"not_picked":["Guardian:Gem_Green","Guardian:TemporalShield"],"picked":"Guardian:VentSteam","floor":4},{"not_picked":["Guardian:TimeBomb","Guardian:Recover"],"picked":"Guardian:CrystalBeam","floor":5},{"not_picked":["Guardian:TemporalShield","Guardian:Gem_Cyan"],"picked":"Guardian:TemporalStrike","floor":6},{"not_picked":["Guardian:Suspension+1","Guardian:TemporalShield+1"],"picked":"Guardian:StasisStrike","floor":9},{"not_picked":["Guardian:WalkerClaw","Guardian:Reroute"],"picked":"Guardian:ShieldSpikes+1","floor":11},{"not_picked":["Guardian:VentSteam+1","Guardian:Planning+1"],"picked":"Guardian:TemporalShield+1","floor":13},{"not_picked":["Guardian:ChargeCore","Guardian:PrismaticBeam"],"picked":"Guardian:FastForward+1","floor":14},{"not_picked":["Guardian:Incinerate","Guardian:MultiBeam"],"picked":"Guardian:Gem_Red","floor":15},{"not_picked":["Guardian:TimeSifter","Guardian:FastForward+1"],"picked":"Guardian:Gem_Synthetic","floor":16},{"not_picked":["Guardian:TemporalStrike","Guardian:Gem_Green"],"picked":"Guardian:PolyBeam","floor":17},{"not_picked":["Guardian:Gem_Green","Guardian:Incinerate"],"picked":"Guardian:ChargeCore","floor":19},{"not_picked":["Guardian:PiercingHide+1","Guardian:Gem_Cyan"],"picked":"Guardian:PolyBeam+1","floor":22},{"not_picked":["Guardian:Recover+1","Guardian:Gem_Fragmented"],"picked":"Guardian:WalkerClaw+1","floor":23},{"not_picked":["Guardian:RollAttack","Guardian:Gem_Green"],"picked":"Guardian:TemporalStrike","floor":26},{"not_picked":["Guardian:SphericShield+1","Guardian:VentSteam+1"],"picked":"Guardian:FloatingOrbs","floor":27},{"not_picked":["Guardian:Gem_Fragmented","Guardian:Gem_Cyan"],"picked":"Guardian:RollAttack","floor":28},{"not_picked":["Guardian:TimeCapacitor","Guardian:Gem_Yellow"],"picked":"Guardian:Harden+1","floor":29},{"not_picked":["Guardian:Gem_Red","Guardian:CrystalBeam"],"picked":"Guardian:Suspension+1","floor":32}],"player_experience":910315,"relics_obtained":[{"floor":7,"key":"Toxic Egg 2"},{"floor":8,"key":"The Courier"},{"floor":24,"key":"Letter Opener"},{"floor":29,"key":"Ice Cream"}],"event_choices":[{"damage_healed":0,"gold_gain":0,"player_choice":"Box","damage_taken":0,"relics_obtained":["Sundial"],"max_hp_gain":0,"max_hp_loss":0,"event_name":"Big Fish","floor":12,"gold_loss":0,"cards_obtained":["Regret"]},{"damage_healed":0,"gold_gain":0,"player_choice":"Ignored","damage_taken":0,"max_hp_gain":0,"max_hp_loss":0,"event_name":"Vampires","floor":21,"gold_loss":0}],"is_beta":false,"boss_relics":[{"not_picked":["Velvet Choker","downfall:Hecktoplasm"],"picked":"Tiny House"}],"items_purged_floors":[],"is_endless":false,"potions_floor_spawned":[2,11,13,15,16,26,27,28],"killed_by":"downfall:Ironclad","ascension_level":0}}