{"host":"sxnl403xm2xmiyj1","time":1609165999,"event":{"mods":["AchievementEnabler","BaseMod","Colored Map","Keyboard Shortcuts","Minty Spire (QoL Compilation)","Quick Restart","StSLib","SuperFastMode"],"gold_per_floor":[112,131,145,169,169,169,186,16,16,41,53,53,53,73,73,171,171,187,41,58,70,90,109,6,6,6,6,6],"floor_reached":27,"playtime":452,"items_purged":["Pain","Doppelganger"],"score":315,"play_id":"593507e0-93fb-4fe9-b88c-c30e4f7b38e0","local_time":"20201228233319","is_ascension_mode":true,"campfire_choices":[{"data":"Envenom","floor":6.0,"key":"SMITH"},{"floor":13.0,"key":"REST"},{"data":"Blade Dance","floor":15.0,"key":"SMITH"},{"floor":25.0,"key":"REST"}],"circlet_count":0,"master_deck":["Survivor+1","Neutralize","Envenom+1","Underhanded Strike","Blade Dance","Infinite Blades","Dagger Spray","PiercingWail","Slice","Cloak And Dagger","Blade Dance+1","Dodge and Roll","Choke","A Thousand Cuts","Heel Hook","Deadly Poison","Dagger Spray","Terror","Poisoned Stab","Backstab","Envenom","Prepared","Cloak And Dagger","Noxious Fumes","Backflip+1","PiercingWail+1","Backflip+1","Noxious Fumes","Poisoned Stab"],"relics":["Ring of the Snake","War Paint","WarpedTongs","Snake Skull","Omamori","Pandora\u0027s Box","Unceasing Top"],"acts_visited":["Exordium","TheCity"],"potions_floor_usage":[],"damage_taken":[{"damage":12.0,"enemies":"Cultist","floor":1.0,"turns":6.0},{"damage":0.0,"enemies":"Small Slimes","floor":2.0,"turns":4.0},{"damage":9.0,"enemies":"Jaw Worm","floor":3.0,"turns":3.0},{"damage":12.0,"enemies":"Exordium Thugs","floor":7.0,"turns":6.0},{"damage":13.0,"enemies":"Gremlin Nob","floor":10.0,"turns":3.0},{"damage":0.0,"enemies":"Large Slime","floor":11.0,"turns":4.0},{"damage":1.0,"enemies":"2 Fungi Beasts","floor":14.0,"turns":2.0},{"damage":30.0,"enemies":"The Guardian","floor":16.0,"turns":11.0},{"damage":26.0,"enemies":"Spheric Guardian","floor":18.0,"turns":5.0},{"damage":0.0,"enemies":"Shell Parasite","floor":20.0,"turns":1.0},{"damage":13.0,"enemies":"Cultist and Chosen","floor":21.0,"turns":4.0},{"damage":5.0,"enemies":"Snake Plant","floor":22.0,"turns":4.0},{"damage":0.0,"enemies":"Snecko","floor":23.0,"turns":3.0},{"damage":57,"enemies":"Book of Stabbing","floor":27,"turns":4}],"seed_played":"-5577553156405872766","potions_obtained":[{"floor":2.0,"key":"Poison Potion"},{"floor":11.0,"key":"ColorlessPotion"},{"floor":18.0,"key":"FearPotion"},{"floor":22.0,"key":"Energy Potion"},{"floor":23.0,"key":"FairyPotion"}],"is_trial":false,"path_per_floor":["M","M","M","T","?","R","M","$","T","E","M","?","R","M","R","B",null,"M","$","M","M","M","M","$","R","T","E"],"character_chosen":"THE_SILENT","items_purchased":["PiercingWail","Slice","Cloak And Dagger","Noxious Fumes","Poisoned Stab"],"campfire_rested":2,"item_purchase_floors":[8,8,19,24,24],"current_hp_per_floor":[51,51,42,42,42,42,30,30,30,17,17,17,38,37,37,7,54,28,28,28,15,10,10,10,31,31,0,0],"gold":6,"neow_bonus":"ONE_RANDOM_RARE_CARD","is_daily":false,"chose_seed":false,"campfire_upgraded":2,"win_rate":0.0,"timestamp":1609165999,"path_taken":["M","M","M","?","?","R","?","$","T","E","M","?","R","M","R","BOSS","M","$","M","M","M","M","$","R","T","E"],"items_purchased_type":["Card","Card","Card","Card","Card"],"build_version":"2020-12-22","purchased_purges":2,"victory":false,"max_hp_per_floor":[70,70,70,70,70,70,70,70,70,70,70,70,70,70,70,70,70,70,70,70,70,70,70,70,70,70,70,70],"card_choices":[{"not_picked":["Deflect","Endless Agony"],"picked":"Underhanded Strike","floor":1.0},{"not_picked":["Escape Plan","Sucker Punch"],"picked":"Blade Dance","floor":2.0},{"not_picked":["Deflect","Expertise"],"picked":"Infinite Blades","floor":3.0},{"not_picked":["Blur","Acrobatics"],"picked":"Dagger Spray","floor":7.0},{"not_picked":["Reflex","Unload"],"picked":"Cloak And Dagger","floor":10.0},{"not_picked":["Dagger Throw","Flechettes"],"picked":"Blade Dance","floor":11.0},{"not_picked":["Dash","Dagger Throw"],"picked":"Dodge and Roll","floor":14.0},{"not_picked":["Quick Slash","Dagger Spray+1"],"picked":"Prepared","floor":18.0},{"not_picked":["Outmaneuver","Concentrate"],"picked":"Noxious Fumes","floor":20.0},{"not_picked":["Flying Knee","Distraction+1"],"picked":"Backflip+1","floor":21.0},{"not_picked":["Bane","Tactician"],"picked":"PiercingWail+1","floor":22.0},{"not_picked":["Flying Knee+1","Outmaneuver"],"picked":"Backflip+1","floor":23.0}],"player_experience":132241,"relics_obtained":[{"floor":4.0,"key":"War Paint"},{"floor":9.0,"key":"Snake Skull"},{"floor":10.0,"key":"Omamori"},{"floor":26.0,"key":"Unceasing Top"}],"event_choices":[{"damage_healed":0.0,"max_hp_gain":0.0,"max_hp_loss":0.0,"gold_gain":0.0,"event_name":"Accursed Blacksmith","player_choice":"Rummage","floor":5.0,"gold_loss":0.0,"damage_taken":0.0,"relics_obtained":["WarpedTongs"],"cards_obtained":["Pain"]},{"damage_healed":0.0,"max_hp_gain":0.0,"max_hp_loss":0.0,"gold_gain":0.0,"event_name":"Scrap Ooze","player_choice":"Fled","floor":12.0,"gold_loss":0.0,"damage_taken":0.0}],"is_beta":false,"boss_relics":[{"not_picked":["Runic Pyramid","Runic Dome"],"picked":"Pandora\u0027s Box"}],"items_purged_floors":[8,19],"is_endless":false,"potions_floor_spawned":[2,11,18,22,23],"killed_by":"Book of Stabbing","ascension_level":9}}