{"host":"50uxab2we00pv8w9","time":1609123388,"event":{"mods":["BaseMod","Better Third Choice","BetterRewards","Conspire","Curses Come First","Defuse TimeMaze Blight","Downfall","Energized Spire","Hubris","Infinite Spire","Minty Spire (QoL Compilation)","Quick Restart","Random Character Button","Relic Sorter","Replay The Spire","StSLib","The Blue Laboratory","Uncapped"],"gold_per_floor":[117,117,132,148,66,66,66,101,101,153,171,182,217,74,74,174,174,184,184,160,177,177,210,221,256,256,256,275,275,275,275,275,376,376,394,406,423,423,34,34,64,64,64,78,92,110,6,106,106,208,208,222,222,222,229,244,264,269,269,269,269,269,269,278,299,299,374,374,383,383,387,80,96,125,125,125,125,125,125,125,146,154,154,196,196,211,211,214,214,226,239,255,254,279,279,289,289,401,399,399,371,371],"floor_reached":101,"playtime":7278,"items_purged":[],"score":2611,"play_id":"a0195620-2a5b-4f0d-ba99-dba67d191d79","local_time":"20201227214308","is_ascension_mode":true,"campfire_choices":[{"data":"infinitespire:OneForAll","floor":7,"key":"SMITH"},{"data":"Armaments","floor":15,"key":"SMITH"},{"data":"Exhume","floor":30,"key":"SMITH"},{"data":"Havoc","floor":32,"key":"SMITH"},{"data":"Armaments","floor":40,"key":"SMITH"},{"data":"Flex","floor":42,"key":"SMITH"},{"data":"Whirlwind","floor":49,"key":"SMITH"},{"data":"Armaments","floor":59,"key":"SMITH"},{"data":"Massacre","floor":61,"key":"SMITH"},{"data":"Flex","floor":63,"key":"SMITH"},{"data":"Infernal Blade","floor":66,"key":"SMITH"},{"data":"Ghostly","floor":76,"key":"SMITH"},{"data":"Ghostly","floor":78,"key":"SMITH"},{"data":"Ghostly","floor":80,"key":"SMITH"},{"data":"Ghostly","floor":83,"key":"SMITH"},{"data":"Madness","floor":97,"key":"SMITH"},{"data":"Madness","floor":100,"key":"SMITH"}],"circlet_count":0,"master_deck":["Strike_R","Strike_R","Strike_R","Strike_R","Strike_R+1","Defend_R+1","Defend_R","Bash+1","Inflame","Anger","Fire Breathing","Bludgeon","Pommel Strike","Sword Boomerang","infinitespire:OneForAll+1","Heavy Blade","Havoc+1","Flex+1","Armaments+1","Exhume+1","Thunderclap","Heavy Blade","Replay:Fractal Strike","Inflame+1","Infernal Blade+1","Replay:Fractal Strike","Impervious","Cleave","Shrug It Off+1","Metallicize+1","Whirlwind+1","Pommel Strike","Armaments+1","infinitespire:OneForAll+1","Flex+1","Thunderclap","Immolate","Anger","Flex+1","Cleave","Massacre+1","Armaments+1","infinitespire:Gouge","Pommel Strike","Flex","Defy Death","Pommel Strike","Cleave+1","Ghostly+1","Ghostly+1","Ghostly+1","Ghostly+1","Ghostly+1","Pommel Strike","Sword Boomerang","ReplayTheSpireMod:Book of Names","Anger","Anger","Thunderclap+1","Feel No Pain+1","Evolve+1","Madness+1","Madness+1","Cleave+1","Metallicize"],"relics":["Burning Blood","hubris:Icosahedron","Replay:Rubber Ducky","Boot","hubris:Spice","Toy Ornithopter","Bag of Marbles","Omamori","Dream Catcher","Champion Belt","Blood Vial","hubris:HollowSoul","Simple Rune","Replay:Mystery Machine","Mirror","MutagenicStrength","hubris:BottledHeart","hubris:MedicalManual","energizedSpire:NeverEndingSparkler","MealTicket","Runic Pyramid","TheAbacus","Philosopher\u0027s Stone","conspire:TopHat","infinitespire:ShieldingShard","Mark of Pain","Mango","Replay:Baseball","ReplayTheSpireMod:CursedCoin"],"acts_visited":["Exordium","TheCity","TheBeyond","Exordium","TheCity","TheBeyond"],"potions_floor_usage":[13,16,16,21,25,25,25,25,33,33,41,47,50,50,57,84,84,92,101],"damage_taken":[{"damage":0,"enemies":"2 Louse","floor":1,"turns":3},{"damage":1,"enemies":"Cultist","floor":3,"turns":3},{"damage":11,"enemies":"Jaw Worm","floor":4,"turns":2},{"damage":9,"enemies":"Replay:BlueRogue","floor":8,"turns":3},{"damage":12,"enemies":"Exordium Wildlife","floor":11,"turns":3},{"damage":0,"enemies":"Blue Slaver","floor":12,"turns":1},{"damage":2,"enemies":"3 Sentries","floor":13,"turns":4},{"damage":31,"enemies":"Hexaghost","floor":16,"turns":7},{"damage":3,"enemies":"Chosen","floor":18,"turns":3},{"damage":7,"enemies":"Spheric Guardian","floor":21,"turns":3},{"damage":15,"enemies":"Gremlin Leader","floor":23,"turns":5},{"damage":15,"enemies":"Snake Plant","floor":24,"turns":2},{"damage":6,"enemies":"Book of Stabbing","floor":25,"turns":3},{"damage":0,"enemies":"Chosen and Byrds","floor":28,"turns":3},{"damage":0,"enemies":"conspire:MysteriousRune","floor":33,"turns":7},{"damage":0,"enemies":"3 Shapes","floor":35,"turns":3},{"damage":0,"enemies":"Orb Walker","floor":36,"turns":1},{"damage":0,"enemies":"3 Darklings","floor":37,"turns":2},{"damage":0,"enemies":"Nightmare","floor":41,"turns":6},{"damage":0,"enemies":"4 Shapes","floor":44,"turns":3},{"damage":0,"enemies":"Sphere and 2 Shapes","floor":45,"turns":2},{"damage":0,"enemies":"Spire Growth","floor":46,"turns":1},{"damage":0,"enemies":"Time Eater","floor":50,"turns":8},{"damage":0,"enemies":"Cultist","floor":52,"turns":1},{"damage":0,"enemies":"Jaw Worm","floor":55,"turns":1},{"damage":0,"enemies":"2 Louse","floor":56,"turns":1},{"damage":0,"enemies":"Lagavulin","floor":57,"turns":2},{"damage":0,"enemies":"Gremlin Gang","floor":58,"turns":2},{"damage":0,"enemies":"3 Louse","floor":64,"turns":1},{"damage":0,"enemies":"3 Sentries","floor":65,"turns":2},{"damage":0,"enemies":"The Guardian","floor":67,"turns":3},{"damage":0,"enemies":"Shell Parasite","floor":69,"turns":2},{"damage":0,"enemies":"2 Thieves","floor":71,"turns":2},{"damage":0,"enemies":"Cultist and Chosen","floor":73,"turns":1},{"damage":0,"enemies":"Slavers","floor":74,"turns":1},{"damage":0,"enemies":"conspire:SneckoGhost","floor":81,"turns":1},{"damage":0,"enemies":"Snake Plant","floor":82,"turns":1},{"damage":0,"enemies":"hubris:MusketHawk","floor":84,"turns":6},{"damage":0,"enemies":"3 Darklings","floor":86,"turns":1},{"damage":0,"enemies":"Orb Walker","floor":88,"turns":2},{"damage":0,"enemies":"Jaw Worm Horde","floor":90,"turns":2},{"damage":0,"enemies":"Reptomancer","floor":91,"turns":2},{"damage":0,"enemies":"Sphere and 2 Shapes","floor":92,"turns":1},{"damage":0,"enemies":"Giant Head","floor":93,"turns":5},{"damage":0,"enemies":"3 Darklings","floor":96,"turns":1},{"damage":0,"enemies":"Jaw Worm Horde","floor":99,"turns":4},{"damage":16,"enemies":"Donu and Deca","floor":101,"turns":1}],"seed_played":"-7496354697457569718","potions_obtained":[{"floor":3,"key":"Strength Potion"},{"floor":4,"key":"blueLaboratory:BottleOfRum"},{"floor":12,"key":"blueLaboratory:BubblePotion"},{"floor":13,"key":"FearPotion"},{"floor":23,"key":"EntropicBrew"},{"floor":24,"key":"Adrenaline Potion"},{"floor":25,"key":"Adrenaline Potion"},{"floor":37,"key":"blueLaboratory:FrostheartPotion"},{"floor":44,"key":"Fire Potion"},{"floor":45,"key":"SkillPotion"},{"floor":50,"key":"blueLaboratory:BottledHope"},{"floor":56,"key":"Elixir"},{"floor":58,"key":"ColorlessPotion"},{"floor":64,"key":"GamblersBrew"},{"floor":67,"key":"blueLaboratory:PyrophylliteBrew"},{"floor":82,"key":"blueLaboratory:BottleOfRum"},{"floor":84,"key":"champ:CounterPotion"},{"floor":90,"key":"blueLaboratory:EmptyBottle"},{"floor":91,"key":"blueLaboratory:FrostheartPotion"},{"floor":96,"key":"blueLaboratory:TrueEctoplasm"},{"floor":99,"key":"blueLaboratory:BottleOfRum"}],"is_trial":false,"path_per_floor":["M","?","M","M","$","?","R","E","T","T","M","M","E","$","R","B",null,"M","?","$","M","?","E","M","E","T","?","M","?","R","AVR","R","B",null,"M","M","M","?","$","R","NM","R","T","M","M","M","$","?","R","B",null,"M","?","$","M","M","E","M","R","T","R","AVR","R","M","E","R","B",null,"M","?","M","$","M","E","?","R","T","R","?","R","E","M","R","B",null,"M","?","M","?","M","E","M","E","T","?","M","R","$","M","R","B"],"character_chosen":"IRONCLAD","items_purchased":["Replay:Rubber Ducky","Boot","Inflame","Anger","infinitespire:OneForAll","Blood Vial","Thunderclap","hubris:Spice","Pommel Strike","Armaments","Fruit Juice","hubris:Spice","ReplayTheSpireMod:CursedCoin","Metallicize"],"campfire_rested":0,"item_purchase_floors":[0,0,0,0,5,14,20,39,39,39,47,72,98,98],"current_hp_per_floor":[78,78,83,78,78,60,60,57,57,57,51,57,66,66,66,53,88,88,88,88,88,66,59,52,74,74,74,82,1,1,1,1,1,1,1,1,1,1,1,1,1,1,1,1,1,1,1,1,1,1,1,1,1,1,1,1,1,1,1,1,1,1,1,1,1,1,1,1,1,1,1,1,1,1,1,1,1,1,1,1,1,1,1,1,1,1,1,1,1,1,1,1,1,1,1,1,1,1,1,1,0,0],"gold":371,"neow_bonus":"","is_daily":false,"chose_seed":false,"campfire_upgraded":17,"win_rate":0.0,"timestamp":1609123388,"path_taken":["M","?","?","M","$","?","R","E","T","?","M","?","E","$","R","BOSS","M","?","$","?","?","E","M","E","T","?","M","?","R","AVR","R","BOSS","M","M","M","?","?","R","NM","R","T","M","M","M","$","?","R","BOSS","M","?","$","M","M","E","M","R","T","R","AVR","R","M","E","R","BOSS","M","?","M","$","M","E","?","R","T","R","?","R","E","?","R","BOSS","M","?","M","?","M","E","M","E","T","?","M","R","?","M","R","BOSS"],"items_purchased_type":["Relic","Relic","Card","Card","Card","Relic","Card","Relic","Card","Card","Potion","Relic","Relic","Card"],"build_version":"2020-12-22","purchased_purges":0,"victory":false,"max_hp_per_floor":[88,88,88,88,88,88,88,88,88,88,88,88,88,88,88,88,88,88,88,88,88,88,88,88,88,88,88,88,1,1,1,1,1,1,1,1,1,1,1,1,1,1,1,1,1,1,1,1,1,1,1,1,1,1,1,1,1,1,1,1,1,1,1,1,1,1,1,1,1,1,1,1,1,1,1,1,1,1,1,1,1,1,1,1,1,1,1,1,1,1,1,1,1,1,1,1,1,1,1,1,1,1],"card_choices":[{"not_picked":["Anger","Abandon"],"picked":"Fire Breathing","floor":1},{"not_picked":["Anger","Heavy Blade"],"picked":"Pommel Strike","floor":3},{"not_picked":["Twin Strike","ReplayTheSpireMod:Strike From Hell"],"picked":"Sword Boomerang","floor":4},{"not_picked":["Reckless Charge","Immolate"],"picked":"Heavy Blade","floor":8},{"not_picked":["Run Through","Warcry"],"picked":"Havoc","floor":11},{"not_picked":["Blood for Blood","ReplayTheSpireMod:Corrosion Curse"],"picked":"Flex","floor":12},{"not_picked":["ReplayTheSpireMod:Strike From Hell","Clothesline"],"picked":"Armaments","floor":13},{"not_picked":["Demon Form","Replay:Many Hands"],"picked":"Exhume","floor":16},{"not_picked":["Clash","Iron Wave"],"picked":"Havoc","floor":18},{"not_picked":["Shrug It Off","Intimidate"],"picked":"Heavy Blade","floor":21},{"not_picked":["infinitespire:Gouge","ReplayTheSpireMod:Echoes of Time"],"picked":"Replay:Fractal Strike","floor":22},{"not_picked":["hubris:ReadiedAction","Burning Pact","True Grit"],"picked":"SKIP","floor":23},{"not_picked":["Pommel Strike+1","conspire:Charge"],"picked":"Inflame+1","floor":24},{"not_picked":["Blood for Blood+1","Spot Weakness"],"picked":"Infernal Blade","floor":25},{"not_picked":["hubris:ReadiedAction","Hemokinesis","True Grit+1"],"picked":"SKIP","floor":28},{"not_picked":["Immolate","Reaper"],"picked":"Impervious","floor":33},{"not_picked":["Run Through","Combust"],"picked":"Cleave","floor":35},{"not_picked":["Run Through","Perfected Strike+1"],"picked":"Shrug It Off+1","floor":36},{"not_picked":["Intimidate","Warcry+1"],"picked":"Metallicize+1","floor":37},{"not_picked":["Wild Strike","Replay:Undeath\u0027s Touch"],"picked":"infinitespire:OneForAll+1","floor":41},{"not_picked":["Fiend Fire","hubris:SpiceAddiction"],"picked":"Flex+1","floor":44},{"not_picked":["Battle Trance+1","Clothesline"],"picked":"Thunderclap","floor":45},{"not_picked":["Pommel Strike+1","Metallicize+1"],"picked":"hubris:SpiceAddiction","floor":46},{"not_picked":["Fiend Fire","Juggernaut"],"picked":"Immolate","floor":50},{"not_picked":["Warcry","Pummel"],"picked":"Anger","floor":52},{"not_picked":["Clothesline","Perfected Strike"],"picked":"Flex","floor":55},{"not_picked":["hubris:SpiceAddiction","Run Through"],"picked":"Cleave","floor":56},{"not_picked":["True Grit","Abandon"],"picked":"Massacre","floor":57},{"not_picked":["hubris:SpiceAddiction","Perfected Strike"],"picked":"Armaments","floor":58},{"not_picked":["hubris:SpiceAddiction","Pummel"],"picked":"Pommel Strike","floor":64},{"not_picked":["ReplayTheSpireMod:Strike From Hell","hubris:SpiceAddiction"],"picked":"Flex","floor":65},{"not_picked":["hubris:SpiceAddiction","Blood for Blood"],"picked":"Defy Death","floor":69},{"not_picked":["Evolve","Defy Death"],"picked":"Pommel Strike","floor":71},{"not_picked":["Iron Wave","Clothesline","ReplayTheSpireMod:Strike From Hell"],"picked":"SKIP","floor":73},{"not_picked":["conspire:Charge+1","hubris:SpiceAddiction"],"picked":"Cleave+1","floor":74},{"not_picked":["Barricade","Entrench"],"picked":"Pommel Strike","floor":81},{"not_picked":["Shrug It Off","Pommel Strike"],"picked":"Sword Boomerang","floor":82},{"not_picked":["ReplayTheSpireMod:Chaos Vortex","infinitespire:Gouge"],"picked":"ReplayTheSpireMod:Book of Names","floor":85},{"not_picked":["Intimidate","ReplayTheSpireMod:Strike From Hell+1"],"picked":"Anger","floor":86},{"not_picked":["Havoc","Body Slam"],"picked":"Anger","floor":88},{"not_picked":["Ghostly Armor+1","ReplayReversal"],"picked":"Thunderclap+1","floor":90},{"not_picked":["ReplayTheSpireMod:Strike From Hell","conspire:ExplosiveBarrier+1","Clash+1"],"picked":"SKIP","floor":91},{"not_picked":["hubris:SpiceAddiction","Hemogenesis"],"picked":"Feel No Pain+1","floor":92},{"not_picked":["ReplayTheSpireMod:Corrosion Curse","ReplayTheSpireMod:Strike From Hell"],"picked":"Evolve+1","floor":93},{"not_picked":["Anger","Sword Boomerang"],"picked":"Cleave+1","floor":96},{"not_picked":["Warcry+1","Clothesline+1","Clash"],"picked":"SKIP","floor":99}],"player_experience":152984,"relics_obtained":[{"floor":8,"key":"Bag of Marbles"},{"floor":9,"key":"Omamori"},{"floor":10,"key":"Dream Catcher"},{"floor":13,"key":"Champion Belt"},{"floor":23,"key":"Simple Rune"},{"floor":25,"key":"Replay:Mystery Machine"},{"floor":26,"key":"Mirror"},{"floor":41,"key":"hubris:Spice"},{"floor":43,"key":"MealTicket"},{"floor":57,"key":"hubris:Spice"},{"floor":60,"key":"hubris:Spice"},{"floor":65,"key":"hubris:Spice"},{"floor":74,"key":"conspire:TopHat"},{"floor":81,"key":"infinitespire:ShieldingShard"},{"floor":91,"key":"Mango"},{"floor":93,"key":"hubris:Spice"},{"floor":94,"key":"Replay:Baseball"}],"event_choices":[{"damage_healed":0,"gold_gain":0,"cards_transformed":["Defend_R"],"player_choice":"Transformed","damage_taken":0,"max_hp_gain":0,"max_hp_loss":0,"event_name":"Transmorgrifier","floor":2,"gold_loss":0,"cards_obtained":["Bludgeon"]},{"damage_healed":0,"gold_gain":0,"player_choice":"Relic ","damage_taken":18,"max_hp_gain":0,"max_hp_loss":0,"event_name":"betterThird:BetterScrap","floor":6,"gold_loss":0,"cards_obtained":["Sneak Up"]},{"cards_removed":["Havoc"],"damage_healed":0,"gold_gain":0,"player_choice":"Purged","damage_taken":0,"max_hp_gain":0,"max_hp_loss":0,"event_name":"Purifier","floor":19,"gold_loss":0},{"damage_healed":0,"gold_gain":0,"player_choice":"Inject Mutagens","damage_taken":0,"relics_obtained":["MutagenicStrength"],"max_hp_gain":0,"max_hp_loss":0,"event_name":"Drug Dealer","floor":27,"gold_loss":0},{"damage_healed":0,"gold_gain":0,"cards_transformed":["Defend_R"],"player_choice":"Transformed","damage_taken":0,"max_hp_gain":0,"max_hp_loss":0,"event_name":"Transmorgrifier","floor":38,"gold_loss":0,"cards_obtained":["Whirlwind"]},{"damage_healed":0,"gold_gain":100,"player_choice":"Pray","damage_taken":0,"max_hp_gain":0,"max_hp_loss":0,"event_name":"Golden Shrine","floor":48,"gold_loss":0},{"damage_healed":0,"gold_gain":0,"player_choice":"Grow","damage_taken":0,"max_hp_gain":0,"max_hp_loss":0,"event_name":"Living Wall","floor":53,"gold_loss":0,"cards_upgraded":["Bash"]},{"damage_healed":0,"gold_gain":0,"player_choice":"Became a Ghost","damage_taken":0,"max_hp_gain":0,"max_hp_loss":0,"event_name":"Ghosts","floor":75,"gold_loss":0,"cards_obtained":["Ghostly","Ghostly","Ghostly","Ghostly","Ghostly"]},{"damage_healed":0,"gold_gain":0,"player_choice":"Upgraded","damage_taken":0,"max_hp_gain":0,"max_hp_loss":0,"event_name":"Upgrade Shrine","floor":79,"gold_loss":0,"cards_upgraded":["Ghostly"]},{"damage_healed":0,"gold_gain":0,"player_choice":"Embrace Madness","damage_taken":0,"max_hp_gain":0,"max_hp_loss":0,"event_name":"Winding Halls","floor":95,"gold_loss":0,"cards_obtained":["Madness","Madness"]}],"is_beta":false,"boss_relics":[{"not_picked":["Busted Crown","Snecko Eye"],"picked":"hubris:HollowSoul"},{"not_picked":["Kintsugi","hubris:Spice"],"picked":"energizedSpire:NeverEndingSparkler"},{"not_picked":["energizedSpire:DecayingSkull","hubris:Spice"],"picked":"Runic Pyramid"},{"not_picked":["hubris:Spice","conspire:SeveredTorchhead"],"picked":"Philosopher\u0027s Stone"},{"not_picked":["SacredBark","hubris:Spice"],"picked":"Mark of Pain"}],"items_purged_floors":[],"is_endless":true,"potions_floor_spawned":[3,4,12,13,23,24,25,37,44,45,50,56,58,64,67,73,82,84,90,91,96,99],"killed_by":"Donu and Deca","ascension_level":1}}