{"host":"zv85muor2723jdwz","time":1609121646,"event":{"mods":["Arknights The Spire","BaseMod","Better Vampires","CapriCore","Decade(王小明)","KinomotoSakuraMod(木之本樱)","KomeijiMod","Marisa（F雨　魔理沙）","Marked Mod","Minty Spire (QoL Compilation)","Reimu（博丽灵梦）","Remilia（蕾米莉亚）","StSLib","The Cursed","The Immortal","The Runesmith","The Servant 0.9.4","WarShipGirlsR/战舰少女R mod","Yakumo Yukari mod","Youmu（魂魄妖梦）","Yuri Mod","Yuyuko","【遗物卡牌】REMEMod"],"gold_per_floor":[119,119,138,48,48,73,73,105,129,156,331,341,24,40,40,136,136,148,158,37,37,51,78,58,58,127,127,141,158,170,170,170],"floor_reached":31,"playtime":2556,"items_purged":["Doubt"],"score":325,"play_id":"bf667aff-dd5d-4d3e-a400-74b286aff0fc","local_time":"20201228101406","is_ascension_mode":false,"campfire_choices":[{"data":"Runesmith:MetallurgicalResearch","floor":7,"key":"SMITH"},{"floor":15,"key":"RECALL"},{"floor":25,"key":"REST"}],"circlet_count":0,"master_deck":["ats:Strike C","ats:Strike G","ats:Strike S","ats:Strike V","ats:Defend","ats:Defend","ats:Defend","ats:Defend","ats:Emotion Absorption","Runesmith:MetallurgicalResearch+1","ats:Hammer On","ats:Explosion Area Strengthen","Dark Shackles","ats:Hammer On","ats:Flame Of Heaven","ats:Curse Doll","ats:Shell Defense","ats:Demon Strength","Trip","ats:Hammer On","ats:Nebulous Foxfire","ats:Flexible Camouflage","ats:Closed Bolt Burst Fire+1","ats:Ignite","ats:Ignite","ats:Flexible Camouflage","ats:Flexible Camouflage+1","ats:Shadow Raid","ats:Apocalypse"],"relics":["ats:Sanity","REME_ComplimentaryCards","NeowsBlessing","ThirstyCross","ats:Originium","REME_PuzzleBoxRelic","ats:Originium","Torii","ats:Originium","Anchor","Lee\u0027s Waffle","REME_LowDesire","HoshigumaDish","Orichalcum","ats:Originium","Kunai","Pantograph"],"acts_visited":["Exordium","TheCity"],"potions_floor_usage":[19,19,23,23,23],"damage_taken":[{"damage":0,"enemies":"Small Slimes","floor":1,"turns":1},{"damage":0,"enemies":"Cultist","floor":3,"turns":1},{"damage":0,"enemies":"Lagavulin","floor":6,"turns":2},{"damage":0,"enemies":"Gremlin Nob","floor":8,"turns":3},{"damage":4,"enemies":"3 Sentries","floor":10,"turns":4},{"damage":0,"enemies":"2 Louse","floor":12,"turns":2},{"damage":3,"enemies":"Looter","floor":14,"turns":2},{"damage":14,"enemies":"The Guardian","floor":16,"turns":7},{"damage":11,"enemies":"Chosen","floor":18,"turns":6},{"damage":12,"enemies":"2 Thieves","floor":19,"turns":4},{"damage":4,"enemies":"Chosen and Byrds","floor":22,"turns":4},{"damage":33,"enemies":"Gremlin Leader","floor":23,"turns":3},{"damage":11,"enemies":"Sentry and Sphere","floor":28,"turns":4},{"damage":21,"enemies":"Centurion and Healer","floor":29,"turns":6},{"damage":5,"enemies":"Snecko","floor":30,"turns":5},{"damage":13,"enemies":"Shelled Parasite and Fungi","floor":31,"turns":4}],"seed_played":"6623887742893171307","potions_obtained":[{"floor":1,"key":"ats:Emergency Sanity Potion"},{"floor":6,"key":"Fire Potion"},{"floor":14,"key":"ZuzhouPotion:ReiMu"},{"floor":16,"key":"Fire Potion"},{"floor":19,"key":"Fire Potion"},{"floor":22,"key":"Explosive Potion"},{"floor":23,"key":"Swift Potion"},{"floor":24,"key":"BlessingOfTheForge"}],"is_trial":false,"path_per_floor":["M","?","M","$","?","E","R","E","T","E","?","M","$","M","R","B",null,"M","M","$","?","M","E","?","R","T","$","M","M","M","M"],"character_chosen":"DOCTOR_CLASS","items_purchased":["Dark Shackles","ats:Demon Strength","Lee\u0027s Waffle","Trip","ats:Ignite"],"campfire_rested":1,"item_purchase_floors":[4,13,13,13,20],"current_hp_per_floor":[72,72,72,72,72,72,72,72,72,71,71,71,79,76,76,62,79,68,56,56,56,52,19,19,42,42,42,31,12,9,0,0],"gold":170,"neow_bonus":"THREE_ENEMY_KILL","is_daily":false,"chose_seed":false,"campfire_upgraded":1,"win_rate":0.0,"timestamp":1609121646,"path_taken":["M","?","?","$","?","E","R","E","T","E","?","M","$","M","R","BOSS","M","M","$","?","M","E","?","R","T","$","M","M","?","M"],"items_purchased_type":["Card","Card","Relic","Card","Card"],"build_version":"2020-12-22","purchased_purges":1,"victory":false,"max_hp_per_floor":[72,72,72,72,72,72,72,72,72,72,72,72,79,79,79,79,79,79,79,79,79,79,79,79,79,79,79,79,79,79,79,79],"card_choices":[{"not_picked":["ats:Leaping Hammer","ats:Ignite"],"picked":"ats:Hammer On","floor":1},{"not_picked":["ats:Apocalypse","ats:Powerful Strike"],"picked":"ats:Explosion Area Strengthen","floor":3},{"not_picked":["ats:Guardian Obelisk","ats:Durian"],"picked":"ats:Hammer On","floor":6},{"not_picked":["ats:Thorns","ats:Poison Spread"],"picked":"ats:Flame Of Heaven","floor":8},{"not_picked":["ats:Leaping Hammer","ats:Thermite Blade"],"picked":"ats:Curse Doll","floor":10},{"not_picked":["ats:Support Order","ats:Hammer On"],"picked":"ats:Shell Defense","floor":12},{"not_picked":["ats:Powerful Strike","ats:Cat Scratch"],"picked":"ats:Hammer On","floor":14},{"not_picked":["ats:Disruption Kick","ats:Durian"],"picked":"ats:Nebulous Foxfire","floor":16},{"not_picked":["ats:Powerful Strike+1","ats:Flame Of Heaven","Deep Breath"],"picked":"ats:Flexible Camouflage","floor":18},{"not_picked":["ats:Assault Order","ats:Poison Spread+1","Panacea"],"picked":"ats:Closed Bolt Burst Fire+1","floor":19},{"not_picked":["ats:Sunburst","ats:Leaping Hammer","Violence"],"picked":"ats:Ignite","floor":22},{"not_picked":["ats:Soul Absorption","ats:Ignite+1","RidiculousThoughts"],"picked":"ats:Flexible Camouflage","floor":23},{"not_picked":["ats:Sunburst","ats:Healing Strengthening","Panacea"],"picked":"ats:Flexible Camouflage+1","floor":28},{"not_picked":["ats:Sunburst","ats:Leaping Hammer","Muse"],"picked":"ats:Shadow Raid","floor":29},{"not_picked":["ats:Consecutive Shot Auto","ats:Spore Proliferation","Transmutation"],"picked":"ats:Apocalypse","floor":30}],"player_experience":46444,"relics_obtained":[{"floor":6,"key":"ats:Originium"},{"floor":6,"key":"REME_PuzzleBoxRelic"},{"floor":8,"key":"ats:Originium"},{"floor":8,"key":"Torii"},{"floor":10,"key":"ats:Originium"},{"floor":10,"key":"Anchor"},{"floor":17,"key":"HoshigumaDish"},{"floor":17,"key":"Orichalcum"},{"floor":23,"key":"ats:Originium"},{"floor":23,"key":"Kunai"},{"floor":26,"key":"Pantograph"}],"event_choices":[{"cards_removed":["ats:Armor Crushing Shot"],"damage_healed":0,"gold_gain":0,"player_choice":"Offered Basic","damage_taken":0,"max_hp_gain":0,"max_hp_loss":0,"event_name":"Bonfire Elementals","floor":2,"gold_loss":0},{"damage_healed":0,"gold_gain":175,"player_choice":"AGREE","damage_taken":0,"max_hp_gain":0,"max_hp_loss":0,"event_name":"Liars Game","floor":11,"gold_loss":0,"cards_obtained":["Doubt"]},{"damage_healed":0,"gold_gain":0,"player_choice":"Bought 1 Potion","damage_taken":0,"max_hp_gain":0,"max_hp_loss":0,"event_name":"The Woman in Blue","floor":24,"gold_loss":0}],"is_beta":false,"boss_relics":[{"not_picked":["REME_DemonsWealth","Runesmith:UraniumAnvil"],"picked":"REME_LowDesire"}],"items_purged_floors":[20],"is_endless":false,"potions_floor_spawned":[1,6,14,16,19,22,23],"killed_by":"Shelled Parasite and Fungi","ascension_level":0}}