{"host":"c5j8t0wyh2hvx9ju","time":1609124122,"event":{"mods":["Astrologer","BaseMod","BetterRewards","HololiveMod","Minty Spire (QoL Compilation)","Prisma Mod","StSLib"],"gold_per_floor":[113,113,130,205,130,130,143,143,168,207,235,258,289,21,21,120,120,137,137,137,156,174,174,174,174],"floor_reached":24,"playtime":1190,"items_purged":["Defend_B","Strike_B"],"score":374,"play_id":"5c3335fd-f412-4915-be35-480ea05c3f1a","local_time":"20201228115522","is_ascension_mode":true,"campfire_choices":[{"data":"Defragment","floor":6,"key":"SMITH"},{"data":"Dualcast","floor":8,"key":"SMITH"},{"data":"PrismaMod:MiyuOrbIncreasePerm","floor":15,"key":"SMITH"},{"floor":23,"key":"REST"}],"circlet_count":0,"master_deck":["Strike_B","Strike_B","Defend_B","Defend_B","Defend_B","Dualcast+1","Defragment+1","Conserve Battery","BattleHymn","Reinforced Body","Hololive_CallInugamiKorone","PrismaMod:MiyuCheapStrBuff","Evaluate","PrismaMod:MiyuOrbIncreasePerm+1","Ball Lightning","Defragment","Chrysalis","Hololive_LuckPotion","Unload"],"relics":["Cracked Core","PrismaticShard","MawBank","Odd Mushroom","Medical Kit","Snecko Eye"],"acts_visited":["Exordium","TheCity"],"potions_floor_usage":[21,22,24],"damage_taken":[{"damage":1,"enemies":"2 Louse","floor":1,"turns":2},{"damage":1,"enemies":"Cultist","floor":3,"turns":3},{"damage":0,"enemies":"Jaw Worm","floor":7,"turns":3},{"damage":5,"enemies":"The Mushroom Lair","floor":10,"turns":6},{"damage":0,"enemies":"Blue Slaver","floor":11,"turns":3},{"damage":0,"enemies":"Exordium Thugs","floor":12,"turns":5},{"damage":6,"enemies":"Looter","floor":13,"turns":3},{"damage":20,"enemies":"Hexaghost","floor":16,"turns":9},{"damage":6,"enemies":"Shell Parasite","floor":18,"turns":7},{"damage":14,"enemies":"Chosen","floor":21,"turns":6},{"damage":31,"enemies":"Centurion and Healer","floor":22,"turns":8},{"damage":37,"enemies":"Book of Stabbing","floor":24,"turns":4}],"seed_played":"8852568802031317955","potions_obtained":[{"floor":3,"key":"FearPotion"},{"floor":7,"key":"Weak Potion"},{"floor":10,"key":"GamblersBrew"},{"floor":12,"key":"EssenceOfDarkness"},{"floor":21,"key":"Weak Potion"}],"is_trial":false,"path_per_floor":["M","?","M","?","$","R","M","R","T","?","M","M","M","$","R","B",null,"M","?","?","M","M","R","E"],"character_chosen":"DEFECT","items_purchased":["Defragment","PrismaticShard","Conserve Battery","Defragment","Medical Kit"],"campfire_rested":1,"item_purchase_floors":[0,0,0,14,14],"current_hp_per_floor":[67,67,66,55,55,55,55,55,55,50,50,50,44,44,44,24,62,56,56,56,42,11,33,0,0],"gold":174,"neow_bonus":"","is_daily":false,"chose_seed":false,"campfire_upgraded":3,"win_rate":0.0,"timestamp":1609124122,"path_taken":["M","?","?","?","$","R","M","R","T","?","M","M","M","$","R","BOSS","M","?","?","M","?","R","E"],"items_purchased_type":["Card","Relic","Card","Card","Relic"],"build_version":"2020-12-22","purchased_purges":2,"victory":false,"max_hp_per_floor":[75,75,75,75,75,75,75,75,75,75,75,75,75,75,75,75,75,75,75,75,75,75,75,75,75],"card_choices":[{"not_picked":["astrologer:Judgement","PrismaMod:ChloeCheapDefendTwo"],"picked":"BattleHymn","floor":1},{"not_picked":["PrismaMod:MiyuCheapChannelVul","Cleave"],"picked":"Hololive_CallInugamiKorone","floor":3},{"not_picked":["Uppercut","Second Wind","DeceiveReality"],"picked":"SKIP","floor":7},{"not_picked":["Stack","Madness"],"picked":"PrismaMod:MiyuCheapStrBuff","floor":10},{"not_picked":["Seeing Red","Tempest"],"picked":"Evaluate","floor":11},{"not_picked":["PrismaMod:IllyaCheapChannelPoison","astrologer:Divination"],"picked":"PrismaMod:MiyuOrbIncreasePerm","floor":12},{"not_picked":["PrismaMod:IllyaUncommonAOEAttack","Shockwave"],"picked":"Ball Lightning","floor":13},{"not_picked":["A Thousand Cuts","Offering"],"picked":"Chrysalis","floor":16},{"not_picked":["Eviscerate","ClearTheMind","Pray+1"],"picked":"SKIP","floor":18},{"not_picked":["Spot Weakness","Hololive_Drill+1"],"picked":"Hololive_LuckPotion","floor":21},{"not_picked":["PrismaMod:MiyuCheapEvoke","Conclude"],"picked":"Unload","floor":22}],"player_experience":871170,"relics_obtained":[{"floor":9,"key":"MawBank"},{"floor":10,"key":"Odd Mushroom"}],"event_choices":[{"damage_healed":0,"gold_gain":0,"cards_transformed":["Strike_B"],"player_choice":"Transformed","damage_taken":0,"max_hp_gain":0,"max_hp_loss":0,"event_name":"Transmorgrifier","floor":2,"gold_loss":0,"cards_obtained":["Reinforced Body"]},{"damage_healed":0,"gold_gain":75,"player_choice":"Gather Gold","damage_taken":11,"max_hp_gain":0,"max_hp_loss":0,"event_name":"World of Goop","floor":4,"gold_loss":0},{"damage_healed":0,"gold_gain":0,"player_choice":"Fought Mushrooms","damage_taken":0,"max_hp_gain":0,"max_hp_loss":0,"event_name":"Mushrooms","floor":10,"gold_loss":0},{"damage_healed":0,"gold_gain":0,"player_choice":"Ignored","damage_taken":0,"max_hp_gain":0,"max_hp_loss":0,"event_name":"Vampires","floor":19,"gold_loss":0},{"cards_removed":["Zap"],"damage_healed":0,"gold_gain":0,"player_choice":"Elegance","damage_taken":0,"max_hp_gain":0,"max_hp_loss":0,"event_name":"Back to Basics","floor":20,"gold_loss":0}],"is_beta":false,"boss_relics":[{"not_picked":["Velvet Choker","SlaversCollar"],"picked":"Snecko Eye"}],"items_purged_floors":[5,14],"is_endless":false,"potions_floor_spawned":[3,7,10,12,18,21],"killed_by":"Book of Stabbing","ascension_level":6}}