{"host":"cxvet2awney1vbzu","time":1609190472,"event":{"mods":["AchievementEnabler","BaseMod","Colored Powertips","Highlight Path","Minty Spire (QoL Compilation)","Quick Restart","StSLib"],"gold_per_floor":[109,10,85,35,51,85,143,143,168,200,212,231,249,284,284,382,382,396,396,408,768,417,445,445,471,471,484,484,502,535,535,535,635,635,652,652,632,582,599,624,624,658,705,705,349,368,382,400,400,400,400,400,20,47,47],"floor_reached":56,"playtime":8525,"items_purged":["Strike_G","Setup","Writhe","Endless Agony","Flechettes"],"score":1386,"play_id":"ebd80c02-acce-45a3-81c8-0b5fcdc38998","local_time":"20201228212112","is_ascension_mode":true,"campfire_choices":[{"data":"Phantasmal Killer","floor":8.0,"key":"SMITH"},{"floor":15.0,"key":"REST"},{"data":"Acrobatics","floor":24.0,"key":"SMITH"},{"floor":28.0,"key":"REST"},{"floor":32.0,"key":"RECALL"},{"data":"Night Terror","floor":41.0,"key":"SMITH"},{"data":"Neutralize","floor":44.0,"key":"SMITH"},{"floor":49.0,"key":"REST"},{"data":"Tactician","floor":52.0,"key":"SMITH"}],"circlet_count":0,"master_deck":["Survivor","Neutralize+1","Phantasmal Killer+1","Acrobatics","Acrobatics+1","Underhanded Strike","Venomology+1","All Out Attack","PiercingWail","Backstab","Flechettes","Quick Slash","Night Terror+1","Envenom+1","Heel Hook","Tactician+1","Footwork+1","Riddle With Holes+1"],"relics":["Ring of the Snake","MealTicket","Nunchaku","Bronze Scales","Tingsha","Pen Nib","Pandora\u0027s Box","Gremlin Horn","Anchor","Orichalcum","Strawberry","Smiling Mask","Question Card","Black Star","Toy Ornithopter","Paper Crane","Juzu Bracelet","Frozen Egg 2","Snake Skull","Shuriken","StrikeDummy","Happy Flower"],"acts_visited":["TheCity","TheBeyond","TheEnding"],"potions_floor_usage":[55,55,55,55,55,55,55],"damage_taken":[{"damage":0.0,"enemies":"2 Louse","floor":1.0,"turns":3.0},{"damage":1.0,"enemies":"Jaw Worm","floor":5.0,"turns":5.0},{"damage":8.0,"enemies":"Gremlin Nob","floor":6.0,"turns":3.0},{"damage":16.0,"enemies":"Gremlin Nob","floor":7.0,"turns":4.0},{"damage":8.0,"enemies":"Lagavulin","floor":10.0,"turns":6.0},{"damage":0.0,"enemies":"Cultist","floor":11.0,"turns":3.0},{"damage":0.0,"enemies":"Blue Slaver","floor":12.0,"turns":3.0},{"damage":4.0,"enemies":"Gremlin Gang","floor":13.0,"turns":3.0},{"damage":7.0,"enemies":"Gremlin Nob","floor":14.0,"turns":3.0},{"damage":31.0,"enemies":"The Guardian","floor":16.0,"turns":9.0},{"damage":10.0,"enemies":"2 Thieves","floor":18.0,"turns":3.0},{"damage":3.0,"enemies":"3 Byrds","floor":20.0,"turns":3.0},{"damage":0.0,"enemies":"Gremlin Leader","floor":23.0,"turns":3.0},{"damage":0.0,"enemies":"Book of Stabbing","floor":25.0,"turns":3.0},{"damage":0.0,"enemies":"Snecko","floor":27.0,"turns":2.0},{"damage":0.0,"enemies":"3 Cultists","floor":29.0,"turns":2.0},{"damage":0.0,"enemies":"Slavers","floor":30.0,"turns":2.0},{"damage":49.0,"enemies":"Collector","floor":33.0,"turns":7.0},{"damage":6.0,"enemies":"3 Shapes","floor":35.0,"turns":2.0},{"damage":1.0,"enemies":"Orb Walker","floor":39.0,"turns":2.0},{"damage":27.0,"enemies":"Nemesis","floor":40.0,"turns":3.0},{"damage":27.0,"enemies":"Giant Head","floor":42.0,"turns":7.0},{"damage":10.0,"enemies":"Maw","floor":46.0,"turns":5.0},{"damage":41.0,"enemies":"Spire Growth","floor":47.0,"turns":5.0},{"damage":19.0,"enemies":"Sphere and 2 Shapes","floor":48.0,"turns":3.0},{"damage":16.0,"enemies":"Donu and Deca","floor":50.0,"turns":5.0},{"damage":0.0,"enemies":"Shield and Spear","floor":54.0,"turns":3.0},{"damage":77,"enemies":"The Heart","floor":55,"turns":6}],"seed_played":"-4454060151951031721","potions_obtained":[{"floor":0.0,"key":"GamblersBrew"},{"floor":0.0,"key":"Explosive Potion"},{"floor":0.0,"key":"Ancient Potion"},{"floor":1.0,"key":"Fire Potion"},{"floor":7.0,"key":"Weak Potion"},{"floor":10.0,"key":"Swift Potion"},{"floor":14.0,"key":"Fire Potion"},{"floor":18.0,"key":"Regen Potion"},{"floor":25.0,"key":"Swift Potion"},{"floor":33.0,"key":"Fire Potion"},{"floor":37.0,"key":"Fire Potion"},{"floor":40.0,"key":"Energy Potion"},{"floor":48.0,"key":"Fire Potion"},{"floor":54.0,"key":"Weak Potion"}],"is_trial":false,"path_per_floor":["M","$","?","?","M","E","?","R","T","E","M","M","M","E","R","B",null,"M","?","M","?","$","E","R","E","T","M","R","M","E","?","R","B",null,"M","?","?","$","M","E","R","E","T","R","$","M","M","M","R","B",null,"R","$","E","B",null],"character_chosen":"THE_SILENT","items_purchased":["Quick Slash","Gremlin Horn","Envenom+1","Snake Skull","Shuriken","Footwork+1"],"campfire_rested":3,"item_purchase_floors":[2,22,45,45,53,53],"current_hp_per_floor":[70,70,59,59,58,50,34,34,34,26,26,26,22,15,36,5,70,60,60,57,21,36,45,45,45,52,52,75,75,75,75,75,26,77,71,71,71,77,76,49,49,47,47,47,62,57,21,2,25,29,77,77,77,77,15],"gold":47,"neow_bonus":"THREE_SMALL_POTIONS","is_daily":false,"chose_seed":false,"campfire_upgraded":5,"win_rate":0.0,"timestamp":1609190472,"path_taken":["M","$","?","?","M","E","?","R","T","E","M","M","M","E","R","BOSS","M","?","?","?","$","E","R","E","T","M","R","?","E","?","R","BOSS","M","?","?","$","M","E","R","E","T","R","$","M","M","M","R","BOSS","R","$","E","BOSS"],"items_purchased_type":["Card","Relic","Card","Relic","Relic","Card"],"build_version":"2020-12-22","purchased_purges":5,"victory":true,"max_hp_per_floor":[70,70,70,70,70,70,70,70,70,70,70,70,70,70,70,70,70,70,70,70,70,70,70,70,70,77,77,77,77,77,77,77,77,77,77,77,77,77,77,77,77,77,77,77,77,77,77,77,77,77,77,77,77,77,77],"card_choices":[{"not_picked":["Eviscerate","Escape Plan","Backstab"],"picked":"SKIP","floor":1.0},{"not_picked":["Poisoned Stab","Outmaneuver","Underhanded Strike"],"picked":"SKIP","floor":5.0},{"not_picked":["Blade Dance","Terror"],"picked":"Phantasmal Killer","floor":6.0},{"not_picked":["Dagger Spray","Poisoned Stab"],"picked":"Acrobatics","floor":7.0},{"not_picked":["Accuracy","Dash"],"picked":"Acrobatics","floor":10.0},{"not_picked":["Flying Knee","Expertise","Cloak And Dagger"],"picked":"SKIP","floor":11.0},{"not_picked":["Deflect","Acrobatics","Dodge and Roll"],"picked":"SKIP","floor":12.0},{"not_picked":["Backflip","Masterful Stab","Acrobatics"],"picked":"SKIP","floor":13.0},{"not_picked":["Bane","Blade Dance"],"picked":"Underhanded Strike","floor":14.0},{"not_picked":["Die Die Die","A Thousand Cuts"],"picked":"Venomology","floor":16.0},{"not_picked":["Backflip","Calculated Gamble","Predator"],"picked":"SKIP","floor":18.0},{"not_picked":["Poisoned Stab","Flying Knee","Cloak And Dagger"],"picked":"SKIP","floor":20.0},{"not_picked":["Catalyst","Underhanded Strike","Outmaneuver"],"picked":"SKIP","floor":23.0},{"not_picked":["Phantasmal Killer","Finisher","PiercingWail"],"picked":"SKIP","floor":25.0},{"not_picked":["Riddle With Holes","Dagger Spray","Backflip"],"picked":"SKIP","floor":27.0},{"not_picked":["Flechettes","Expertise+1","Dagger Throw"],"picked":"SKIP","floor":29.0},{"not_picked":["Cloak And Dagger","Expertise","Acrobatics+1"],"picked":"SKIP","floor":30.0},{"not_picked":["Doppelganger","Wraith Form v2","Unload"],"picked":"Night Terror","floor":33.0},{"not_picked":["Concentrate+1","Slice","Outmaneuver+1","Dodge and Roll+1"],"picked":"SKIP","floor":35.0},{"not_picked":["Finisher+1","PiercingWail+1","Poisoned Stab","Skewer+1"],"picked":"SKIP","floor":39.0},{"not_picked":["Infinite Blades","Night Terror","Bane","Eviscerate"],"picked":"SKIP","floor":40.0},{"not_picked":["Flying Knee+1","Concentrate+1","Caltrops+1","Eviscerate+1"],"picked":"SKIP","floor":42.0},{"not_picked":["Endless Agony","Backflip","Underhanded Strike+1","Blade Dance"],"picked":"SKIP","floor":46.0},{"not_picked":["Poisoned Stab+1","Well Laid Plans+1","Prepared"],"picked":"Heel Hook","floor":47.0},{"not_picked":["Predator","Dodge and Roll+1","Poisoned Stab"],"picked":"Tactician","floor":48.0},{"not_picked":["Bane","Finisher","Venomology"],"picked":"Riddle With Holes+1","floor":54.0}],"player_experience":428342,"relics_obtained":[{"floor":6.0,"key":"MealTicket"},{"floor":7.0,"key":"Nunchaku"},{"floor":9.0,"key":"Bronze Scales"},{"floor":10.0,"key":"Tingsha"},{"floor":14.0,"key":"Pen Nib"},{"floor":23.0,"key":"Anchor"},{"floor":25.0,"key":"Orichalcum"},{"floor":26.0,"key":"Strawberry"},{"floor":30.0,"key":"Smiling Mask"},{"floor":40.0,"key":"Toy Ornithopter"},{"floor":40.0,"key":"Paper Crane"},{"floor":42.0,"key":"Juzu Bracelet"},{"floor":42.0,"key":"Frozen Egg 2"},{"floor":54.0,"key":"StrikeDummy"},{"floor":54.0,"key":"Happy Flower"}],"event_choices":[{"damage_healed":0.0,"max_hp_gain":0.0,"max_hp_loss":0.0,"gold_gain":75.0,"event_name":"World of Goop","player_choice":"Gather Gold","floor":3.0,"gold_loss":0.0,"damage_taken":11.0},{"cards_removed":["Defend_G"],"damage_healed":0.0,"max_hp_gain":0.0,"max_hp_loss":0.0,"gold_gain":0.0,"event_name":"The Cleric","player_choice":"Card Removal","floor":4.0,"gold_loss":50.0,"damage_taken":0.0},{"damage_healed":0.0,"max_hp_gain":0.0,"max_hp_loss":0.0,"gold_gain":0.0,"event_name":"Dead Adventurer","player_choice":"Searched \u00271\u0027 times","floor":7.0,"gold_loss":0.0,"damage_taken":0.0},{"damage_healed":0.0,"max_hp_gain":0.0,"max_hp_loss":0.0,"gold_gain":0.0,"event_name":"Upgrade Shrine","player_choice":"Upgraded","floor":19.0,"gold_loss":0.0,"damage_taken":0.0,"cards_upgraded":["Venomology"]},{"damage_healed":0.0,"max_hp_gain":0.0,"max_hp_loss":0.0,"gold_gain":360.0,"event_name":"Knowing Skull","player_choice":"GOLD GOLD GOLD GOLD ","floor":21.0,"potions_obtained":[],"gold_loss":0.0,"damage_taken":36.0,"cards_obtained":[]},{"damage_healed":0.0,"max_hp_gain":0.0,"max_hp_loss":0.0,"gold_gain":0.0,"event_name":"The Mausoleum","player_choice":"Opened","floor":31.0,"gold_loss":0.0,"damage_taken":0.0,"relics_obtained":["Question Card"],"cards_obtained":["Writhe"]},{"cards_removed":["Quick Slash"],"damage_healed":0.0,"max_hp_gain":0.0,"max_hp_loss":0.0,"gold_gain":0.0,"event_name":"Falling","player_choice":"Removed Attack","floor":36.0,"gold_loss":0.0,"damage_taken":0.0},{"damage_healed":0.0,"max_hp_gain":0.0,"max_hp_loss":0.0,"gold_gain":0.0,"event_name":"The Woman in Blue","player_choice":"Bought 1 Potion","floor":37.0,"gold_loss":0.0,"damage_taken":0.0}],"is_beta":false,"boss_relics":[{"not_picked":["Coffee Dripper","Ring of the Serpent"],"picked":"Pandora\u0027s Box"},{"not_picked":["Tiny House","Runic Pyramid"],"picked":"Black Star"}],"items_purged_floors":[2,22,38,45,53],"is_endless":false,"potions_floor_spawned":[1,7,10,14,18,25,33,39,40,48,54],"ascension_level":1}}