{"host":"ao2emmq53bfl466s","time":1609195227,"event":{"mods":["Act Like it!","Arknights The Spire","Art Attack!","Bard","BaseMod","Bestiary","Better Note","Better Sensory Stone","Block Reminder","ChefMod","Colored Map","Elementarium","Infinite Spire","Jedi Mod","JesterMod","Jorbs\u0027s Wanderer Trilogy","Minty Spire (QoL Compilation)","Pale of the Ancients","QueenMod","Rare Cards Sparkle","Robot Space Explorer","Spicy Shops","StSLib","The Construct","The Dragon Tamer","The Gatherer","The Judge","The Poker Player","The Showman","The Spell Scribe","TheFirefly","Wandering Minibosses","thorton"],"gold_per_floor":[117,137,150,167,186,186,230,8,8,22,38,38,56,68,68,164,164,183,183,183,207,242,242],"floor_reached":22,"playtime":3194,"items_purged":["ats:Strike C"],"score":182,"play_id":"e2e3a6f8-6ae0-4a2b-ac92-0e1a39f93252","local_time":"20201228164027","is_ascension_mode":false,"campfire_choices":[{"data":"ats:Revitalization","floor":6,"key":"SMITH"},{"data":"ats:True Silver Slash","floor":12,"key":"SMITH"},{"floor":15,"key":"REST"}],"circlet_count":0,"master_deck":["ats:Strike G","ats:Strike S","ats:Strike V","ats:Armor Crushing Shot","ats:Defend","ats:Defend","ats:Defend","ats:Defend","ats:Emotion Absorption","ats:Cat Scratch","ats:Consecutive Shot Auto","ats:Neurotoxin","ats:Revitalization+1","ats:Steam Pump","ats:Shadow Raid","ats:Sunburst","ats:True Silver Slash+1","ats:Poison Spread","ats:Apocalypse","ats:Childhood Dance","ats:Powerful Strike","ats:Wolf Pack","ats:Shell Defense","Magnetism","Bandage Up"],"relics":["ats:Sanity","NeowsBlessing","Odd Mushroom","Art of War","Black Star"],"acts_visited":["Exordium","TheCity"],"potions_floor_usage":[7],"damage_taken":[{"damage":0,"enemies":"Jaw Worm","floor":1,"turns":1},{"damage":0,"enemies":"Small Slimes","floor":2,"turns":1},{"damage":0,"enemies":"Cultist","floor":3,"turns":1},{"damage":6,"enemies":"2 Fungi Beasts","floor":4,"turns":4},{"damage":20,"enemies":"3 Louse","floor":5,"turns":3},{"damage":28,"enemies":"The Mushroom Lair","floor":7,"turns":6},{"damage":8,"enemies":"Lots of Slimes","floor":10,"turns":3},{"damage":7,"enemies":"Blue Slaver","floor":11,"turns":4},{"damage":7,"enemies":"Exordium Thugs","floor":13,"turns":4},{"damage":11,"enemies":"Looter","floor":14,"turns":4},{"damage":42,"enemies":"Slime Boss","floor":16,"turns":11},{"damage":21,"enemies":"Spheric Guardian","floor":18,"turns":6},{"damage":22,"enemies":"Chosen","floor":21,"turns":6},{"damage":59,"enemies":"Sentry and Sphere","floor":22,"turns":8}],"seed_played":"-3880620948931323385","potions_obtained":[{"floor":4,"key":"Dexterity Potion"},{"floor":5,"key":"Strength Potion"},{"floor":7,"key":"jedi:tentaclejuice"},{"floor":11,"key":"Swift Potion"}],"is_trial":false,"path_per_floor":["M","M","M","M","M","R","?","$","T","M","M","R","M","M","R","B",null,"M","?","?","M","M"],"character_chosen":"DOCTOR_CLASS","items_purchased":["ats:Sunburst","ats:True Silver Slash"],"campfire_rested":1,"item_purchase_floors":[8,8],"current_hp_per_floor":[72,72,72,66,49,49,30,30,30,22,21,21,24,17,38,6,72,56,56,56,38,0,0],"gold":242,"neow_bonus":"THREE_ENEMY_KILL","is_daily":false,"chose_seed":false,"campfire_upgraded":2,"win_rate":0.0,"timestamp":1609195227,"path_taken":["M","M","M","M","M","R","?","$","T","M","M","R","M","M","R","BOSS","M","?","?","M","M"],"items_purchased_type":["Card","Card"],"build_version":"2020-12-22","purchased_purges":1,"victory":false,"max_hp_per_floor":[72,72,72,72,72,72,72,72,72,72,72,72,72,72,72,72,72,72,72,72,72,72,72],"card_choices":[{"not_picked":["ats:Powerful Strike","ats:Childhood Dance"],"picked":"ats:Cat Scratch","floor":1},{"not_picked":["ats:Powerful Strike","ats:Flame Of Heaven"],"picked":"ats:Consecutive Shot Auto","floor":2},{"not_picked":["ats:Poison Spread","ats:Curse Doll"],"picked":"ats:Neurotoxin","floor":3},{"not_picked":["ats:Steam Pump","ats:Hammer On"],"picked":"ats:Revitalization","floor":4},{"not_picked":["ats:Collapsing Strike","ats:Part Time Job"],"picked":"ats:Steam Pump","floor":5},{"not_picked":["ats:Very Hot Blade","ats:Defend Order"],"picked":"ats:Shadow Raid","floor":7},{"not_picked":["ats:Flame Of Heaven","ats:Automatic Cover"],"picked":"ats:Poison Spread","floor":10},{"not_picked":["ats:Hammer On","ats:Mental Burst"],"picked":"ats:Apocalypse","floor":11},{"not_picked":["ats:Hammer On","ats:Burning Ground"],"picked":"ats:Childhood Dance","floor":13},{"not_picked":["ats:Childhood Dance","ats:Directed Diagnosis"],"picked":"ats:Powerful Strike","floor":14},{"not_picked":["ats:True Silver Slash","ats:Echo Reverb"],"picked":"ats:Wolf Pack","floor":16},{"not_picked":["ats:Consecutive Shot Auto","ats:Red Shift"],"picked":"ats:Shell Defense","floor":18},{"not_picked":["Secret Technique","Jack Of All Trades"],"picked":"Magnetism","floor":20},{"not_picked":["Purity","Madness"],"picked":"Bandage Up","floor":20},{"not_picked":["ats:Hammer On","ats:Guardian Obelisk","ats:Collapsing Strike"],"picked":"SKIP","floor":21}],"player_experience":754356,"relics_obtained":[{"floor":7,"key":"Odd Mushroom"},{"floor":9,"key":"Art of War"}],"event_choices":[{"damage_healed":0,"gold_gain":0,"player_choice":"Fought Mushrooms","damage_taken":0,"max_hp_gain":0,"max_hp_loss":0,"event_name":"Mushrooms","floor":7,"gold_loss":0},{"damage_healed":0,"gold_gain":0,"player_choice":"Ignored","damage_taken":0,"max_hp_gain":0,"max_hp_loss":0,"event_name":"betterNote:BetterNote","floor":19,"gold_loss":0,"cards_obtained":["DTMod:WarmUp"]},{"damage_healed":0,"gold_gain":2,"player_choice":"1","damage_taken":0,"max_hp_gain":0,"max_hp_loss":0,"event_name":"betterStone:BetterStone","floor":20,"gold_loss":0}],"is_beta":false,"boss_relics":[{"not_picked":["Astrolabe","Snecko Eye"],"picked":"Black Star"}],"items_purged_floors":[8],"is_endless":false,"potions_floor_spawned":[4,5,7,11,14,21],"killed_by":"Sentry and Sphere","ascension_level":0}}