{"host":"5dk97cf2ubw2v967","time":1609194823,"event":{"mods":["AlwaysNeverKeys","BaseMod","Better Altar","Better Vampires","Block Reminder","Colored Powertips","Downfall","Googly Eyes","Highlight Path","Minty Spire (QoL Compilation)","Permanent Neow","Potion Indicator Mod","Quick Restart","Relic Filter","Relic Stats","Say the Spire","Spicy Shops","StSLib","Waifu the Spire","everything is the same but u backflip on backflip"],"gold_per_floor":[117,117,133,149,168,168,200,220,245,275,275,275,302,322,322,398,398,412,423,102,17,36,62,73,73,73,87,122,141,141,156,156,231,231,250,153,169,179,197,197,230,230,230,230,230,230],"floor_reached":45,"playtime":1942,"items_purged":["Strike_R"],"score":1168,"play_id":"4b8dfd73-af9b-4a0e-a23e-e81dd479405e","local_time":"20201228223343","is_ascension_mode":true,"campfire_choices":[{"data":"Infernal Blade","floor":6,"key":"SMITH"},{"data":"Strike_R","floor":11,"key":"PURGE"},{"data":"Strike_R","floor":15,"key":"PURGE"},{"floor":25,"key":"REST"},{"data":"Strike_R","floor":30,"key":"PURGE"},{"data":"Defend_R","floor":32,"key":"PURGE"},{"floor":40,"key":"REST"},{"floor":42,"key":"REST"}],"circlet_count":0,"master_deck":["AscendersBane","Defend_R+1","Defend_R","Bash","Spot Weakness+1","Sword Boomerang","Infernal Blade+1","Metallicize","Sword Boomerang","Cleave","Shrug It Off","Heavy Blade","Limit Break","Anger+1","Sword Boomerang","Inflame","Seeing Red","Seeing Red+1","Seeing Red","Anger","Ghostly Armor","Flex","Inflame","Fiend Fire","Pummel"],"relics":["Burning Blood","Unceasing Top","Peace Pipe","Bag of Marbles","Vajra","Sozu","ClockworkSouvenir","CaptainsWheel","Kunai","Self Forming Clay","Calipers","SlaversCollar","Gremlin Horn","Frozen Egg 2","War Paint"],"acts_visited":["Exordium","TheCity","TheBeyond"],"potions_floor_usage":[7,13,14,16,22],"damage_taken":[{"damage":5,"enemies":"2 Louse","floor":1,"turns":4},{"damage":0,"enemies":"Small Slimes","floor":3,"turns":3},{"damage":6,"enemies":"Cultist","floor":4,"turns":3},{"damage":14,"enemies":"Exordium Wildlife","floor":5,"turns":4},{"damage":12,"enemies":"Lagavulin","floor":7,"turns":7},{"damage":8,"enemies":"Large Slime","floor":8,"turns":6},{"damage":8,"enemies":"Gremlin Nob","floor":10,"turns":3},{"damage":0,"enemies":"Lagavulin","floor":13,"turns":3},{"damage":0,"enemies":"Gremlin Gang","floor":14,"turns":2},{"damage":44,"enemies":"Hexaghost","floor":16,"turns":6},{"damage":19,"enemies":"Shell Parasite","floor":18,"turns":3},{"damage":0,"enemies":"Chosen","floor":19,"turns":3},{"damage":24,"enemies":"Shelled Parasite and Fungi","floor":22,"turns":4},{"damage":14,"enemies":"Book of Stabbing","floor":23,"turns":3},{"damage":0,"enemies":"Chosen and Byrds","floor":24,"turns":4},{"damage":0,"enemies":"Centurion and Healer","floor":27,"turns":2},{"damage":10,"enemies":"Gremlin Leader","floor":28,"turns":4},{"damage":6,"enemies":"Cultist and Chosen","floor":29,"turns":4},{"damage":13,"enemies":"Shelled Parasite and Fungi","floor":31,"turns":2},{"damage":0,"enemies":"Collector","floor":33,"turns":4},{"damage":16,"enemies":"Orb Walker","floor":35,"turns":2},{"damage":25,"enemies":"3 Darklings","floor":37,"turns":3},{"damage":23,"enemies":"Sphere and 2 Shapes","floor":38,"turns":4},{"damage":15,"enemies":"Maw","floor":39,"turns":3},{"damage":33,"enemies":"Reptomancer","floor":41,"turns":4},{"damage":43,"enemies":"3 Darklings","floor":45,"turns":2}],"seed_played":"7412899678009124876","potions_obtained":[{"floor":1,"key":"Block Potion"},{"floor":5,"key":"SpeedPotion"},{"floor":13,"key":"Swift Potion"},{"floor":14,"key":"SteroidPotion"},{"floor":16,"key":"Block Potion"}],"is_trial":false,"path_per_floor":["M","?","M","M","M","R","E","M","T","E","R","?","E","M","R","B",null,"M","M","$","?","M","E","M","R","T","M","E","M","R","M","R","B",null,"M","?","M","M","M","R","E","R","T","?","M"],"character_chosen":"IRONCLAD","items_purchased":["Inflame","ClockworkSouvenir"],"campfire_rested":3,"item_purchase_floors":[20,20],"current_hp_per_floor":[69,69,75,75,67,67,61,59,59,57,57,57,63,69,69,31,64,51,57,57,57,39,31,37,59,59,65,61,61,61,54,54,60,71,61,61,42,25,16,38,11,33,33,33,0,0],"gold":230,"neow_bonus":"THREE_CARDS","is_daily":false,"chose_seed":false,"campfire_upgraded":1,"win_rate":0.0,"timestamp":1609194823,"path_taken":["M","?","M","M","M","R","E","M","T","E","R","?","E","M","R","BOSS","M","?","$","?","M","E","M","R","T","M","E","M","R","M","R","BOSS","M","?","M","M","?","R","E","R","T","?","M"],"items_purchased_type":["Card","Relic"],"build_version":"2020-12-22","purchased_purges":1,"victory":false,"max_hp_per_floor":[75,75,75,75,75,75,75,75,75,75,75,75,75,75,75,75,75,75,75,75,75,75,75,75,75,75,75,75,75,75,75,75,75,75,75,75,75,75,75,75,75,75,75,71,71,71],"relic_stats":{"Peace Pipe":4,"Sozu":7,"Gremlin Horn":[10,10],"counters":[26,92],"Self Forming Clay":[48],"Kunai":[22],"War Paint":["Spot Weakness","Defend_R"],"obtain_stats":[{"Calipers":28,"Gremlin Horn":36,"Self Forming Clay":26,"Vajra":13,"Frozen Egg 2":41,"War Paint":43,"Burning Blood":0,"ClockworkSouvenir":20,"Peace Pipe":9,"Sozu":17,"SlaversCollar":34,"CaptainsWheel":21,"Bag of Marbles":10,"Kunai":23,"Unceasing Top":7},{"Calipers":17,"Gremlin Horn":21,"Self Forming Clay":15,"Vajra":8,"Frozen Egg 2":25,"War Paint":25,"Burning Blood":0,"ClockworkSouvenir":12,"Peace Pipe":6,"Sozu":10,"SlaversCollar":20,"CaptainsWheel":12,"Bag of Marbles":7,"Kunai":14,"Unceasing Top":5},{"Calipers":64,"Gremlin Horn":76,"Self Forming Clay":58,"Vajra":33,"Frozen Egg 2":90,"War Paint":90,"Burning Blood":0,"ClockworkSouvenir":47,"Peace Pipe":27,"Sozu":41,"SlaversCollar":74,"CaptainsWheel":47,"Bag of Marbles":30,"Kunai":54,"Unceasing Top":21}],"Burning Blood":150,"Unceasing Top":[66]},"card_choices":[{"not_picked":["Warcry","Intimidate"],"picked":"Spot Weakness","floor":0},{"not_picked":["Sever Soul","Havoc"],"picked":"Sword Boomerang","floor":1},{"not_picked":["Anger","Havoc","Thunderclap"],"picked":"SKIP","floor":3},{"not_picked":["Flex","Evolve"],"picked":"Infernal Blade","floor":4},{"not_picked":["Thunderclap","Combust"],"picked":"Metallicize","floor":5},{"not_picked":["Rage","Sever Soul"],"picked":"Sword Boomerang","floor":7},{"not_picked":["True Grit","Corruption"],"picked":"Cleave","floor":8},{"not_picked":["Second Wind","Havoc"],"picked":"Shrug It Off","floor":10},{"not_picked":["Body Slam","Clothesline","Clash"],"picked":"SKIP","floor":13},{"not_picked":["Bludgeon","Dual Wield"],"picked":"Heavy Blade","floor":14},{"not_picked":["Barricade","Impervious"],"picked":"Limit Break","floor":16},{"not_picked":["Twin Strike","Evolve+1"],"picked":"Anger+1","floor":18},{"not_picked":["Anger","Evolve+1"],"picked":"Sword Boomerang","floor":19},{"not_picked":["Pummel","Searing Blow"],"picked":"Seeing Red","floor":22},{"not_picked":["Sword Boomerang+1","Disarm"],"picked":"Seeing Red+1","floor":23},{"not_picked":["Clash","Iron Wave"],"picked":"Seeing Red","floor":24},{"not_picked":["Sentinel","Power Through"],"picked":"Anger","floor":27},{"not_picked":["Reckless Charge+1","Battle Trance"],"picked":"Ghostly Armor","floor":28},{"not_picked":["Ghostly Armor","True Grit"],"picked":"Flex","floor":29},{"not_picked":["Warcry","Wild Strike"],"picked":"Inflame","floor":31},{"not_picked":["Juggernaut","Offering"],"picked":"Fiend Fire","floor":33},{"not_picked":["Twin Strike","Second Wind"],"picked":"Pummel","floor":35},{"not_picked":["Battle Trance+1","Twin Strike+1","Feel No Pain"],"picked":"SKIP","floor":37},{"not_picked":["True Grit","Burning Pact","Cleave"],"picked":"SKIP","floor":38},{"not_picked":["Heavy Blade","Warcry+1","Flex"],"picked":"SKIP","floor":39},{"not_picked":["Entrench+1","Dropkick","Shockwave+1"],"picked":"SKIP","floor":41}],"player_experience":1265510,"relics_obtained":[{"floor":7,"key":"Unceasing Top"},{"floor":9,"key":"Peace Pipe"},{"floor":10,"key":"Bag of Marbles"},{"floor":13,"key":"Vajra"},{"floor":23,"key":"Kunai"},{"floor":26,"key":"Self Forming Clay"},{"floor":28,"key":"Calipers"},{"floor":41,"key":"Frozen Egg 2"},{"floor":43,"key":"War Paint"}],"event_choices":[{"cards_removed":["Strike_R"],"damage_healed":0,"gold_gain":0,"player_choice":"Forget","damage_taken":0,"max_hp_gain":0,"max_hp_loss":0,"event_name":"Living Wall","floor":2,"gold_loss":0},{"cards_removed":["Defend_R"],"damage_healed":0,"gold_gain":0,"player_choice":"Offered Basic","damage_taken":0,"max_hp_gain":0,"max_hp_loss":0,"event_name":"Bonfire Elementals","floor":12,"gold_loss":0},{"damage_healed":0,"gold_gain":0,"player_choice":"Obtained Relic","damage_taken":0,"relics_obtained":["CaptainsWheel"],"max_hp_gain":0,"max_hp_loss":0,"event_name":"Addict","floor":21,"gold_loss":85},{"damage_healed":0,"gold_gain":0,"player_choice":"Paid Gold","damage_taken":0,"relics_obtained":["Gremlin Horn"],"max_hp_gain":0,"max_hp_loss":0,"event_name":"WeMeetAgain","floor":36,"gold_loss":97},{"damage_healed":0,"gold_gain":0,"player_choice":"Max HP","damage_taken":0,"max_hp_gain":0,"max_hp_loss":4,"event_name":"Winding Halls","floor":44,"gold_loss":0}],"is_beta":false,"boss_relics":[{"not_picked":["Snecko Eye","Mark of Pain"],"picked":"Sozu"},{"not_picked":["Busted Crown","Runic Cube"],"picked":"SlaversCollar"}],"items_purged_floors":[20],"is_endless":false,"potions_floor_spawned":[1,5,13,14,16,19,22,27,28,29,31,37],"killed_by":"3 Darklings","ascension_level":20}}