{"host":"k0kjm4m87pwj4phr","time":1609141050,"event":{"mods":["Arknights The Spire","BaseMod","Colored Map","Colored Powertips","Minty Spire (QoL Compilation)","Permanent Neow","Quick Restart","Relic Stats","StSLib"],"gold_per_floor":[119,135,146,159,172,172,190,140,140,26,57,57,70,87,87,190,190,209,61,72,72,90,90,90,120,120,136,136,136],"floor_reached":28,"playtime":1091,"items_purged":["ats:Strike C"],"score":244,"play_id":"234b9180-9402-4646-81bc-7170bd2443ec","local_time":"20201228153730","is_ascension_mode":false,"campfire_choices":[{"data":"ats:Soul Rend","floor":6.0,"key":"SMITH"},{"floor":15,"key":"REST"},{"data":"ats:True Silver Slash","floor":23,"key":"SMITH"}],"circlet_count":0,"master_deck":["ats:Strike G","ats:Armor Crushing Shot","ats:Defend","ats:Defend","ats:Emotion Absorption","ats:True Silver Slash+1","ats:Apocalypse","ats:Closed Bolt Burst Fire","ats:Soul Rend+1","ats:Thorns","ats:Neurotoxin+1","ats:Counter Healing Mode+1","ats:Powerful Strike","ats:Wolf Pack","ats:Charging Defense+1","ats:Counter Healing Mode+1","ats:Charging Defense","ats:Poison Spread+1","ats:Defend Order+1"],"relics":["ats:Sanity","Frozen Egg 2","ats:Originium","Bronze Scales","Black Star","Medical Kit","ats:Originium","ats:Lavender","Mummified Hand","TungstenRod"],"acts_visited":["Exordium","TheCity"],"potions_floor_usage":[16,16],"damage_taken":[{"damage":13.0,"enemies":"Jaw Worm","floor":1.0,"turns":3.0},{"damage":2.0,"enemies":"2 Louse","floor":2.0,"turns":2.0},{"damage":0.0,"enemies":"Small Slimes","floor":3.0,"turns":2.0},{"damage":10.0,"enemies":"Looter","floor":4.0,"turns":3.0},{"damage":3.0,"enemies":"3 Louse","floor":5.0,"turns":2.0},{"damage":16.0,"enemies":"2 Fungi Beasts","floor":7.0,"turns":4.0},{"damage":60.0,"enemies":"3 Sentries","floor":11.0,"turns":11.0},{"damage":0.0,"enemies":"Large Slime","floor":13.0,"turns":2.0},{"damage":6,"enemies":"Exordium Thugs","floor":14,"turns":4},{"damage":72,"enemies":"The Guardian","floor":16,"turns":10},{"damage":14,"enemies":"Chosen","floor":18,"turns":6},{"damage":30,"enemies":"2 Thieves","floor":20,"turns":3},{"damage":15,"enemies":"Chosen and Byrds","floor":22,"turns":7},{"damage":64,"enemies":"Slavers","floor":25,"turns":5},{"damage":13,"enemies":"Snake Plant","floor":27,"turns":4},{"damage":30,"enemies":"Shelled Parasite and Fungi","floor":28,"turns":2}],"seed_played":"66944170181957832","potions_obtained":[{"floor":3.0,"key":"Fire Potion"},{"floor":4.0,"key":"ats:Top Emergency Sanity Potion"},{"floor":7.0,"key":"FearPotion"},{"floor":13.0,"key":"PowerPotion"},{"floor":14,"key":"PowerPotion"},{"floor":27,"key":"FearPotion"}],"is_trial":false,"path_per_floor":["M","M","M","M","M","R","M","?","T","$","E","?","M","M","R","B",null,"M","$","M","?","M","R","?","E","T","M","M"],"character_chosen":"DOCTOR_CLASS","items_purchased":["ats:Neurotoxin+1","Medical Kit"],"campfire_rested":1,"item_purchase_floors":[10,19],"current_hp_per_floor":[59,57,57,47,48,48,56,56,56,56,38,31,31,29,50,10,72,62,62,32,32,35,35,59,19,19,9,0,0],"gold":136,"neow_bonus":"ONE_RANDOM_RARE_CARD","is_daily":false,"chose_seed":false,"campfire_upgraded":2,"win_rate":0.0,"timestamp":1609141050,"path_taken":["M","M","M","M","M","R","M","?","T","$","E","?","M","M","R","BOSS","M","$","M","?","M","R","?","E","T","M","M"],"items_purchased_type":["Card","Relic"],"build_version":"2020-12-22","purchased_purges":1,"victory":false,"max_hp_per_floor":[72,72,72,72,72,72,72,72,72,72,72,72,72,72,72,72,72,72,72,72,72,72,72,72,72,72,72,72,72],"relic_stats":{"counters":[16,70],"Mummified Hand":[12],"Bronze Scales":[134],"Black Star":1,"Medical Kit":[4],"obtain_stats":[{"ats:Originium":11,"ats:Lavender":25,"Mummified Hand":25,"Bronze Scales":11,"Black Star":17,"ats:Sanity":0,"Frozen Egg 2":9,"Medical Kit":19,"TungstenRod":26},{"ats:Originium":7,"ats:Lavender":14,"Mummified Hand":14,"Bronze Scales":7,"Black Star":10,"ats:Sanity":0,"Frozen Egg 2":6,"Medical Kit":11,"TungstenRod":14},{"ats:Originium":27,"ats:Lavender":64,"Mummified Hand":64,"Bronze Scales":27,"Black Star":43,"ats:Sanity":0,"Frozen Egg 2":16,"Medical Kit":49,"TungstenRod":64}],"TungstenRod":6},"card_choices":[{"not_picked":["ats:Shell Defense","ats:Ignite","ats:Hammer On"],"picked":"SKIP","floor":1.0},{"not_picked":["ats:Assault Order","ats:Shadow Raid"],"picked":"ats:Apocalypse","floor":2.0},{"not_picked":["ats:Mental Burst","ats:Poison Spread"],"picked":"ats:Closed Bolt Burst Fire","floor":3.0},{"not_picked":["ats:Healing Drone","ats:Ignite","ats:Shadow Raid"],"picked":"SKIP","floor":4.0},{"not_picked":["ats:Leaping Hammer","ats:Ignite"],"picked":"ats:Soul Rend","floor":5.0},{"not_picked":["ats:Defend Order","ats:Apocalypse"],"picked":"ats:Thorns","floor":7.0},{"not_picked":["ats:Rapid Magazine+1","ats:Consecutive Shot Auto"],"picked":"ats:Counter Healing Mode+1","floor":11.0},{"not_picked":["ats:Counter Healing Mode+1","ats:Ignite"],"picked":"ats:Powerful Strike","floor":13.0},{"not_picked":["ats:Leaping Hammer","ats:Defend Order+1","ats:Powerful Strike"],"picked":"SKIP","floor":14},{"not_picked":["ats:Dogmatic Field+1","ats:Volcano"],"picked":"ats:Wolf Pack","floor":16},{"not_picked":["ats:Leaping Hammer","ats:Powerful Strike"],"picked":"ats:Charging Defense+1","floor":18},{"not_picked":["ats:Childhood Dance","ats:Cat Scratch","ats:Powerful Strike"],"picked":"SKIP","floor":20},{"not_picked":["ats:Apocalypse","ats:Burning Ground+1"],"picked":"ats:Poison Spread+1","floor":22},{"not_picked":["ats:Revitalization+1","ats:Nebulous Foxfire"],"picked":"ats:Defend Order+1","floor":25},{"not_picked":["ats:Assault Order","ats:Shell Defense","ats:Ignite"],"picked":"SKIP","floor":27}],"player_experience":435968,"relics_obtained":[{"floor":9.0,"key":"Frozen Egg 2"},{"floor":11.0,"key":"ats:Originium"},{"floor":11.0,"key":"Bronze Scales"},{"floor":25,"key":"ats:Originium"},{"floor":25,"key":"ats:Lavender"},{"floor":25,"key":"Mummified Hand"},{"floor":26,"key":"TungstenRod"}],"event_choices":[{"cards_removed":["ats:Strike S"],"damage_healed":0.0,"max_hp_gain":0.0,"max_hp_loss":0.0,"gold_gain":0.0,"event_name":"The Cleric","player_choice":"Card Removal","floor":8.0,"gold_loss":50.0,"damage_taken":0.0},{"cards_removed":["ats:Strike V"],"damage_healed":0.0,"max_hp_gain":0.0,"max_hp_loss":0.0,"gold_gain":0.0,"event_name":"Golden Wing","player_choice":"Card Removal","floor":12.0,"gold_loss":0.0,"damage_taken":7.0},{"damage_healed":0,"gold_gain":0,"cards_transformed":["ats:Defend","ats:Defend"],"player_choice":"Became Test Subject","damage_taken":0,"max_hp_gain":0,"max_hp_loss":0,"event_name":"Drug Dealer","floor":21,"gold_loss":0,"cards_obtained":["ats:Counter Healing Mode","ats:Charging Defense"]},{"damage_healed":24,"gold_gain":0,"player_choice":"Heal","damage_taken":0,"max_hp_gain":0,"max_hp_loss":0,"event_name":"The Library","floor":24,"gold_loss":0}],"is_beta":false,"boss_relics":[{"not_picked":["Tiny House","SacredBark"],"picked":"Black Star"}],"items_purged_floors":[10],"is_endless":false,"potions_floor_spawned":[3,4,7,13,14,27],"killed_by":"Shelled Parasite and Fungi","ascension_level":0}}