{"host":"fbjkyf8096sobcph","time":1609192582,"event":{"mods":["2.2 Compatiblity","AchievementEnabler","Aspiration","BaseMod","Better Altar","Better Match","Better Note","Better Sensory Stone","Better Skull","Better Third Choice","BetterRewards","CCEM","Clawfect","Colored Map","Conspire","Downfall","GifTheSpireLib","Halation","Highlight Path","Hubris","Infinite Spire","Mimic Mod","Minty Spire (QoL Compilation)","Permanent Neow","Replay The Spire","Shop Mod","Spicy Shops","StSLib","Stuff the Spire","Unceasing Turn Reminder","Waifu the Spire","everything is the same but u backflip on backflip","slay the spire mod where everything is the same but ironclad has a cowboy hat"],"gold_per_floor":[0,17,34,19,33,33,83,83,100,133,152,170,20,20,35,140,140,140,110,125,125,75,75,75],"floor_reached":22,"playtime":1856,"items_purged":[],"score":178,"play_id":"3edc2ff7-761b-4ced-baa4-b73444c65c66","local_time":"20201228225622","is_ascension_mode":false,"campfire_choices":[{"data":"Apotheosis","floor":1,"key":"SMITH"},{"floor":6,"key":"RECALL"},{"floor":13,"key":"REST"},{"data":"hexamod:VolcanoVisage","floor":18,"key":"SMITH"}],"circlet_count":0,"master_deck":["hexamod:Strike","hexamod:Strike+1","hexamod:Strike","hexamod:Strike","hexamod:Defend","hexamod:Defend","hexamod:Defend","hexamod:Defend","hexamod:Sear","hexamod:Float","Apotheosis+1","hexamod:RecurringNightmare+1","hexamod:GhostOfSpireFuture","hexamod:HauntingEcho","hexamod:FourthSeal","hexamod:FifthSeal","hexamod:SkipABeat+1","hexamod:GhostOfSpirePast","hexamod:SixthSeal","hexamod:ExtraCrispy","hexamod:FirstSeal","hexamod:VolcanoVisage+1","hexamod:ThirdSeal","hexamod:AdvancingGuard+1","hexamod:Incineration+1","hexamod:BacktrackSmack+1"],"relics":["hexamod:SpiritBrand","StuffTheSpire:Nightcore","halation:Toothbrush","downfall:HeartBlessingRed","downfall:HeartBlessingBlue","hubris:Icosahedron","halation:PinkAlligatorPlush"],"acts_visited":["Exordium","TheCity"],"potions_floor_usage":[11,12,16,16,20,20,22],"damage_taken":[{"damage":0,"enemies":"Cultist","floor":2,"turns":4},{"damage":0,"enemies":"Small Slimes","floor":3,"turns":3},{"damage":2,"enemies":"downfall:FleeingMerchant","floor":4,"turns":4},{"damage":6,"enemies":"2 Louse","floor":5,"turns":3},{"damage":33,"enemies":"Lots of Slimes","floor":9,"turns":6},{"damage":26,"enemies":"conspire:MimicChest","floor":10,"turns":7},{"damage":0,"enemies":"Blue Slaver","floor":11,"turns":5},{"damage":0,"enemies":"Large Slime","floor":12,"turns":5},{"damage":22,"enemies":"Exordium Wildlife","floor":15,"turns":7},{"damage":19,"enemies":"downfall:Watcher","floor":16,"turns":8},{"damage":36,"enemies":"Shell Parasite","floor":19,"turns":7},{"damage":56,"enemies":"Shelled Parasite and Fungi","floor":20,"turns":5},{"damage":65,"enemies":"3 Cultists","floor":22,"turns":4}],"seed_played":"-2581557551793534674","potions_obtained":[{"floor":5,"key":"LiquidBronze"},{"floor":9,"key":"Block Potion"},{"floor":10,"key":"SteroidPotion"},{"floor":11,"key":"Flashbang"},{"floor":12,"key":"DistilledChaos"},{"floor":16,"key":"sneckomod:MuddlingPotion"},{"floor":19,"key":"champ:CounterPotion"},{"floor":20,"key":"EssenceOfSteel"}],"is_trial":false,"path_per_floor":["R","M","M","$","M","R","T","?","M","?","M","M","R","?","M","B",null,"R","M","M","?","M"],"character_chosen":"THE_SPIRIT","items_purchased":[],"campfire_rested":1,"item_purchase_floors":[],"current_hp_per_floor":[70,70,70,68,62,62,62,62,29,3,3,3,37,37,58,39,80,80,51,80,56,0,0,0],"gold":75,"neow_bonus":"RANDOM_COLORLESS_2","is_daily":false,"chose_seed":false,"campfire_upgraded":2,"win_rate":0.0,"timestamp":1609192582,"path_taken":["R","M","M","$","M","R","T","?","M","?","?","M","R","?","M","BOSS","R","M","M","?","M"],"items_purchased_type":[],"build_version":"2020-12-22","purchased_purges":0,"victory":false,"max_hp_per_floor":[70,70,70,70,70,70,70,70,70,70,70,70,80,80,80,80,80,80,80,80,80,80,80,80],"card_choices":[{"not_picked":["Violence","Magnetism"],"picked":"Apotheosis","floor":0},{"not_picked":["hexamod:NightmareGuise","hexamod:SwordOfDarkness"],"picked":"hexamod:RecurringNightmare","floor":2},{"not_picked":["hexamod:CatchUp","hexamod:ThermalTransfer"],"picked":"hexamod:GhostOfSpireFuture","floor":3},{"not_picked":["hexamod:ShieldOfDarkness","hexamod:Hexaguard","hexamod:HauntingEcho"],"picked":"SKIP","floor":4},{"not_picked":["hexamod:RainOfEmbers","hexamod:BacktrackSmack"],"picked":"hexamod:HauntingEcho","floor":5},{"not_picked":["hexamod:DynamicBlow","hexamod:BacktrackSmack"],"picked":"hexamod:FourthSeal","floor":9},{"not_picked":["hexamod:AdvancingGuard","hexamod:SwordOfDarkness"],"picked":"hexamod:FifthSeal","floor":10},{"not_picked":["hexamod:SwordOfDarkness","hexamod:GhostLash"],"picked":"hexamod:SkipABeat","floor":11},{"not_picked":["hexamod:NightmareStrike","hexamod:FastForward"],"picked":"hexamod:GhostOfSpirePast","floor":12},{"not_picked":["hexamod:SecondSeal","hexamod:FirstSeal"],"picked":"hexamod:SixthSeal","floor":15},{"not_picked":["hexamod:ShieldOfDarkness","hexamod:GhostLash"],"picked":"hexamod:ExtraCrispy","floor":15},{"not_picked":["hexamod:SixthSeal","hexamod:SecondSeal"],"picked":"hexamod:FirstSeal","floor":16},{"not_picked":["hexamod:ParanormalForm","hexamod:TimeWarp"],"picked":"hexamod:VolcanoVisage","floor":16},{"not_picked":["hexamod:FourthSeal","hexamod:FirstSeal"],"picked":"hexamod:ThirdSeal","floor":19},{"not_picked":["hexamod:GhostShield","hexamod:NightmareGuise"],"picked":"hexamod:AdvancingGuard+1","floor":19},{"not_picked":["hexamod:Firestarter","hexamod:CatchUp"],"picked":"hexamod:Incineration+1","floor":20},{"not_picked":["hexamod:ThermalTransfer","hexamod:NightmareStrike"],"picked":"hexamod:BacktrackSmack+1","floor":20}],"player_experience":239888,"relics_obtained":[{"floor":8,"key":"StuffTheSpire:Nightcore"},{"floor":10,"key":"halation:Toothbrush"}],"event_choices":[],"is_beta":false,"boss_relics":[{"not_picked":["hubris:Stopwatch","aspiration:RunicSpoon"],"picked":"halation:PinkAlligatorPlush"}],"items_purged_floors":[],"is_endless":false,"potions_floor_spawned":[5,9,11,15],"killed_by":"3 Cultists","ascension_level":0}}