{"host":"w3q5ijqu8eoknil3","time":1609117441,"event":{"mods":["AchievementEnabler","BaseMod","Block Reminder","Colored Powertips","Minty Spire (QoL Compilation)","Quick Restart","Relic Stats","ojb\u0027s Better Paths Mod","ojb\u0027s Info Mod","slay the spire mod where everything is the same but ironclad has a cowboy hat"],"gold_per_floor":[359,359,43,60,60,60,60],"floor_reached":6,"playtime":297,"items_purged":[],"score":68,"play_id":"9c304a11-e502-4080-8ba6-9512752bd3f1","local_time":"20201228010401","is_ascension_mode":true,"campfire_choices":[],"circlet_count":0,"master_deck":["AscendersBane","Strike_R","Strike_R","Strike_R","Defend_R","Defend_R","Defend_R","Defend_R","Bash","Ghostly Armor","Twin Strike","Second Wind"],"relics":["Burning Blood","Shovel"],"acts_visited":["Exordium"],"potions_floor_usage":[],"damage_taken":[{"damage":8,"enemies":"2 Louse","floor":1,"turns":4},{"damage":1,"enemies":"Cultist","floor":4,"turns":4},{"damage":55,"enemies":"3 Sentries","floor":6,"turns":10}],"seed_played":"5754043057992924686","potions_obtained":[],"is_trial":false,"path_per_floor":["M","?","$","M","?","E"],"character_chosen":"IRONCLAD","items_purchased":["Shovel"],"campfire_rested":0,"item_purchase_floors":[3],"current_hp_per_floor":[48,48,48,53,53,0,0],"gold":60,"neow_bonus":"TWO_FIFTY_GOLD","is_daily":false,"chose_seed":false,"campfire_upgraded":0,"win_rate":0.0,"timestamp":1609117441,"path_taken":["M","?","$","?","?","E"],"items_purchased_type":["Relic"],"build_version":"2020-12-22","purchased_purges":0,"victory":false,"max_hp_per_floor":[75,75,75,75,75,75,75],"relic_stats":{"Shovel":0,"counters":[3,18],"obtain_stats":[{"Shovel":3,"Burning Blood":0},{"Shovel":1,"Burning Blood":0},{"Shovel":4,"Burning Blood":0}],"Burning Blood":12},"card_choices":[{"not_picked":["Body Slam","Anger"],"picked":"Ghostly Armor","floor":1},{"not_picked":["Flex","Dark Embrace"],"picked":"Twin Strike","floor":4}],"player_experience":946785,"relics_obtained":[],"event_choices":[{"cards_removed":["Strike_R"],"damage_healed":0,"gold_gain":0,"player_choice":"Offered Basic","damage_taken":0,"max_hp_gain":0,"max_hp_loss":0,"event_name":"Bonfire Elementals","floor":2,"gold_loss":0},{"damage_healed":0,"gold_gain":0,"cards_transformed":["Strike_R"],"player_choice":"Change","damage_taken":0,"max_hp_gain":0,"max_hp_loss":0,"event_name":"Living Wall","floor":5,"gold_loss":0,"cards_obtained":["Second Wind"]}],"is_beta":false,"boss_relics":[],"items_purged_floors":[],"is_endless":false,"potions_floor_spawned":[],"killed_by":"3 Sentries","ascension_level":20}}