{"host":"bzg9y3flbaqjj1j7","time":1609181261,"event":{"mods":["AchievementEnabler","Aspiration","BaseMod","Better Third Choice","Challenge The Spire","Hubris","Hyrulean Relics","Infinite Spire","Lobotomy","LobotomyExtend","Marisa????????","Marked Mod","Minty Spire (QoL Compilation)","Permanent Neow","Rare Cards Sparkle","Reimu??????","Remilia??????","Replay The Spire","Shade Mod","Shop Mod","StSLib","The Administrix","The Alterego","The Blue Laboratory","The Fake Hero","Waifu the Spire"],"gold_per_floor":[517,531,365,383,383,410,410,437,464,464,480,497,138,151,151,201,201,201,201,201,201],"floor_reached":18,"playtime":1662,"items_purged":[],"score":162,"play_id":"3e9b167f-56b1-4134-a20f-f02fcad953cc","local_time":"20201228151741","is_ascension_mode":false,"campfire_choices":[{"data":"luka_mod:Guard","floor":7.0,"key":"SMITH"},{"data":"Replay:Parry","floor":10.0,"key":"SMITH"},{"floor":15.0,"key":"REST"}],"circlet_count":0,"master_deck":["luka_mod:StrikeLukaOne","luka_mod:StrikeLukaTwo","luka_mod:StrikeLukaThree","luka_mod:StrikeLukaFour","luka_mod:StrikeLukaFive","luka_mod:StrikeLukaSix","luka_mod:Salt","luka_mod:Guard+1","luka_mod:Edging","luka_mod:FlailWildly","luka_mod:Meditation","LaLuna","luka_mod:StrikeLuka","luka_mod:HeroicStrike","luka_mod:SmallBody","Replay:Parry+1","luka_mod:SuperAttack","Freischutz","luka_mod:EndlessGuard","luka_mod:Determination","luka_mod:Optimistic","luka_mod:Determination+1","FieryBird","luka_mod:SpoilerForm","NothingThere"],"relics":["luka_mod:KeepsakeRing","CogitoBucket","LetterFromLob","infinitespire:Beetle Shell","hubris:PeanutButter","hubris:OldNail","Bag of Preparation","ResearcherNote","MerchantsRug","Mastiff:ReiMu","Empty Cage"],"acts_visited":[],"potions_floor_usage":[],"damage_taken":[{"damage":0.0,"enemies":"Small Slimes","floor":1.0,"turns":3.0},{"damage":8.0,"enemies":"Jaw Worm","floor":2.0,"turns":3.0},{"damage":0.0,"enemies":"Cultist","floor":4.0,"turns":3.0},{"damage":16.0,"enemies":"Lagavulin","floor":6.0,"turns":4.0},{"damage":0.0,"enemies":"2 Fungi Beasts","floor":11.0,"turns":2.0},{"damage":9.0,"enemies":"Exordium Thugs","floor":12.0,"turns":4.0},{"damage":0.0,"enemies":"3 Louse","floor":14.0,"turns":3.0},{"damage":39.0,"enemies":"The Guardian","floor":16.0,"turns":10.0},{"damage":38,"enemies":"Spheric Guardian","floor":18,"turns":6},{"damage":68,"enemies":"Spheric Guardian","floor":18,"turns":6}],"seed_played":"1552327248734744315","potions_obtained":[{"floor":1.0,"key":"Adrenaline Potion"},{"floor":11.0,"key":"blueLaboratory:AbyssPotion"},{"floor":12.0,"key":"FearPotion"},{"floor":16.0,"key":"blueLaboratory:PyrophylliteBrew"}],"is_trial":false,"path_per_floor":["M","M","$","M","?","E","R","T","T","R","M","M","$","M","R","B",null,"M"],"character_chosen":"LUKA_CLASS","items_purchased":["luka_mod:SmallBody","Replay:Parry","MerchantsRug","Mastiff:ReiMu","luka_mod:Determination+1"],"campfire_rested":1,"item_purchase_floors":[3,3,13,13,13],"current_hp_per_floor":[40,40,40,40,24,8,8,8,8,8,28,19,19,19,31,27,40,9,9,0,0],"gold":201,"neow_bonus":"","is_daily":false,"chose_seed":false,"campfire_upgraded":2,"win_rate":0.0,"timestamp":1609181261,"path_taken":["M","M","$","M","?","E","R","?","T","R","M","M","$","M","R","BOSS","M"],"items_purchased_type":["Card","Card","Relic","Relic","Card"],"build_version":"2020-12-22","purchased_purges":0,"victory":false,"max_hp_per_floor":[40,40,40,40,40,40,40,40,40,40,40,40,40,40,40,40,40,40,40,40,40],"card_choices":[{"not_picked":["MHz","UniverseFragment"],"picked":"LaLuna","floor":1.0},{"not_picked":["luka_mod:PrayToIlias","luka_mod:Struggle"],"picked":"luka_mod:StrikeLuka","floor":1.0},{"not_picked":["luka_mod:StressRelief","luka_mod:FireSlash"],"picked":"luka_mod:HeroicStrike","floor":2.0},{"not_picked":["OSAHOGD","Variant","DespairKnight"],"picked":"Singing Bowl","floor":2.0},{"not_picked":["luka_mod:Feel","luka_mod:FlashKill"],"picked":"luka_mod:SuperAttack","floor":4.0},{"not_picked":["MeatLantern","SpiderBud","OldLady"],"picked":"Singing Bowl","floor":4.0},{"not_picked":["BeautyBeast","Scorched"],"picked":"Freischutz","floor":6.0},{"not_picked":["luka_mod:EarthSlash","luka_mod:FlashKill"],"picked":"luka_mod:EndlessGuard","floor":6.0},{"not_picked":["luka_mod:WindSlash","luka_mod:Calm"],"picked":"luka_mod:Determination","floor":11.0},{"not_picked":["Yin","CherryBlossoms","DespairKnight"],"picked":"Singing Bowl","floor":11.0},{"not_picked":["luka_mod:HeroicStrike","luka_mod:FireSlash"],"picked":"luka_mod:Optimistic","floor":12.0},{"not_picked":["OldLady","CherryBlossoms","MeatLantern"],"picked":"Singing Bowl","floor":12.0},{"not_picked":["OSAHOGD","CrumblingArmor","MHz"],"picked":"Singing Bowl","floor":14.0},{"not_picked":["HeroicMonk","Bloodbath"],"picked":"FieryBird","floor":14.0},{"not_picked":["luka_mod:HeavenlyDemonRevival","luka_mod:GuardedStrike","luka_mod:Struggle"],"picked":"SKIP","floor":14.0},{"not_picked":["luka_mod:AlicesFist","luka_mod:NinefoldRakshasa"],"picked":"luka_mod:SpoilerForm","floor":16.0},{"not_picked":["Variant","OSAHOGD","RedShoes"],"picked":"Singing Bowl","floor":16.0},{"not_picked":["NakedNest","FairyFestival"],"picked":"NothingThere","floor":16.0}],"player_experience":124671,"relics_obtained":[{"floor":1.0,"key":"LetterFromLob"},{"floor":6.0,"key":"hubris:OldNail"},{"floor":9.0,"key":"Bag of Preparation"}],"event_choices":[{"damage_healed":0.0,"max_hp_gain":0.0,"max_hp_loss":0.0,"gold_gain":1.0,"event_name":"betterThird:BetterScrap","player_choice":"Relic Relic ","floor":5.0,"gold_loss":0.0,"damage_taken":16.0,"cards_obtained":["ReplayTheSpireMod:Exploit Weakness"]}],"is_beta":false,"boss_relics":[{"not_picked":["Pandora\u0027s Box","Cursed Key"],"picked":"Empty Cage"}],"items_purged_floors":[],"is_endless":false,"potions_floor_spawned":[1,11,12,16],"killed_by":"Spheric Guardian","ascension_level":0}}