{"host":"BK","time":1609179748,"event":{"mods":["BaseMod","Highlight Path","Minty Spire (QoL Compilation)","StSLib"],"gold_per_floor":[113,125,15,15,34,34,77,90,90,90,110,141,141,172,172,265,265,278,301,315,71,92,92,131,131,131,131,0,0,0,0,0,0,0],"floor_reached":33,"playtime":2437,"items_purged":[],"score":616,"play_id":"e90fca33-711a-48d2-a1d0-10c4bc1e6f6a","local_time":"20201228112228","is_ascension_mode":true,"campfire_choices":[{"data":"WheelKick","floor":6.0,"key":"SMITH"},{"floor":13.0,"key":"REST"},{"floor":15.0,"key":"REST"},{"floor":23,"key":"REST"},{"floor":25,"key":"REST"},{"data":"Ghostly","floor":32,"key":"SMITH"}],"circlet_count":0,"master_deck":["AscendersBane","Strike_P","Strike_P","Strike_P","Strike_P","Defend_P","Defend_P","Defend_P","Defend_P","Eruption","Vigilance","Consecrate","WheelKick+1","FlurryOfBlows","CutThroughFate","EmptyFist","WaveOfTheHand","Devotion+1","Conclude+1","EmptyMind","Wireheading+1","ClearTheMind","Meditate","Ghostly+1","Ghostly","Ghostly"],"relics":["SacredBark","Golden Idol","Centennial Puzzle","Frozen Egg 2","White Beast Statue","GoldenEye","Cursed Key","Damaru","CaptainsWheel"],"acts_visited":["Exordium","TheCity"],"potions_floor_usage":[22,24,33],"damage_taken":[{"damage":2.0,"enemies":"Jaw Worm","floor":1.0,"turns":4.0},{"damage":0.0,"enemies":"2 Louse","floor":2.0,"turns":2.0},{"damage":0.0,"enemies":"Small Slimes","floor":5.0,"turns":2.0},{"damage":17.0,"enemies":"Lagavulin","floor":7.0,"turns":4.0},{"damage":0.0,"enemies":"3 Louse","floor":8.0,"turns":2.0},{"damage":8.0,"enemies":"Blue Slaver","floor":11.0,"turns":3.0},{"damage":15.0,"enemies":"3 Sentries","floor":12.0,"turns":5.0},{"damage":0.0,"enemies":"Gremlin Nob","floor":14.0,"turns":2.0},{"damage":37.0,"enemies":"The Guardian","floor":16.0,"turns":12.0},{"damage":19.0,"enemies":"Spheric Guardian","floor":18.0,"turns":4.0},{"damage":0.0,"enemies":"Chosen","floor":19.0,"turns":5.0},{"damage":10.0,"enemies":"Shelled Parasite and Fungi","floor":20.0,"turns":2.0},{"damage":6,"enemies":"Sentry and Sphere","floor":22,"turns":3},{"damage":25,"enemies":"Slavers","floor":24,"turns":5},{"damage":82,"enemies":"Collector","floor":33,"turns":9}],"seed_played":"-711758604500259797","potions_obtained":[{"floor":1.0,"key":"Energy Potion"},{"floor":8.0,"key":"Energy Potion"},{"floor":14.0,"key":"SmokeBomb"},{"floor":16.0,"key":"EntropicBrew"},{"floor":18.0,"key":"Energy Potion"},{"floor":20.0,"key":"Dexterity Potion"},{"floor":22,"key":"FairyPotion"},{"floor":24,"key":"Swift Potion"}],"is_trial":false,"path_per_floor":["M","M","$","?","M","R","E","M","T","?","M","E","R","E","R","B",null,"M","M","M","$","M","R","E","R","T","?","?","?","?","?","R","B"],"character_chosen":"WATCHER","items_purchased":["FlurryOfBlows","AttackPotion","Damaru","Wireheading+1"],"campfire_rested":4,"item_purchase_floors":[3,3,21,21],"current_hp_per_floor":[59,59,59,59,59,59,42,42,42,42,34,19,37,37,55,18,51,32,32,22,22,16,34,9,27,27,27,27,27,27,27,27,0,0],"gold":0,"neow_bonus":"BOSS_RELIC","is_daily":false,"chose_seed":false,"campfire_upgraded":2,"win_rate":0.0,"timestamp":1609179748,"path_taken":["M","M","$","?","M","R","E","M","T","?","M","E","R","E","R","BOSS","M","M","M","$","M","R","E","R","T","?","?","?","?","?","R","BOSS"],"items_purchased_type":["Card","Potion","Relic","Card"],"build_version":"2020-12-18","purchased_purges":0,"victory":false,"max_hp_per_floor":[68,68,68,62,62,62,62,62,62,62,62,62,62,62,62,62,62,62,62,62,62,62,62,62,62,62,62,62,62,31,31,31,31,31],"card_choices":[{"not_picked":["WreathOfFlame","Fasting2"],"picked":"Consecrate","floor":1.0},{"not_picked":["FlurryOfBlows","ClearTheMind"],"picked":"WheelKick","floor":2.0},{"not_picked":["Adaptation","CrushJoints"],"picked":"CutThroughFate","floor":5.0},{"not_picked":["WindmillStrike","SignatureMove","Fasting2"],"picked":"SKIP","floor":7.0},{"not_picked":["JustLucky","FlyingSleeves","Consecrate"],"picked":"SKIP","floor":8.0},{"not_picked":["Pray","WheelKick","ReachHeaven"],"picked":"SKIP","floor":11.0},{"not_picked":["Crescendo","Evaluate"],"picked":"EmptyFist","floor":12.0},{"not_picked":["WreathOfFlame","ConjureBlade"],"picked":"WaveOfTheHand","floor":14.0},{"not_picked":["ConjureBlade","MasterReality+1"],"picked":"Devotion+1","floor":16.0},{"not_picked":["DeceiveReality","SashWhip"],"picked":"Conclude+1","floor":18.0},{"not_picked":["CrushJoints","ClearTheMind"],"picked":"EmptyMind","floor":19.0},{"not_picked":["WreathOfFlame","BowlingBash","Indignation"],"picked":"SKIP","floor":20.0},{"not_picked":["EmptyMind","Protect"],"picked":"ClearTheMind","floor":22},{"not_picked":["FlyingSleeves","WindmillStrike+1"],"picked":"Meditate","floor":24}],"player_experience":2452512,"relics_obtained":[{"floor":7.0,"key":"Centennial Puzzle"},{"floor":9.0,"key":"Frozen Egg 2"},{"floor":12.0,"key":"White Beast Statue"},{"floor":14.0,"key":"GoldenEye"},{"floor":24,"key":"CaptainsWheel"}],"event_choices":[{"damage_healed":0.0,"max_hp_gain":0.0,"max_hp_loss":6.0,"gold_gain":0.0,"event_name":"Golden Idol","player_choice":"Lose Max HP","floor":4.0,"gold_loss":0.0,"damage_taken":0.0,"relics_obtained":["Golden Idol"]},{"damage_healed":0.0,"max_hp_gain":0.0,"max_hp_loss":0.0,"gold_gain":0.0,"event_name":"Liars Game","player_choice":"Ignored","floor":10.0,"gold_loss":0.0,"damage_taken":0.0},{"damage_healed":0,"gold_gain":0,"player_choice":"Ignored","damage_taken":0,"max_hp_gain":0,"max_hp_loss":0,"event_name":"Cursed Tome","floor":27,"gold_loss":0},{"damage_healed":0,"gold_gain":0,"player_choice":"Paid Fearfully","damage_taken":0,"max_hp_gain":0,"max_hp_loss":0,"event_name":"Masked Bandits","floor":28,"gold_loss":131},{"damage_healed":0,"gold_gain":0,"player_choice":"Ignored","damage_taken":0,"max_hp_gain":0,"max_hp_loss":0,"event_name":"The Mausoleum","floor":29,"gold_loss":0},{"damage_healed":0,"gold_gain":0,"player_choice":"Became a Ghost","damage_taken":0,"max_hp_gain":0,"max_hp_loss":31,"event_name":"Ghosts","floor":30,"gold_loss":0,"cards_obtained":["Ghostly","Ghostly","Ghostly"]},{"damage_healed":0,"gold_gain":0,"player_choice":"Ignored","damage_taken":0,"max_hp_gain":0,"max_hp_loss":0,"event_name":"Vampires","floor":31,"gold_loss":0}],"is_beta":true,"boss_relics":[{"not_picked":["Runic Dome","Calling Bell"],"picked":"Cursed Key"}],"items_purged_floors":[],"is_endless":false,"potions_floor_spawned":[1,8,14,16,18,19,20,22,24],"killed_by":"Collector","ascension_level":20}}