{"host":"bc298c4gavna5tx2","time":1609166386,"event":{"mods":["ATMod(°¢èªMod)","Act Like it!","BaseMod","Challenge The Spire","Minty Spire (QoL Compilation)","Quick Restart","Spicy Shops","StSLib","¡¾¹¦ÄÜMod¡¿»ìãçÖ®»·ÐÞ¸´²¹¶¡","¡¾ÒÅÎï¿¨ÅÆ¡¿REMEMod"],"gold_per_floor":[115,115,128,53,53,80,80,106,106,106,122,122,152,170,170,271,271,287,300,300,300,320,320,355,355,409,439,456,483,70,88,88,186,186,196,196,216,196,216,248,266,297,322,322,322,322,322],"floor_reached":46,"playtime":1726,"items_purged":["Defend_B"],"score":883,"play_id":"541d3fb7-3b1f-4fb6-a80b-b6eff32f3fb9","local_time":"20201228223946","is_ascension_mode":true,"campfire_choices":[{"data":"AT_WaterDrop","floor":7.0,"key":"SMITH"},{"data":"Zap","floor":10.0,"key":"SMITH"},{"data":"Dualcast","floor":12.0,"key":"SMITH"},{"data":"Defragment","floor":15.0,"key":"SMITH"},{"data":"Creative AI","floor":23,"key":"SMITH"},{"data":"Electrodynamics","floor":25,"key":"SMITH"},{"data":"AT_FamilyPortrait","floor":32,"key":"SMITH"},{"floor":45,"key":"RECALL"}],"circlet_count":0,"master_deck":["Strike_B+1","Strike_B","Defend_B","Defend_B+1","Defend_B","Zap+1","Dualcast+1","AT_DrawKnifeCut+1","AT_WaterDrop+1","Gash+1","Defragment+1","Creative AI+1","Coolheaded+1","Electrodynamics+1","Loop","AT_FamilyPortrait+1","Blizzard","AT_RightCognition","REME_EyeOfCthun"],"relics":["Cracked Core","REME_ComplimentaryCards","AT_ATBox","NeowsBlessing","AT_RabadonDeathcap","PreservedInsect","White Beast Statue","Whetstone","Philosopher\u0027s Stone","StrikeDummy","Vajra","AT_RedTearstoneRing","Bottled Lightning","REME_CardOfGreed","Medical Kit","REME_LowDesire","DataDisk","Omamori","Blood Vial","Oddly Smooth Stone"],"acts_visited":["Exordium","TheCity","TheBeyond"],"potions_floor_usage":[22,22,24,31,33,37,37,39,39,40],"damage_taken":[{"damage":0.0,"enemies":"Small Slimes","floor":1.0,"turns":1.0},{"damage":0.0,"enemies":"Cultist","floor":3.0,"turns":1.0},{"damage":0.0,"enemies":"3 Sentries","floor":6.0,"turns":1.0},{"damage":4.0,"enemies":"Gremlin Nob","floor":8.0,"turns":3.0},{"damage":3.0,"enemies":"Jaw Worm","floor":11.0,"turns":3.0},{"damage":4.0,"enemies":"3 Sentries","floor":13.0,"turns":3.0},{"damage":0.0,"enemies":"2 Fungi Beasts","floor":14.0,"turns":2.0},{"damage":29.0,"enemies":"Hexaghost","floor":16.0,"turns":10.0},{"damage":0.0,"enemies":"Spheric Guardian","floor":18.0,"turns":3.0},{"damage":7,"enemies":"3 Byrds","floor":19,"turns":3},{"damage":6,"enemies":"Snecko","floor":22,"turns":4},{"damage":10,"enemies":"Slavers","floor":24,"turns":2},{"damage":5,"enemies":"Gremlin Leader","floor":27,"turns":3},{"damage":4,"enemies":"Shelled Parasite and Fungi","floor":28,"turns":3},{"damage":0,"enemies":"Slavers","floor":29,"turns":1},{"damage":15,"enemies":"Centurion and Healer","floor":31,"turns":2},{"damage":27,"enemies":"Automaton","floor":33,"turns":5},{"damage":0,"enemies":"3 Shapes","floor":35,"turns":2},{"damage":10,"enemies":"3 Darklings","floor":37,"turns":3},{"damage":1,"enemies":"Transient","floor":39,"turns":5},{"damage":0,"enemies":"Reptomancer","floor":40,"turns":4},{"damage":17,"enemies":"Writhing Mass","floor":41,"turns":5},{"damage":14,"enemies":"Nemesis","floor":42,"turns":5},{"damage":33,"enemies":"3 Darklings","floor":46,"turns":2}],"seed_played":"-1879529958678415586","potions_obtained":[{"floor":1.0,"key":"DistilledChaos"},{"floor":3.0,"key":"Weak Potion"},{"floor":6.0,"key":"DistilledChaos"},{"floor":11.0,"key":"FairyPotion"},{"floor":13.0,"key":"Energy Potion"},{"floor":14.0,"key":"Regen Potion"},{"floor":16.0,"key":"EssenceOfSteel"},{"floor":18.0,"key":"Strength Potion"},{"floor":19,"key":"FearPotion"},{"floor":21,"key":"Fruit Juice"},{"floor":21,"key":"CultistPotion"},{"floor":22,"key":"Explosive Potion"},{"floor":24,"key":"LiquidBronze"},{"floor":27,"key":"PotionOfCapacity"},{"floor":29,"key":"Fire Potion"},{"floor":31,"key":"FearPotion"},{"floor":33,"key":"Swift Potion"},{"floor":35,"key":"SkillPotion"},{"floor":37,"key":"Energy Potion"},{"floor":38,"key":"SkillPotion"},{"floor":39,"key":"Regen Potion"},{"floor":40,"key":"Strength Potion"},{"floor":41,"key":"SpeedPotion"}],"is_trial":false,"path_per_floor":["M","?","M","$","?","E","R","E","T","R","M","R","E","M","R","B",null,"M","M","?","?","M","R","E","R","T","E","M","E","$","M","R","B",null,"M","?","M","?","M","E","M","E","T","?","R","M"],"character_chosen":"DEFECT","items_purchased":["REME_CardOfGreed","AT_FamilyPortrait","Medical Kit"],"campfire_rested":0,"item_purchase_floors":[30,30,30],"current_hp_per_floor":[68,53,53,53,53,53,53,49,49,49,46,46,42,42,42,28,63,63,56,42,42,41,41,31,31,31,26,22,22,22,7,7,6,65,65,65,55,55,54,66,51,39,39,39,39,8,8],"gold":322,"neow_bonus":"THREE_ENEMY_KILL","is_daily":false,"chose_seed":false,"campfire_upgraded":7,"win_rate":0.0,"timestamp":1609166386,"path_taken":["M","?","M","$","?","E","R","E","T","R","M","R","E","M","R","BOSS","M","?","?","?","M","R","E","R","T","E","M","E","$","M","R","BOSS","M","?","M","?","?","E","?","E","T","?","R","?"],"items_purchased_type":["Relic","Card","Relic"],"build_version":"2020-12-22","purchased_purges":1,"victory":false,"max_hp_per_floor":[75,75,75,75,75,75,75,75,75,75,75,75,75,75,75,75,75,75,75,80,80,85,85,85,85,85,85,85,85,85,85,85,85,85,85,85,85,85,85,85,85,85,85,85,85,85,85],"card_choices":[{"not_picked":["Turbo","Beam Cell","Aggregate"],"picked":"SKIP","floor":1.0},{"not_picked":["Barrage","Rip and Tear"],"picked":"Gash","floor":3.0},{"not_picked":["Hello World","Beam Cell","Coolheaded"],"picked":"SKIP","floor":6.0},{"not_picked":["Sunder","Conserve Battery","Go for the Eyes"],"picked":"SKIP","floor":8.0},{"not_picked":["Steam","Rebound","Sunder"],"picked":"SKIP","floor":11.0},{"not_picked":["Ball Lightning","Undo"],"picked":"Defragment","floor":13.0},{"not_picked":["Turbo","Chill","REME_SelfUpgrade"],"picked":"SKIP","floor":14.0},{"not_picked":["Reboot","Fission"],"picked":"Creative AI","floor":16.0},{"not_picked":["Sweeping Beam+1","Ball Lightning","AT_HeatAcrobatics"],"picked":"SKIP","floor":18.0},{"not_picked":["AT_WarpDrive","Sweeping Beam","Redo+1"],"picked":"SKIP","floor":19},{"not_picked":["Genetic Algorithm","Barrage"],"picked":"Coolheaded+1","floor":22},{"not_picked":["Leap","AT_DarkMatter"],"picked":"Electrodynamics","floor":24},{"not_picked":["Barrage+1","Redo"],"picked":"Loop","floor":27},{"not_picked":["Hello World","REME_DataAnalysis+1","Leap"],"picked":"SKIP","floor":28},{"not_picked":["Doom and Gloom","Beam Cell","Leap"],"picked":"SKIP","floor":29},{"not_picked":["Leap","Go for the Eyes"],"picked":"Blizzard","floor":31},{"not_picked":["Buffer","Creative AI"],"picked":"AT_RightCognition","floor":33},{"not_picked":["Turbo+1","AT_WarpDrive+1","Conserve Battery","Good Instincts"],"picked":"SKIP","floor":35},{"not_picked":["Auto Shields","AT_WarpDrive+1","Gash"],"picked":"REME_EyeOfCthun","floor":37},{"not_picked":["Cold Snap+1","Ball Lightning","AT_EMC2","AT_CelerityRune"],"picked":"SKIP","floor":39},{"not_picked":["Sweeping Beam","Barrage+1","Ball Lightning+1","Bandage Up"],"picked":"SKIP","floor":40},{"not_picked":["Double Energy","AT_EMC2","REME_Whirling","Doom and Gloom+1","Dark Shackles+1"],"picked":"SKIP","floor":41},{"not_picked":["Rip and Tear+1","Hello World+1","Amplify","Purity+1"],"picked":"SKIP","floor":42}],"player_experience":69388,"relics_obtained":[{"floor":6.0,"key":"AT_RabadonDeathcap"},{"floor":8.0,"key":"PreservedInsect"},{"floor":9.0,"key":"White Beast Statue"},{"floor":13.0,"key":"Whetstone"},{"floor":24,"key":"StrikeDummy"},{"floor":26,"key":"Vajra"},{"floor":27,"key":"AT_RedTearstoneRing"},{"floor":29,"key":"Bottled Lightning"},{"floor":34,"key":"DataDisk"},{"floor":34,"key":"Omamori"},{"floor":40,"key":"Blood Vial"},{"floor":42,"key":"Oddly Smooth Stone"}],"event_choices":[{"damage_healed":0.0,"max_hp_gain":0.0,"max_hp_loss":0.0,"gold_gain":0.0,"event_name":"Shining Light","player_choice":"Entered Light","floor":2.0,"gold_loss":0.0,"damage_taken":15.0,"cards_upgraded":["Defend_B","AT_DrawKnifeCut"]},{"cards_removed":["Strike_B"],"damage_healed":0.0,"max_hp_gain":0.0,"max_hp_loss":0.0,"gold_gain":0.0,"event_name":"Wheel of Change","player_choice":"Card Removal","floor":5.0,"gold_loss":0.0,"damage_taken":0.0},{"damage_healed":0,"gold_gain":0,"player_choice":"Shed Blood","damage_taken":19,"max_hp_gain":5,"max_hp_loss":0,"event_name":"Forgotten Altar","floor":20,"gold_loss":0},{"damage_healed":0,"gold_gain":0,"player_choice":"Got Potions","damage_taken":0,"max_hp_gain":0,"max_hp_loss":0,"event_name":"Lab","floor":21,"gold_loss":0},{"damage_healed":0,"gold_gain":0,"player_choice":"Ignored","damage_taken":0,"max_hp_gain":0,"max_hp_loss":0,"event_name":"Tomb of Lord Red Mask","floor":36,"gold_loss":0},{"damage_healed":0,"gold_gain":0,"player_choice":"Bought 1 Potion","damage_taken":0,"max_hp_gain":0,"max_hp_loss":0,"event_name":"The Woman in Blue","floor":38,"gold_loss":0},{"cards_removed":["Strike_B"],"damage_healed":0,"gold_gain":0,"player_choice":"Purged","damage_taken":0,"max_hp_gain":0,"max_hp_loss":0,"event_name":"Purifier","floor":44,"gold_loss":0}],"is_beta":false,"boss_relics":[{"not_picked":["REME_ChargedStone","Inserter"],"picked":"Philosopher\u0027s Stone"},{"not_picked":["Snecko Eye","Pandora\u0027s Box"],"picked":"REME_LowDesire"}],"items_purged_floors":[4],"is_endless":false,"potions_floor_spawned":[1,3,6,11,13,14,16,18,19,22,24,27,28,29,31,33,35,37,39,40,41,42],"killed_by":"3 Darklings","ascension_level":8}}