{"host":"sav7uxregyirlf69","time":1609170824,"event":{"mods":["AchievementEnabler","BaseMod","Colored Map","DeckTracker","Keyboard Shortcuts","Minty Spire (QoL Compilation)","READ ME - Guardian Mod","StSLib","SuperFastMode"],"gold_per_floor":[131,185,185,110,110,143,200,92,92,164,164,164,206,225,225,328,328,347,172,208,208,208,208,208,208,208,273,273,314,356,356,356,356,356],"floor_reached":33,"playtime":567,"items_purged":["Strike_R","Strike_R"],"score":264,"play_id":"700fe76e-b2f7-4723-b9f7-d2545095a908","local_time":"20201229005344","is_ascension_mode":false,"campfire_choices":[{"data":"True Grit","floor":11,"key":"SMITH"},{"data":"Fire Breathing","floor":15,"key":"SMITH"},{"data":"Evolve","floor":23,"key":"SMITH"},{"data":"Offering","floor":25,"key":"SMITH"},{"floor":28,"key":"REST"},{"data":"Feel No Pain","floor":32,"key":"SMITH"}],"circlet_count":0,"master_deck":["Defend_R","Defend_R","Defend_R","Defend_R","Bash","HandOfGreed+1","Body Slam+1","Wild Strike","Shrug It Off","Fire Breathing+1","Sentinel","True Grit+1","Power Through","Offering+1","Pommel Strike","Evolve+1","Second Wind+1","Double Tap","Uppercut","Feel No Pain+1"],"relics":["Burning Blood"],"acts_visited":["Exordium","TheCity"],"potions_floor_usage":[16,33],"damage_taken":[{"damage":1,"enemies":"Jaw Worm","floor":1,"turns":3},{"damage":1,"enemies":"2 Louse","floor":2,"turns":4},{"damage":0,"enemies":"Cultist","floor":6,"turns":2},{"damage":22,"enemies":"2 Fungi Beasts","floor":7,"turns":6},{"damage":8,"enemies":"Lots of Slimes","floor":10,"turns":6},{"damage":3,"enemies":"Exordium Thugs","floor":13,"turns":3},{"damage":0,"enemies":"Looter","floor":14,"turns":4},{"damage":16,"enemies":"Hexaghost","floor":16,"turns":8},{"damage":17,"enemies":"Shell Parasite","floor":18,"turns":8},{"damage":23,"enemies":"2 Thieves","floor":20,"turns":5},{"damage":34,"enemies":"Centurion and Healer","floor":27,"turns":6},{"damage":12,"enemies":"Snake Plant","floor":29,"turns":4},{"damage":6,"enemies":"Cultist and Chosen","floor":30,"turns":4},{"damage":50,"enemies":"Champ","floor":33,"turns":8}],"seed_played":"-5352559828298734841","potions_obtained":[{"floor":10,"key":"Strength Potion"},{"floor":13,"key":"Dexterity Potion"},{"floor":14,"key":"SmokeBomb"},{"floor":20,"key":"ElixirPotion"}],"is_trial":false,"path_per_floor":["M","M","?","$","?","M","M","$","T","M","R","?","M","M","R","B",null,"M","$","M","?","?","R","?","R","T","M","R","M","M","?","R","B"],"character_chosen":"IRONCLAD","items_purchased":["Fire Breathing","Sentinel","Evolve"],"campfire_rested":1,"item_purchase_floors":[8,8,19],"current_hp_per_floor":[61,66,59,59,59,65,49,49,49,47,47,47,50,56,56,46,80,69,69,52,52,52,52,52,52,52,24,48,42,42,42,42,0,0],"gold":356,"neow_bonus":"RANDOM_COLORLESS_2","is_daily":false,"chose_seed":false,"campfire_upgraded":5,"win_rate":0.0,"timestamp":1609170824,"path_taken":["M","M","?","$","?","M","M","$","T","?","R","?","?","M","R","BOSS","M","$","M","?","?","R","?","R","T","?","R","?","M","?","R","BOSS"],"items_purchased_type":["Card","Card","Card"],"build_version":"2020-12-22","purchased_purges":2,"victory":false,"max_hp_per_floor":[80,80,80,80,80,80,80,80,80,80,80,80,80,80,80,80,80,80,80,80,80,80,80,80,80,80,80,80,80,80,80,80,80,80],"card_choices":[{"not_picked":["The Bomb","Metamorphosis"],"picked":"HandOfGreed","floor":0},{"not_picked":["True Grit","Sword Boomerang","Searing Blow"],"picked":"SKIP","floor":1},{"not_picked":["Shrug It Off","Shockwave"],"picked":"Body Slam","floor":2},{"not_picked":["Sword Boomerang","Pummel"],"picked":"Wild Strike","floor":6},{"not_picked":["Uppercut","Entrench"],"picked":"Shrug It Off","floor":7},{"not_picked":["Exhume","Havoc"],"picked":"True Grit","floor":10},{"not_picked":["Anger","Pommel Strike"],"picked":"Power Through","floor":13},{"not_picked":["Searing Blow","Warcry","True Grit"],"picked":"SKIP","floor":14},{"not_picked":["Bludgeon","Reaper"],"picked":"Offering","floor":16},{"not_picked":["True Grit","Pummel+1"],"picked":"Pommel Strike","floor":18},{"not_picked":["Warcry","Dropkick"],"picked":"Second Wind+1","floor":20},{"not_picked":["Uppercut","Armaments","Wild Strike+1"],"picked":"SKIP","floor":27},{"not_picked":["Flex","Iron Wave","True Grit"],"picked":"SKIP","floor":29},{"not_picked":["Inflame","Cleave"],"picked":"Feel No Pain","floor":30}],"player_experience":1038453,"relics_obtained":[],"event_choices":[{"cards_removed":["Strike_R"],"damage_healed":0,"gold_gain":0,"player_choice":"Card Removal","damage_taken":7,"max_hp_gain":0,"max_hp_loss":0,"event_name":"Golden Wing","floor":3,"gold_loss":0},{"damage_healed":0,"gold_gain":0,"player_choice":"Forge","damage_taken":0,"max_hp_gain":0,"max_hp_loss":0,"event_name":"Accursed Blacksmith","floor":5,"gold_loss":0,"cards_upgraded":["Body Slam"]},{"damage_healed":0,"gold_gain":0,"player_choice":"Upgraded","damage_taken":0,"max_hp_gain":0,"max_hp_loss":0,"event_name":"Upgrade Shrine","floor":12,"gold_loss":0,"cards_upgraded":["HandOfGreed"]},{"damage_healed":0,"gold_gain":0,"cards_transformed":["Strike_R","Strike_R"],"player_choice":"Became Test Subject","damage_taken":0,"max_hp_gain":0,"max_hp_loss":0,"event_name":"Drug Dealer","floor":21,"gold_loss":0,"cards_obtained":["Infernal Blade","Double Tap"]},{"damage_healed":0,"gold_gain":0,"player_choice":"Ignored","damage_taken":0,"max_hp_gain":0,"max_hp_loss":0,"event_name":"The Mausoleum","floor":22,"gold_loss":0},{"damage_healed":0,"gold_gain":0,"cards_transformed":["Infernal Blade"],"player_choice":"Transformed","damage_taken":0,"max_hp_gain":0,"max_hp_loss":0,"event_name":"Transmorgrifier","floor":24,"gold_loss":0,"cards_obtained":["Uppercut"]}],"is_beta":false,"boss_relics":[{"not_picked":["Ectoplasm","Pandora\u0027s Box","Cursed Key"]}],"items_purged_floors":[4,19],"is_endless":false,"potions_floor_spawned":[10,13,14,20],"killed_by":"Champ","ascension_level":0}}