{"host":"zig6x0mxqzam82fb","time":1609185082,"event":{"mods":["BaseMod","Block Reminder","Colored Map","Colored Powertips","Minty Spire (QoL Compilation)","Relic Stats","StSLib","The Marked"],"gold_per_floor":[117,117,133,208,62,62,95,95,95,95,115,1,45,69,69,174,174,197,96,105,105,129,129,173,173,173,73,73,97,125,147,147,147,147],"floor_reached":33,"playtime":1968,"items_purged":["Defend_B","Strike_B"],"score":435,"play_id":"f93fd8f2-75c6-4926-b49c-e1886cee3937","local_time":"20201228145122","is_ascension_mode":true,"campfire_choices":[{"data":"Zap","floor":6,"key":"SMITH"},{"data":"Leap","floor":8,"key":"SMITH"},{"floor":10,"key":"REST"},{"data":"Defragment","floor":15,"key":"SMITH"},{"floor":23,"key":"REST"},{"floor":25,"key":"REST"},{"floor":28,"key":"REST"},{"data":"Rainbow","floor":32,"key":"SMITH"}],"circlet_count":0,"master_deck":["AscendersBane","Strike_B","Strike_B","Defend_B","Defend_B","Zap+1","Dualcast","Leap+1","Compile Driver","Conserve Battery","Conserve Battery","Coolheaded","Melter","Defragment+1","Seek","Compile Driver","Compile Driver","Doom and Gloom","Ball Lightning","Compile Driver","Double Energy+1","Rainbow+1","Melter"],"relics":["Cracked Core","Symbiotic Virus","Blood Vial","Calipers","CeramicFish","Akabeko","Philosopher\u0027s Stone","Darkstone Periapt","Question Card"],"acts_visited":["Exordium","TheCity"],"potions_floor_usage":[24,33,33,33],"damage_taken":[{"damage":0,"enemies":"Cultist","floor":1,"turns":2},{"damage":7,"enemies":"Jaw Worm","floor":3,"turns":3},{"damage":21,"enemies":"3 Sentries","floor":7,"turns":8},{"damage":1,"enemies":"2 Louse","floor":11,"turns":3},{"damage":8,"enemies":"Gremlin Nob","floor":13,"turns":4},{"damage":4,"enemies":"Gremlin Gang","floor":14,"turns":4},{"damage":8,"enemies":"The Guardian","floor":16,"turns":11},{"damage":26,"enemies":"3 Byrds","floor":18,"turns":4},{"damage":8,"enemies":"Shell Parasite","floor":22,"turns":3},{"damage":40,"enemies":"Gremlin Leader","floor":24,"turns":6},{"damage":0,"enemies":"Sentry and Sphere","floor":29,"turns":2},{"damage":13,"enemies":"Snake Plant","floor":30,"turns":3},{"damage":0,"enemies":"3 Cultists","floor":31,"turns":4},{"damage":60,"enemies":"Collector","floor":33,"turns":7}],"seed_played":"6862361169694407533","potions_obtained":[{"floor":7,"key":"EssenceOfSteel"},{"floor":13,"key":"GamblersBrew"},{"floor":22,"key":"LiquidBronze"},{"floor":24,"key":"EssenceOfSteel"},{"floor":29,"key":"LiquidMemories"},{"floor":30,"key":"Strength Potion"}],"is_trial":false,"path_per_floor":["M","?","M","T","$","R","E","R","T","R","M","$","E","M","R","B",null,"M","$","?","?","M","R","E","R","T","$","R","M","M","M","R","B"],"character_chosen":"DEFECT","items_purchased":["Blood Vial","Coolheaded","Compile Driver","Doom and Gloom"],"campfire_rested":4,"item_purchase_floors":[5,12,19,19],"current_hp_per_floor":[68,68,61,61,61,61,42,42,42,62,63,63,57,55,55,49,63,39,39,39,39,33,53,15,35,35,35,55,57,46,48,48,0,0],"gold":147,"neow_bonus":"REMOVE_TWO","is_daily":false,"chose_seed":false,"campfire_upgraded":4,"win_rate":0.0,"timestamp":1609185082,"path_taken":["M","?","M","?","$","R","E","R","T","R","M","?","E","M","R","BOSS","M","$","?","?","M","R","E","R","T","$","R","M","M","M","R","BOSS"],"items_purchased_type":["Relic","Card","Card","Card"],"build_version":"2020-12-22","purchased_purges":2,"victory":false,"max_hp_per_floor":[68,68,68,68,68,68,68,68,68,68,68,68,68,68,68,68,68,68,68,68,68,68,68,68,68,68,68,68,68,68,68,68,68,68],"relic_stats":{"Blood Vial":24,"Darkstone Periapt":0,"counters":[14,64],"CeramicFish":126,"Question Card":3,"obtain_stats":[{"Blood Vial":5,"Darkstone Periapt":24,"Calipers":7,"CeramicFish":9,"Philosopher\u0027s Stone":17,"Cracked Core":0,"Symbiotic Virus":4,"Question Card":26,"Akabeko":13},{"Blood Vial":2,"Darkstone Periapt":10,"Calipers":3,"CeramicFish":3,"Philosopher\u0027s Stone":7,"Cracked Core":0,"Symbiotic Virus":2,"Question Card":10,"Akabeko":5},{"Blood Vial":5,"Darkstone Periapt":48,"Calipers":13,"CeramicFish":13,"Philosopher\u0027s Stone":35,"Cracked Core":0,"Symbiotic Virus":5,"Question Card":48,"Akabeko":20}]},"card_choices":[{"not_picked":["Stack","Steam Power"],"picked":"Leap","floor":1},{"not_picked":["Loop","Hologram"],"picked":"Compile Driver","floor":3},{"not_picked":["Hologram","Gash"],"picked":"Conserve Battery","floor":7},{"not_picked":["Sunder","Beam Cell"],"picked":"Conserve Battery","floor":11},{"not_picked":["Scrape","Conserve Battery"],"picked":"Melter","floor":13},{"not_picked":["Gash","All For One"],"picked":"Defragment","floor":14},{"not_picked":["Fission","Thunder Strike"],"picked":"Seek","floor":16},{"not_picked":["Scrape+1","Chaos+1"],"picked":"Compile Driver","floor":18},{"not_picked":["Blizzard","Beam Cell+1"],"picked":"Ball Lightning","floor":22},{"not_picked":["Steam","Storm"],"picked":"Compile Driver","floor":24},{"not_picked":["Blizzard","Cold Snap","Conserve Battery"],"picked":"Double Energy+1","floor":29},{"not_picked":["Go for the Eyes","Aggregate+1","Barrage"],"picked":"Rainbow","floor":30},{"not_picked":["FTL","Gash+1","Storm"],"picked":"Melter","floor":31}],"player_experience":378169,"relics_obtained":[{"floor":4,"key":"Symbiotic Virus"},{"floor":7,"key":"Calipers"},{"floor":9,"key":"CeramicFish"},{"floor":13,"key":"Akabeko"},{"floor":24,"key":"Darkstone Periapt"},{"floor":26,"key":"Question Card"}],"event_choices":[{"damage_healed":0,"gold_gain":0,"player_choice":"Ignored","damage_taken":0,"max_hp_gain":0,"max_hp_loss":0,"event_name":"Shining Light","floor":2,"gold_loss":0},{"damage_healed":0,"gold_gain":0,"player_choice":"Smashed Altar","damage_taken":0,"max_hp_gain":0,"max_hp_loss":0,"event_name":"Forgotten Altar","floor":20,"gold_loss":0,"cards_obtained":["Decay"]},{"cards_removed":["Decay"],"damage_healed":0,"gold_gain":0,"player_choice":"Purged","damage_taken":0,"max_hp_gain":0,"max_hp_loss":0,"event_name":"Purifier","floor":21,"gold_loss":0}],"is_beta":false,"boss_relics":[{"not_picked":["Runic Dome","Runic Pyramid"],"picked":"Philosopher\u0027s Stone"}],"items_purged_floors":[12,27],"is_endless":false,"potions_floor_spawned":[7,13,22,24,29,30],"killed_by":"Collector","ascension_level":10}}