{"host":"pfy6u49v5s5r680p","time":1609157326,"event":{"mods":["BaseMod","Colored Map","DeckTracker","Highlight Path","Keyboard Shortcuts","Minty Spire (QoL Compilation)","Permanent Neow","Quick Restart","StSLib","SuperFastMode","everything is the same but u backflip on backflip"],"gold_per_floor":[118,130,143,155,175,175,193,193,193,193,78,33,133,151,151,282,282,303,318,338,42,66,104,116,116],"floor_reached":24,"playtime":2165,"items_purged":["Demon Form"],"score":212,"play_id":"29066088-f9e9-4df0-ba64-c8f9a84df2b7","local_time":"20201228210846","daily_mods":["Draft"],"is_ascension_mode":false,"campfire_choices":[{"data":"Dual Wield","floor":6,"key":"SMITH"},{"floor":8,"key":"REST"},{"data":"1","floor":15,"key":"LIFT"}],"circlet_count":0,"master_deck":["Wraith Form v2","Echo Form","DevaForm","Fire Breathing","Reckless Charge","Dual Wield","Rage","Evolve","Metallicize","Dual Wield+1","Sword Boomerang","Bloodletting","Reckless Charge","Sentinel","Cleave","Entrench","Seeing Red","Body Slam","Flex","Flex","Metallicize","Flex","Shrug It Off","Injury","Dark Embrace","Fiend Fire","Power Through+1","Metallicize","Immolate","Evolve+1","Fiend Fire"],"relics":["Burning Blood","Girya","Golden Idol","Mark of Pain","Lee\u0027s Waffle","MawBank"],"acts_visited":["Exordium","TheCity"],"potions_floor_usage":[23,23],"damage_taken":[{"damage":19,"enemies":"2 Louse","floor":1,"turns":4},{"damage":3,"enemies":"Small Slimes","floor":2,"turns":4},{"damage":25,"enemies":"Cultist","floor":3,"turns":6},{"damage":23,"enemies":"2 Fungi Beasts","floor":4,"turns":6},{"damage":20,"enemies":"3 Louse","floor":5,"turns":5},{"damage":15,"enemies":"Red Slaver","floor":7,"turns":4},{"damage":19,"enemies":"Looter","floor":12,"turns":5},{"damage":27,"enemies":"Lots of Slimes","floor":14,"turns":5},{"damage":22,"enemies":"Hexaghost","floor":16,"turns":12},{"damage":22,"enemies":"Spheric Guardian","floor":18,"turns":7},{"damage":44,"enemies":"Shell Parasite","floor":19,"turns":7},{"damage":10,"enemies":"Cultist and Chosen","floor":20,"turns":5},{"damage":14,"enemies":"Centurion and Healer","floor":22,"turns":7},{"damage":67,"enemies":"Gremlin Leader","floor":23,"turns":8},{"damage":27,"enemies":"Snecko","floor":24,"turns":3}],"seed_played":"-2503524212584704783","potions_obtained":[{"floor":1,"key":"FairyPotion"},{"floor":4,"key":"SkillPotion"},{"floor":7,"key":"Energy Potion"},{"floor":14,"key":"Block Potion"}],"is_trial":true,"path_per_floor":["M","M","M","M","M","R","M","R","T","?","$","M","?","M","R","B",null,"M","M","M","$","M","E","M"],"character_chosen":"IRONCLAD","items_purchased":["Dark Embrace","Immolate","Lee\u0027s Waffle"],"campfire_rested":1,"item_purchase_floors":[11,21,21],"current_hp_per_floor":[67,70,51,34,20,20,11,35,35,35,35,22,22,27,27,11,80,64,26,22,87,79,18,0,0],"gold":116,"neow_bonus":"","is_daily":false,"chose_seed":false,"campfire_upgraded":1,"win_rate":0.0,"timestamp":1609157326,"path_taken":["M","M","M","M","M","R","M","R","T","?","$","M","?","M","R","BOSS","M","M","M","$","M","E","M"],"items_purchased_type":["Card","Card","Relic"],"build_version":"2020-12-22","purchased_purges":1,"victory":false,"max_hp_per_floor":[80,80,80,80,80,80,80,80,80,80,80,80,80,80,80,80,80,80,80,80,87,87,87,87,87],"card_choices":[{"not_picked":["Iron Wave","Flex"],"picked":"Fire Breathing","floor":0},{"not_picked":["Clash","Armaments"],"picked":"Reckless Charge","floor":0},{"not_picked":["Clothesline","Anger"],"picked":"Dual Wield","floor":0},{"not_picked":["Iron Wave","Cleave"],"picked":"Rage","floor":0},{"not_picked":["Sever Soul","Iron Wave"],"picked":"Evolve","floor":0},{"not_picked":["Flex","Warcry"],"picked":"Metallicize","floor":0},{"not_picked":["Thunderclap","Pommel Strike"],"picked":"Dual Wield","floor":0},{"not_picked":["Combust","Bloodletting"],"picked":"Sword Boomerang","floor":0},{"not_picked":["Hemokinesis","Anger"],"picked":"Bloodletting","floor":0},{"not_picked":["Burning Pact","Heavy Blade"],"picked":"Reckless Charge","floor":0},{"not_picked":["Pommel Strike","Warcry"],"picked":"Sentinel","floor":0},{"not_picked":["Rage","Anger"],"picked":"Cleave","floor":0},{"not_picked":["Uppercut","Cleave"],"picked":"Entrench","floor":0},{"not_picked":["Flex","Ghostly Armor"],"picked":"Seeing Red","floor":0},{"not_picked":["Clash","Warcry"],"picked":"Body Slam","floor":0},{"not_picked":["Anger","Headbutt"],"picked":"Flex","floor":1},{"not_picked":["Warcry","Twin Strike"],"picked":"Flex","floor":2},{"not_picked":["Perfected Strike","Thunderclap"],"picked":"Metallicize","floor":3},{"not_picked":["Pummel","Sword Boomerang","Feel No Pain"],"picked":"SKIP","floor":4},{"not_picked":["Pommel Strike","Iron Wave"],"picked":"Flex","floor":5},{"not_picked":["Thunderclap","Shockwave"],"picked":"Shrug It Off","floor":7},{"not_picked":["Flame Barrier","Searing Blow","Havoc"],"picked":"SKIP","floor":12},{"not_picked":["Headbutt","Clothesline","Heavy Blade"],"picked":"SKIP","floor":14},{"not_picked":["Brutality","Bludgeon"],"picked":"Fiend Fire","floor":16},{"not_picked":["Anger","True Grit","Cleave"],"picked":"SKIP","floor":18},{"not_picked":["Sword Boomerang","Wild Strike"],"picked":"Power Through+1","floor":19},{"not_picked":["Iron Wave+1","Fire Breathing"],"picked":"Metallicize","floor":20},{"not_picked":["Heavy Blade","Armaments"],"picked":"Evolve+1","floor":22},{"not_picked":["Clothesline","Warcry"],"picked":"Fiend Fire","floor":23}],"player_experience":25570,"relics_obtained":[{"floor":9,"key":"Girya"},{"floor":23,"key":"MawBank"}],"event_choices":[{"damage_healed":0,"gold_gain":0,"player_choice":"Take Wound","damage_taken":0,"relics_obtained":["Golden Idol"],"max_hp_gain":0,"max_hp_loss":0,"event_name":"Golden Idol","floor":10,"gold_loss":0,"cards_obtained":["Injury"]},{"damage_healed":0,"gold_gain":100,"player_choice":"Pray","damage_taken":0,"max_hp_gain":0,"max_hp_loss":0,"event_name":"Golden Shrine","floor":13,"gold_loss":0}],"is_beta":false,"boss_relics":[{"not_picked":["Tiny House","Velvet Choker"],"picked":"Mark of Pain"}],"items_purged_floors":[11],"is_endless":false,"potions_floor_spawned":[1,4,7,14,19,20],"killed_by":"Snecko","ascension_level":0}}