{"host":"r53pw7z744tg3fxg","time":1609184120,"event":{"mods":["AchievementEnabler","BaseMod","Colored Map","Colored Powertips","Highlight Path","Minty Spire (QoL Compilation)","Quick Restart","Transform Curses"],"gold_per_floor":[212,231,33,45,63,90,90,90,114,114,189,211,211,47,47,160,160,185,194,215,215,215],"floor_reached":21,"playtime":659,"items_purged":[],"score":269,"play_id":"d44ea7b1-fa4d-4d4a-a2f0-6724c4284685","local_time":"20201228123520","is_ascension_mode":true,"campfire_choices":[{"floor":8.0,"key":"REST"},{"floor":10.0,"key":"REST"},{"data":"Eruption","floor":13.0,"key":"SMITH"},{"data":"ForeignInfluence","floor":15.0,"key":"SMITH"}],"circlet_count":0,"master_deck":["AscendersBane","Strike_P","Strike_P","Strike_P","Strike_P","Defend_P","Defend_P","Defend_P","Defend_P","Eruption+1","Vigilance","Consecrate","BowlingBash","EmptyBody","CutThroughFate","PathToVictory","ForeignInfluence+1","Wallop","Crescendo","DeusExMachina","CarveReality+1","Dark Shackles","Sanctity"],"relics":["PureWater","Regal Pillow","Toy Ornithopter","CeramicFish","Tiny Chest","Strawberry","VioletLotus"],"acts_visited":["Exordium","TheCity"],"potions_floor_usage":[],"damage_taken":[{"damage":7.0,"enemies":"Cultist","floor":1.0,"turns":3.0},{"damage":0.0,"enemies":"Small Slimes","floor":2.0,"turns":2.0},{"damage":0.0,"enemies":"2 Louse","floor":4.0,"turns":3.0},{"damage":0.0,"enemies":"Exordium Thugs","floor":5.0,"turns":2.0},{"damage":49.0,"enemies":"Gremlin Nob","floor":6.0,"turns":5.0},{"damage":1.0,"enemies":"Looter","floor":12.0,"turns":3.0},{"damage":51.0,"enemies":"Hexaghost","floor":16.0,"turns":9.0},{"damage":24,"enemies":"Spheric Guardian","floor":18,"turns":5},{"damage":25,"enemies":"3 Byrds","floor":20,"turns":4},{"damage":35,"enemies":"3 Cultists","floor":21,"turns":5}],"seed_played":"-639203276428957219","potions_obtained":[{"floor":2.0,"key":"FairyPotion"},{"floor":4.0,"key":"LiquidMemories"},{"floor":16.0,"key":"SpeedPotion"}],"is_trial":false,"path_per_floor":["M","M","$","M","M","E","?","R","T","R","?","M","R","$","R","B",null,"M","?","M","M"],"character_chosen":"WATCHER","items_purchased":["Regal Pillow","EmptyBody","Crescendo","Strawberry"],"campfire_rested":2,"item_purchase_floors":[3,3,14,14],"current_hp_per_floor":[58,58,58,58,58,9,9,45,45,72,61,60,60,67,67,16,63,39,27,2,0,0],"gold":215,"neow_bonus":"HUNDRED_GOLD","is_daily":false,"chose_seed":false,"campfire_upgraded":2,"win_rate":0.0,"timestamp":1609184120,"path_taken":["M","M","$","M","M","E","?","R","T","R","?","M","R","$","R","BOSS","M","?","?","M"],"items_purchased_type":["Relic","Card","Card","Relic"],"build_version":"2020-12-22","purchased_purges":0,"victory":false,"max_hp_per_floor":[72,72,72,72,72,72,72,72,72,72,72,72,72,79,79,79,79,79,79,79,79,79],"card_choices":[{"not_picked":["BowlingBash","Crescendo"],"picked":"Consecrate","floor":1.0},{"not_picked":["EmptyFist","Tantrum"],"picked":"BowlingBash","floor":2.0},{"not_picked":["Study","EmptyFist"],"picked":"CutThroughFate","floor":4.0},{"not_picked":["FollowUp","DeceiveReality"],"picked":"PathToVictory","floor":5.0},{"not_picked":["SashWhip","ClearTheMind"],"picked":"ForeignInfluence","floor":6.0},{"not_picked":["FlyingSleeves","Crescendo"],"picked":"Wallop","floor":12.0},{"not_picked":["Omniscience","Blasphemy"],"picked":"DeusExMachina","floor":16.0},{"not_picked":["ClearTheMind","BowlingBash"],"picked":"CarveReality+1","floor":18},{"not_picked":["Crescendo","EmptyBody"],"picked":"Sanctity","floor":20}],"player_experience":1158396,"relics_obtained":[{"floor":6.0,"key":"Toy Ornithopter"},{"floor":9.0,"key":"Tiny Chest"}],"event_choices":[{"damage_healed":0.0,"max_hp_gain":0.0,"max_hp_loss":0.0,"gold_gain":0.0,"event_name":"Dead Adventurer","player_choice":"Searched \u00271\u0027 times","floor":7.0,"gold_loss":0.0,"damage_taken":0.0,"relics_obtained":["CeramicFish"]},{"damage_healed":0.0,"max_hp_gain":0.0,"max_hp_loss":0.0,"gold_gain":75.0,"event_name":"World of Goop","player_choice":"Gather Gold","floor":11.0,"gold_loss":0.0,"damage_taken":11.0},{"damage_healed":0,"gold_gain":0,"player_choice":"CARD ","damage_taken":12,"max_hp_gain":0,"max_hp_loss":0,"event_name":"Knowing Skull","floor":19,"potions_obtained":[],"gold_loss":0,"cards_obtained":["Dark Shackles"]}],"is_beta":false,"boss_relics":[{"not_picked":["Tiny House","Coffee Dripper"],"picked":"VioletLotus"}],"items_purged_floors":[],"is_endless":false,"potions_floor_spawned":[2,4,16],"killed_by":"3 Cultists","ascension_level":10}}