{"host":"15dd7v8o90xso62x","time":1609155514,"event":{"mods":["BaseMod","Minty Spire (QoL Compilation)","Quick Restart","StSLib","SuperFastMode"],"gold_per_floor":[115,115,40,52,66,66,100,111,134,151,184,196,219,250,262,345,357,387,399,427,439,106,106,106],"floor_reached":23,"playtime":754,"items_purged":["Decay"],"score":406,"play_id":"441844e0-6791-4b53-8e31-5fe817f44666","local_time":"20201228203834","is_ascension_mode":true,"campfire_choices":[{"data":"Demon Form","floor":6.0,"key":"SMITH"},{"data":"Dark Embrace","floor":12.0,"key":"SMITH"},{"data":"Heavy Blade","floor":15.0,"key":"SMITH"}],"circlet_count":0,"master_deck":["AscendersBane","Strike_R","Strike_R","Strike_R","Strike_R","Defend_R","Defend_R","Defend_R","Defend_R","Bash","Flame Barrier","Shrug It Off","Demon Form+1","Heavy Blade+1","Twin Strike","Whirlwind","Dark Embrace+1","Clothesline","Double Tap","Limit Break","Shrug It Off+1","Ghostly Armor","Battle Trance","Seeing Red","Panacea"],"relics":["Burning Blood","NeowsBlessing","Ancient Tea Set","Blood Vial","Toy Ornithopter","MawBank","Runic Cube"],"acts_visited":["Exordium","TheCity"],"potions_floor_usage":[20,23],"damage_taken":[{"damage":0.0,"enemies":"Small Slimes","floor":1.0,"turns":1.0},{"damage":0.0,"enemies":"2 Louse","floor":4.0,"turns":1.0},{"damage":0.0,"enemies":"Jaw Worm","floor":5.0,"turns":1.0},{"damage":12.0,"enemies":"Lagavulin","floor":7.0,"turns":5.0},{"damage":0.0,"enemies":"3 Louse","floor":8.0,"turns":2.0},{"damage":6.0,"enemies":"Looter","floor":10.0,"turns":4.0},{"damage":42.0,"enemies":"3 Sentries","floor":11.0,"turns":7.0},{"damage":18.0,"enemies":"Large Slime","floor":13.0,"turns":6.0},{"damage":41.0,"enemies":"Exordium Thugs","floor":14.0,"turns":6.0},{"damage":5.0,"enemies":"Hexaghost","floor":16.0,"turns":7.0},{"damage":33.0,"enemies":"Spheric Guardian","floor":18.0,"turns":4.0},{"damage":32,"enemies":"2 Thieves","floor":20,"turns":5},{"damage":0,"enemies":"Gremlin Leader","floor":23,"turns":3}],"seed_played":"-5904840974568419157","potions_obtained":[{"floor":4.0,"key":"LiquidBronze"},{"floor":5.0,"key":"Strength Potion"},{"floor":7.0,"key":"Explosive Potion"},{"floor":8.0,"key":"FairyPotion"},{"floor":14.0,"key":"Energy Potion"},{"floor":18.0,"key":"GamblersBrew"}],"is_trial":false,"path_per_floor":["M","?","?","M","M","R","E","M","T","M","E","R","M","M","R","B",null,"M","?","M","?","$","E"],"character_chosen":"IRONCLAD","items_purchased":["Seeing Red","DistilledChaos","Panacea"],"campfire_rested":0,"item_purchase_floors":[22,22,22],"current_hp_per_floor":[74,39,39,45,51,51,45,53,53,55,26,26,16,7,7,15,60,35,35,16,16,16,23,23],"gold":106,"neow_bonus":"THREE_ENEMY_KILL","is_daily":false,"chose_seed":false,"campfire_upgraded":3,"win_rate":0.0,"timestamp":1609155514,"path_taken":["M","?","?","?","M","R","E","M","T","M","E","R","M","M","R","BOSS","M","?","M","?","$","E"],"items_purchased_type":["Card","Potion","Card"],"build_version":"2020-12-22","purchased_purges":1,"victory":false,"max_hp_per_floor":[75,75,75,75,75,75,75,75,75,75,75,75,75,75,75,75,75,75,75,75,75,75,75,75],"card_choices":[{"not_picked":["Twin Strike","Armaments"],"picked":"Flame Barrier","floor":1.0},{"not_picked":["Iron Wave","Ghostly Armor"],"picked":"Shrug It Off","floor":4.0},{"not_picked":["Seeing Red","Twin Strike"],"picked":"Demon Form","floor":5.0},{"not_picked":["Anger","Pommel Strike"],"picked":"Heavy Blade","floor":7.0},{"not_picked":["Thunderclap","Cleave"],"picked":"Twin Strike","floor":8.0},{"not_picked":["Wild Strike","Dual Wield"],"picked":"Whirlwind","floor":10.0},{"not_picked":["Disarm","Infernal Blade"],"picked":"Dark Embrace","floor":11.0},{"not_picked":["Twin Strike","Hemokinesis"],"picked":"Clothesline","floor":13.0},{"not_picked":["Rage","Warcry"],"picked":"Double Tap","floor":14.0},{"not_picked":["Demon Form","Bludgeon"],"picked":"Limit Break","floor":16.0},{"not_picked":["Clash","Sentinel"],"picked":"Shrug It Off+1","floor":18.0},{"not_picked":["Headbutt","Clothesline"],"picked":"Battle Trance","floor":20}],"player_experience":957292,"relics_obtained":[{"floor":7.0,"key":"Blood Vial"},{"floor":9.0,"key":"Toy Ornithopter"},{"floor":11.0,"key":"MawBank"}],"event_choices":[{"damage_healed":0.0,"max_hp_gain":0.0,"max_hp_loss":0.0,"gold_gain":0.0,"event_name":"Scrap Ooze","player_choice":"Success","floor":2.0,"gold_loss":0.0,"damage_taken":35.0,"relics_obtained":["Ancient Tea Set"]},{"cards_removed":["Strike_R"],"damage_healed":0.0,"max_hp_gain":0.0,"max_hp_loss":0.0,"gold_gain":0.0,"event_name":"The Cleric","player_choice":"Card Removal","floor":3.0,"gold_loss":75.0,"damage_taken":0.0},{"damage_healed":0.0,"max_hp_gain":0.0,"max_hp_loss":0.0,"gold_gain":0.0,"event_name":"The Library","player_choice":"Read","floor":19.0,"gold_loss":0.0,"damage_taken":0.0,"cards_obtained":["Ghostly Armor"]},{"damage_healed":0,"gold_gain":0,"player_choice":"Smashed Altar","damage_taken":0,"max_hp_gain":0,"max_hp_loss":0,"event_name":"Forgotten Altar","floor":21,"gold_loss":0,"cards_obtained":["Decay"]}],"is_beta":false,"boss_relics":[{"not_picked":["Runic Dome","Black Star"],"picked":"Runic Cube"}],"items_purged_floors":[22],"is_endless":false,"potions_floor_spawned":[4,5,7,8,14,18],"killed_by":"Gremlin Leader","ascension_level":20}}