{"host":"guyab0tlx1bjcpcr","time":1609123725,"event":{"mods":["Aspiration","BaseMod","Beaked The Cultist","Better Third Choice","Conspire","GifTheSpireLib","Halation","Hubris","Minty Spire (QoL Compilation)","Replay The Spire","Robot Space Explorer","Spicy Shops","Spikes Relics","StSLib","Stuff the Spire","SuperFastMode","Wandering Minibosses","vexMod"],"gold_per_floor":[113,123,123,123,154,188,188,198,198,231,241,273,273,116,116,219,219,238,92,92,67,67,98,114,114,114,114,190,190,257,339,339,447,447,447,447,458,479,526,603,603,694,717,717,717,717,792,815,815,931,931,931,29,134,216],"floor_reached":56,"playtime":2276,"items_purged":["beaked:Strike_Y+1"],"score":1643,"play_id":"90be618b-8303-4681-86b4-30d6c8f1ec15","local_time":"20201227204845","is_ascension_mode":true,"campfire_choices":[{"data":"Heavy Blade","floor":7.0,"key":"SMITH"},{"data":"beaked:Ceremony","floor":15.0,"key":"SMITH"},{"data":"Heavy Blade","floor":29,"key":"SMITH"},{"data":"Feed","floor":32,"key":"SMITH"},{"floor":41,"key":"RECALL"},{"floor":44,"key":"REST"},{"floor":52,"key":"REST"}],"circlet_count":0,"master_deck":["beaked:Strike_Y+1","beaked:Strike_Y+1","beaked:Strike_Y+1","beaked:Defend_Y+1","beaked:Defend_Y+1","beaked:Defend_Y+1","beaked:Ceremony+1","beaked:Ceremony+1","beaked:Ceremony+1","beaked:Evade+1","Heavy Blade+1","Reprogram+1","Feed+1","Heavy Blade+1","beaked:BloodRitual+1","beaked:ScreechingChant+1"],"relics":["beaked:MendingPlumage","aspiration:Nostalgia","m_ByrdBlood","hubris:Towel","War Paint","BicycleWheel","ShockBauble","Magic Flower","vexMod:FocusSash","Gremlin Horn","vexMod:PaidLearning","Runic Pyramid","halation:Jellyphish","hubris:PeanutButter","halation:EternalFortune","halation:LettersToHer","vexMod:ConsolationPrize","hubris:TenFootPole","StuffTheSpire:MayFlowers","StuffTheSpire:DarkSteelAnvil","aspiration:HummingbirdHeart","wanderingMiniBosses:AbyssPearl","Busted Crown","vexMod:ImprovementManual","RoseTintedShades","BrokenLever","halation:PurpleSoulGem","StuffTheSpire:Rhapsscallions","Orichalcum","Lizard Tail","ClockworkSouvenir","halation:WeightlessCrab","conspire:TopHat"],"acts_visited":["Exordium","TheCity","TheBeyond","TheEnding"],"potions_floor_usage":[21,21,31,50,50,55],"damage_taken":[{"damage":14.0,"enemies":"Cultist","floor":1.0,"turns":6.0},{"damage":19.0,"enemies":"Jaw Worm","floor":2.0,"turns":5.0},{"damage":30.0,"enemies":"conspire:MimicChest","floor":5.0,"turns":5.0},{"damage":23.0,"enemies":"Replay:BlueRogue","floor":6.0,"turns":6.0},{"damage":0.0,"enemies":"Small Slimes","floor":8.0,"turns":3.0},{"damage":27.0,"enemies":"Gremlin Nob","floor":10.0,"turns":4.0},{"damage":12.0,"enemies":"Blue Slaver","floor":11.0,"turns":5.0},{"damage":20.0,"enemies":"Lagavulin","floor":12.0,"turns":6.0},{"damage":1.0,"enemies":"Fading Forest","floor":16.0,"turns":11.0},{"damage":8.0,"enemies":"Spheric Guardian","floor":18.0,"turns":4.0},{"damage":26,"enemies":"2 Thieves","floor":21,"turns":5},{"damage":3,"enemies":"Gremlin Leader","floor":23,"turns":7},{"damage":2,"enemies":"conspire:HollyBat","floor":24,"turns":6},{"damage":42,"enemies":"Book of Stabbing","floor":28,"turns":5},{"damage":38,"enemies":"Slavers","floor":30,"turns":4},{"damage":72,"enemies":"Chosen and Byrds","floor":31,"turns":6},{"damage":8,"enemies":"Collector","floor":33,"turns":6},{"damage":1,"enemies":"3 Darklings","floor":37,"turns":3},{"damage":10,"enemies":"Maw","floor":38,"turns":5},{"damage":28,"enemies":"Writhing Mass","floor":39,"turns":4},{"damage":45,"enemies":"R_Hoarder","floor":40,"turns":5},{"damage":66,"enemies":"Giant Head","floor":42,"turns":7},{"damage":47,"enemies":"Reptomancer","floor":47,"turns":5},{"damage":13,"enemies":"Sphere and 2 Shapes","floor":48,"turns":3},{"damage":116,"enemies":"conspire:OrnateMirror","floor":50,"turns":4},{"damage":80,"enemies":"Shield and Spear","floor":54,"turns":5},{"damage":83,"enemies":"The Heart","floor":55,"turns":7}],"seed_played":"-7964035800199724268","potions_obtained":[{"floor":8.0,"key":"Reflective Coating"},{"floor":10.0,"key":"SkillPotion"},{"floor":12.0,"key":"Languid Potion"},{"floor":16.0,"key":"ColorlessPotion"},{"floor":21,"key":"Energy Potion"},{"floor":23,"key":"LiquidMemories"},{"floor":24,"key":"LiquidBronze"},{"floor":33,"key":"BlessingOfTheForge"},{"floor":39,"key":"DistilledChaos"},{"floor":48,"key":"PowerPotion"}],"is_trial":false,"path_per_floor":["M","M","?","?","?","E","R","M","T","E","M","E","?","$","R","B",null,"M","$","?","M","?","E","M","?","T","T","E","R","E","M","R","B",null,"M","?","M","M","M","E","R","E","T","R","?","T","E","M","R","B",null,"R","$","E","B",null],"character_chosen":"BEAKED_THE_CULTIST","items_purchased":["vexMod:PaidLearning","halation:Jellyphish","Lizard Tail","ClockworkSouvenir","halation:WeightlessCrab","Elixir","SpeedPotion"],"campfire_rested":2,"item_purchase_floors":[14,19,53,53,53,53,53],"current_hp_per_floor":[50,50,50,41,50,50,50,50,50,50,50,50,55,55,55,55,55,55,55,55,58,61,64,67,67,67,67,65,65,76,70,70,84,84,84,84,92,97,97,90,90,107,107,107,107,110,110,115,118,41,118,118,118,118,118],"gold":216,"neow_bonus":"NOSTALGIA","is_daily":false,"chose_seed":false,"campfire_upgraded":4,"win_rate":0.0,"timestamp":1609123725,"path_taken":["M","?","?","?","?","E","R","M","T","E","M","E","?","$","R","BOSS","M","$","?","M","?","E","M","?","T","?","E","R","E","?","R","BOSS","M","?","M","M","?","E","R","E","T","R","?","?","E","M","R","BOSS","R","$","E","BOSS"],"items_purchased_type":["Relic","Relic","Relic","Relic","Relic","Potion","Potion"],"build_version":"2020-12-22","purchased_purges":1,"victory":true,"max_hp_per_floor":[50,50,50,50,50,50,50,50,50,50,50,50,55,55,55,55,55,55,55,55,58,61,64,67,67,67,67,70,70,76,79,79,84,84,84,84,92,97,97,102,102,107,107,107,107,110,110,115,118,118,118,118,118,118,118],"card_choices":[{"not_picked":["beaked:Windmill","beaked:Resilience"],"picked":"beaked:Evade","floor":1.0},{"not_picked":["beaked:Poke","beaked:Daydream"],"picked":"Heavy Blade","floor":2.0},{"not_picked":["beaked:Windmill","ReplayTheSpireMod:Muscle Training","beaked:FakeOut"],"picked":"SKIP","floor":6.0},{"not_picked":["beaked:Overexert","beaked:TuckingFeathers","beaked:Foresight"],"picked":"SKIP","floor":8.0},{"not_picked":["beaked:RitualOfBody","beaked:Overpower","beaked:DigDeeper"],"picked":"SKIP","floor":10.0},{"not_picked":["beaked:Daydream","beaked:Hexing","beaked:Flinch"],"picked":"SKIP","floor":11.0},{"not_picked":["beaked:Windmill","beaked:DigDeep","ReplayTheSpireMod:Muscle Training"],"picked":"SKIP","floor":12.0},{"not_picked":["beaked:ShadowFade","beaked:SacrificialScars"],"picked":"Feed","floor":16.0},{"not_picked":["beaked:WarriorEssence","beaked:Poke","beaked:TuckingFeathers"],"picked":"SKIP","floor":18.0},{"not_picked":["beaked:FullHouse","beaked:Windmill"],"picked":"Heavy Blade","floor":21},{"not_picked":["beaked:Tradeoff","beaked:Caw","beaked:TuckingFeathers+1"],"picked":"SKIP","floor":23},{"not_picked":["Hemogenesis","beaked:Tradeoff","beaked:Tweet"],"picked":"SKIP","floor":24},{"not_picked":["beaked:MimicMachine","beaked:DigDeeper+1","beaked:Evade+1"],"picked":"SKIP","floor":28},{"not_picked":["beaked:HuntressEssence+1","beaked:CursingBlood","beaked:Windmill+1"],"picked":"SKIP","floor":30},{"not_picked":["beaked:Negation","beaked:FeelMyPain+1"],"picked":"beaked:BloodRitual+1","floor":31},{"not_picked":["beaked:WildInstinct","beaked:LiftOff"],"picked":"beaked:ScreechingChant","floor":33},{"not_picked":["beaked:Tradeoff+1"],"picked":"SKIP","floor":37},{"not_picked":["beaked:FeelMyPain"],"picked":"SKIP","floor":38},{"not_picked":["beaked:Cower+1"],"picked":"SKIP","floor":39},{"not_picked":["beaked:CrazyRituals+1"],"picked":"SKIP","floor":40},{"not_picked":["beaked:CursingBlood"],"picked":"SKIP","floor":42},{"not_picked":["beaked:Poke"],"picked":"SKIP","floor":47},{"not_picked":["beaked:BraceForImpact"],"picked":"SKIP","floor":48},{"not_picked":["beaked:BraceForImpact"],"picked":"SKIP","floor":48},{"not_picked":["beaked:BarbedWire+1"],"picked":"SKIP","floor":54}],"player_experience":1734522,"relics_obtained":[{"floor":5.0,"key":"BicycleWheel"},{"floor":6.0,"key":"ShockBauble"},{"floor":9.0,"key":"Magic Flower"},{"floor":10.0,"key":"vexMod:FocusSash"},{"floor":12.0,"key":"Gremlin Horn"},{"floor":23,"key":"halation:LettersToHer"},{"floor":26,"key":"vexMod:ConsolationPrize"},{"floor":26,"key":"hubris:TenFootPole"},{"floor":27,"key":"StuffTheSpire:MayFlowers"},{"floor":27,"key":"halation:LettersToHer"},{"floor":28,"key":"StuffTheSpire:DarkSteelAnvil"},{"floor":30,"key":"halation:EternalFortune"},{"floor":30,"key":"aspiration:HummingbirdHeart"},{"floor":31,"key":"wanderingMiniBosses:AbyssPearl"},{"floor":37,"key":"halation:EternalFortune"},{"floor":40,"key":"RoseTintedShades"},{"floor":42,"key":"BrokenLever"},{"floor":43,"key":"halation:LettersToHer"},{"floor":46,"key":"StuffTheSpire:Rhapsscallions"},{"floor":46,"key":"halation:LettersToHer"},{"floor":47,"key":"Orichalcum"},{"floor":54,"key":"conspire:TopHat"}],"event_choices":[{"damage_healed":0.0,"max_hp_gain":5.0,"max_hp_loss":0.0,"gold_gain":0.0,"event_name":"Big Fish","player_choice":"Donut","floor":13.0,"gold_loss":0.0,"damage_taken":0.0},{"damage_healed":0,"gold_gain":0,"player_choice":"Simplicity","damage_taken":0,"max_hp_gain":0,"max_hp_loss":6,"event_name":"betterThird:BetterWriting","floor":25,"gold_loss":0},{"cards_removed":["StuffTheSpire:CuriosityCurse"],"damage_healed":0,"gold_gain":0,"player_choice":"Removed Curses","damage_taken":0,"max_hp_gain":0,"max_hp_loss":0,"event_name":"Fountain of Cleansing","floor":36,"gold_loss":0}],"is_beta":false,"boss_relics":[{"not_picked":["Empty Cage","hubris:HollowSoul"],"picked":"Runic Pyramid"},{"not_picked":["Velvet Choker","halation:Yufonium"],"picked":"Busted Crown"}],"items_purged_floors":[53],"is_endless":false,"potions_floor_spawned":[8,10,12,16,21,23,24,33,38,39,48],"ascension_level":3}}