{"host":"qj91dvco5uhu9oti","time":1609158060,"event":{"mods":["BaseMod","Colored Map","Keyboard Shortcuts","Minty Spire (QoL Compilation)","Permanent Neow","Quick Restart","Relic Stats","StSLib","SuperFastMode","everything is the same but u backflip on backflip"],"gold_per_floor":[111,111,136,149,149,149,193,193,193,217,231,231,231],"floor_reached":12,"playtime":236,"items_purged":[],"score":120,"play_id":"a9ac3211-8967-44a2-8bd0-87e902e34db2","local_time":"20201228212100","is_ascension_mode":true,"campfire_choices":[{"data":"Dualcast","floor":6.0,"key":"SMITH"}],"circlet_count":0,"master_deck":["AscendersBane","Strike_B","Strike_B","Strike_B","Defend_B","Defend_B","Defend_B","Defend_B","Zap","Dualcast+1","Doom and Gloom","Hologram","Redo","Machine Learning","Undo"],"relics":["Cracked Core","Golden Idol","Incense Burner","Sundial"],"acts_visited":["Exordium"],"potions_floor_usage":[12,12],"damage_taken":[{"damage":5.0,"enemies":"Small Slimes","floor":1.0,"turns":3.0},{"damage":10.0,"enemies":"2 Louse","floor":3.0,"turns":2.0},{"damage":1.0,"enemies":"Cultist","floor":4.0,"turns":4.0},{"damage":20,"enemies":"3 Sentries","floor":7,"turns":5},{"damage":10,"enemies":"Blue Slaver","floor":10,"turns":4},{"damage":0,"enemies":"2 Fungi Beasts","floor":11,"turns":3},{"damage":20,"enemies":"Gremlin Nob","floor":12,"turns":3}],"seed_played":"3798179895961657898","potions_obtained":[{"floor":8,"key":"CultistPotion"},{"floor":8,"key":"SpeedPotion"},{"floor":8,"key":"Ancient Potion"}],"is_trial":false,"path_per_floor":["M","?","M","M","?","R","E","?","T","M","M","E"],"character_chosen":"DEFECT","items_purchased":[],"campfire_rested":0,"item_purchase_floors":[],"current_hp_per_floor":[63,45,35,34,34,34,14,14,14,4,4,0,0],"gold":231,"neow_bonus":"REMOVE_CARD","is_daily":false,"chose_seed":false,"campfire_upgraded":1,"win_rate":0.0,"timestamp":1609158060,"path_taken":["M","?","M","M","?","R","E","?","T","M","M","E"],"items_purchased_type":[],"build_version":"2020-12-22","purchased_purges":0,"victory":false,"max_hp_per_floor":[75,75,75,75,75,75,75,75,75,75,75,75,75],"relic_stats":{"counters":[7,24],"Golden Idol":25,"Sundial":[2],"obtain_stats":[{"Golden Idol":2,"Sundial":9,"Incense Burner":7,"Cracked Core":0},{"Golden Idol":1,"Sundial":4,"Incense Burner":4,"Cracked Core":0},{"Golden Idol":3,"Sundial":14,"Incense Burner":14,"Cracked Core":0}]},"card_choices":[{"not_picked":["Sweeping Beam","Conserve Battery"],"picked":"Doom and Gloom","floor":1.0},{"not_picked":["Sweeping Beam","Streamline"],"picked":"Hologram","floor":3.0},{"not_picked":["Sweeping Beam","Leap"],"picked":"Redo","floor":4.0},{"not_picked":["Double Energy","Reinforced Body"],"picked":"Machine Learning","floor":7},{"not_picked":["Sweeping Beam","Turbo","Reinforced Body"],"picked":"SKIP","floor":10},{"not_picked":["Go for the Eyes","Stack"],"picked":"Undo","floor":11}],"player_experience":318943,"relics_obtained":[{"floor":7,"key":"Incense Burner"},{"floor":9,"key":"Sundial"}],"event_choices":[{"damage_healed":0.0,"max_hp_gain":0.0,"max_hp_loss":0.0,"gold_gain":0.0,"event_name":"Golden Idol","player_choice":"Take Damage","floor":2.0,"gold_loss":0.0,"damage_taken":18.0,"relics_obtained":["Golden Idol"]},{"damage_healed":0.0,"max_hp_gain":0.0,"max_hp_loss":0.0,"gold_gain":0.0,"event_name":"Liars Game","player_choice":"Ignored","floor":5.0,"gold_loss":0.0,"damage_taken":0.0},{"damage_healed":0,"gold_gain":0,"player_choice":"Got Potions","damage_taken":0,"max_hp_gain":0,"max_hp_loss":0,"event_name":"Lab","floor":8,"gold_loss":0}],"is_beta":false,"boss_relics":[],"items_purged_floors":[],"is_endless":false,"potions_floor_spawned":[10,11],"killed_by":"Gremlin Nob","ascension_level":10}}