{"host":"2no1vwhhkhf0ohz3","time":1609155920,"event":{"mods":["AchievementEnabler","BaseMod","Colored Map","DeckTracker","Keyboard Shortcuts","Minty Spire (QoL Compilation)","Relic Stats","SuperFastMode"],"gold_per_floor":[116,116,132,143,163,163,180,193,193,220,240,240,252,177,177,177,177],"floor_reached":16,"playtime":440,"items_purged":["Defend_B"],"score":106,"play_id":"beca9db2-40c7-4150-91d6-1edb084b91c8","local_time":"20201228204520","is_ascension_mode":false,"campfire_choices":[{"data":"Biased Cognition","floor":6,"key":"SMITH"},{"data":"Self Repair","floor":12,"key":"SMITH"},{"floor":15,"key":"REST"}],"circlet_count":0,"master_deck":["Strike_B","Strike_B","Strike_B","Strike_B","Defend_B","Defend_B","Defend_B","Zap","Dualcast","Iron Wave","Self Repair+1","Biased Cognition+1","Coolheaded","Compile Driver","Coolheaded","Gash","White Noise"],"relics":["Cracked Core","NeowsBlessing","Ice Cream","Bronze Scales"],"acts_visited":["Exordium"],"potions_floor_usage":[],"damage_taken":[{"damage":0,"enemies":"2 Louse","floor":1,"turns":1},{"damage":0,"enemies":"Cultist","floor":3,"turns":1},{"damage":0,"enemies":"Small Slimes","floor":4,"turns":1},{"damage":16,"enemies":"2 Fungi Beasts","floor":5,"turns":4},{"damage":12,"enemies":"Exordium Wildlife","floor":7,"turns":5},{"damage":17,"enemies":"3 Louse","floor":8,"turns":3},{"damage":13,"enemies":"Lagavulin","floor":10,"turns":9},{"damage":0,"enemies":"Large Slime","floor":11,"turns":5},{"damage":8,"enemies":"Looter","floor":13,"turns":3},{"damage":0,"enemies":"Slime Boss","floor":16,"turns":1}],"seed_played":"5908353761157434339","potions_obtained":[{"floor":3,"key":"DuplicationPotion"},{"floor":5,"key":"Block Potion"},{"floor":8,"key":"Strength Potion"},{"floor":11,"key":"FearPotion"}],"is_trial":false,"path_per_floor":["M","?","M","M","M","R","M","M","T","E","M","R","M","$","R","B"],"character_chosen":"DEFECT","items_purchased":[],"campfire_rested":1,"item_purchase_floors":[],"current_hp_per_floor":[75,75,75,75,66,66,61,51,51,45,52,52,54,54,75,75,75],"gold":177,"neow_bonus":"THREE_ENEMY_KILL","is_daily":false,"chose_seed":false,"campfire_upgraded":2,"win_rate":0.0,"timestamp":1609155920,"path_taken":["M","?","?","M","M","R","M","M","T","E","M","R","M","$","R","BOSS"],"items_purchased_type":[],"build_version":"2020-12-22","purchased_purges":1,"victory":false,"max_hp_per_floor":[75,75,75,75,75,75,75,75,75,75,75,75,75,75,75,75,75],"relic_stats":{"counters":[10,33],"Bronze Scales":[6],"obtain_stats":[{"Ice Cream":9,"NeowsBlessing":0,"Bronze Scales":10,"Cracked Core":0},{"Ice Cream":6,"NeowsBlessing":0,"Bronze Scales":7,"Cracked Core":0},{"Ice Cream":15,"NeowsBlessing":0,"Bronze Scales":24,"Cracked Core":0}]},"card_choices":[{"not_picked":["Redo","BootSequence"],"picked":"Hologram","floor":1},{"not_picked":["Steam Power","Conserve Battery","Rip and Tear"],"picked":"SKIP","floor":3},{"not_picked":["Lockon","Steam"],"picked":"Self Repair","floor":4},{"not_picked":["Cold Snap","Skim"],"picked":"Biased Cognition","floor":5},{"not_picked":["Reprogram","Hello World"],"picked":"Coolheaded","floor":7},{"not_picked":["Fusion","Hologram"],"picked":"Compile Driver","floor":8},{"not_picked":["Seek","FTL"],"picked":"Coolheaded","floor":10},{"not_picked":["Scrape","Steam"],"picked":"Gash","floor":11},{"not_picked":["Loop","Steam"],"picked":"White Noise","floor":13}],"player_experience":259188,"relics_obtained":[{"floor":9,"key":"Ice Cream"},{"floor":10,"key":"Bronze Scales"}],"event_choices":[{"cards_removed":["Hologram"],"damage_healed":0,"gold_gain":0,"player_choice":"Took Card","damage_taken":0,"max_hp_gain":0,"max_hp_loss":0,"event_name":"NoteForYourself","floor":2,"gold_loss":0,"cards_obtained":["Iron Wave"]}],"is_beta":false,"boss_relics":[],"items_purged_floors":[14],"is_endless":false,"potions_floor_spawned":[3,5,8,11,13],"killed_by":"Slime Boss","ascension_level":0}}