{"host":"2e3z4r48quhw80cc","time":1609161576,"event":{"mods":["BaseMod","Minty Spire (QoL Compilation)","Quick Restart","StSLib","SuperFastMode"],"gold_per_floor":[116,66,83,15,190,216,63,77,102,114,114,144,144,144,144],"floor_reached":14,"playtime":309,"items_purged":["Doubt"],"score":135,"play_id":"50701bae-6de2-44be-8d58-788f70776f0b","local_time":"20201228221936","is_ascension_mode":true,"campfire_choices":[{"data":"Storm","floor":11.0,"key":"SMITH"}],"circlet_count":0,"master_deck":["Strike_B+1","Strike_B+1","Strike_B","Defend_B","Defend_B","Defend_B","Defend_B","Zap","Dualcast","Storm+1","Loop","Consume","Self Repair","Melter","Injury"],"relics":["Cracked Core","NeowsBlessing","Happy Flower","Whetstone","Matryoshka","Golden Idol"],"acts_visited":["Exordium"],"potions_floor_usage":[],"damage_taken":[{"damage":0.0,"enemies":"2 Louse","floor":1.0,"turns":1.0},{"damage":0.0,"enemies":"Cultist","floor":3.0,"turns":1.0},{"damage":0.0,"enemies":"3 Sentries","floor":6.0,"turns":2.0},{"damage":3.0,"enemies":"Jaw Worm","floor":8.0,"turns":4.0},{"damage":52.0,"enemies":"Gremlin Gang","floor":10.0,"turns":4.0},{"damage":21,"enemies":"Lagavulin","floor":12,"turns":5},{"damage":11,"enemies":"Gremlin Nob","floor":14,"turns":3}],"seed_played":"-8529370289310289004","potions_obtained":[{"floor":1.0,"key":"ColorlessPotion"},{"floor":10.0,"key":"DuplicationPotion"}],"is_trial":false,"path_per_floor":["M","?","M","$","?","E","$","M","T","M","R","E","?","E"],"character_chosen":"DEFECT","items_purchased":["Loop","Self Repair"],"campfire_rested":0,"item_purchase_floors":[4,7],"current_hp_per_floor":[75,75,75,75,75,75,75,75,75,33,33,19,19,8,8],"gold":144,"neow_bonus":"THREE_ENEMY_KILL","is_daily":false,"chose_seed":false,"campfire_upgraded":1,"win_rate":0.0,"timestamp":1609161576,"path_taken":["M","?","M","$","?","E","$","M","T","M","R","E","?","E"],"items_purchased_type":["Card","Card"],"build_version":"2020-12-22","purchased_purges":1,"victory":false,"max_hp_per_floor":[75,75,75,75,75,75,75,75,75,75,75,75,75,75,75],"card_choices":[{"not_picked":["Hello World","Leap"],"picked":"Storm","floor":1.0},{"not_picked":["Steam Power","Blizzard","Rebound"],"picked":"SKIP","floor":3.0},{"not_picked":["Chill","Hello World"],"picked":"Consume","floor":6.0},{"not_picked":["Sweeping Beam","Compile Driver","Beam Cell"],"picked":"SKIP","floor":8.0},{"not_picked":["Compile Driver","Genetic Algorithm"],"picked":"Melter","floor":10.0},{"not_picked":["Redo","Darkness","Barrage"],"picked":"SKIP","floor":12}],"player_experience":41508,"relics_obtained":[{"floor":6.0,"key":"Happy Flower"},{"floor":9.0,"key":"Whetstone"},{"floor":12,"key":"Matryoshka"}],"event_choices":[{"cards_removed":["Strike_B"],"damage_healed":0.0,"max_hp_gain":0.0,"max_hp_loss":0.0,"gold_gain":0.0,"event_name":"The Cleric","player_choice":"Card Removal","floor":2.0,"gold_loss":50.0,"damage_taken":0.0},{"damage_healed":0.0,"max_hp_gain":0.0,"max_hp_loss":0.0,"gold_gain":175.0,"event_name":"Liars Game","player_choice":"AGREE","floor":5.0,"gold_loss":0.0,"damage_taken":0.0,"cards_obtained":["Doubt"]},{"damage_healed":0,"gold_gain":0,"player_choice":"Take Wound","damage_taken":0,"relics_obtained":["Golden Idol"],"max_hp_gain":0,"max_hp_loss":0,"event_name":"Golden Idol","floor":13,"gold_loss":0,"cards_obtained":["Injury"]}],"is_beta":false,"boss_relics":[],"items_purged_floors":[7],"is_endless":false,"potions_floor_spawned":[1,10],"killed_by":"Gremlin Nob","ascension_level":2}}