{"host":"0ydzwspkajt4brzd","time":1609196947,"event":{"mods":["AchievementEnabler","BaseMod","Colored Map","DeckTracker","Googly Eyes","Highlight Path","Minty Spire (QoL Compilation)","Quick Restart","Random Character Button","Rare Cards Sparkle"],"gold_per_floor":[113,128,128,41,55,55,66,101,152,163,123,141,154,179,179,275,275,292,304,403,36,53,83,83,83,131,131,142,153,188,200,200,200,200],"floor_reached":33,"playtime":2431,"items_purged":["Strike_R"],"score":376,"play_id":"8655c2f6-4f32-46dd-9c0c-12dd401c7c4e","local_time":"20201228150907","is_ascension_mode":true,"campfire_choices":[{"data":"Forethought","floor":6.0,"key":"SMITH"},{"floor":15.0,"key":"REST"},{"floor":24.0,"key":"REST"},{"data":"Rampage","floor":27.0,"key":"SMITH"},{"data":"Body Slam","floor":32.0,"key":"SMITH"}],"circlet_count":0,"master_deck":["Strike_R+1","Strike_R+1","Strike_R+1","Defend_R+1","Defend_R+1","Defend_R+1","Defend_R+1","Bash+1","Reaper","Pommel Strike","Headbutt","Forethought+1","Flame Barrier+1","Shockwave+1","Rampage+1","Burning Pact+1","Flame Barrier+1","Fiend Fire","Demon Form","Whirlwind+1","Shrug It Off+1","Entrench+1","Warcry+1","Body Slam+1","Disarm+1"],"relics":["Burning Blood","Toxic Egg 2","Akabeko","War Paint","Black Star","Calipers","Dream Catcher","PreservedInsect","Anchor","Turnip","Blood Vial"],"acts_visited":["Exordium","TheCity"],"potions_floor_usage":[33],"damage_taken":[{"damage":2.0,"enemies":"2 Louse","floor":1.0,"turns":3.0},{"damage":1.0,"enemies":"Cultist","floor":2.0,"turns":4.0},{"damage":2.0,"enemies":"Jaw Worm","floor":5.0,"turns":3.0},{"damage":45.0,"enemies":"Gremlin Gang","floor":7.0,"turns":7.0},{"damage":31.0,"enemies":"Lagavulin","floor":8.0,"turns":9.0},{"damage":20.0,"enemies":"Large Slime","floor":10.0,"turns":7.0},{"damage":9.0,"enemies":"Blue Slaver","floor":12.0,"turns":4.0},{"damage":3.0,"enemies":"Exordium Wildlife","floor":13.0,"turns":4.0},{"damage":13.0,"enemies":"Gremlin Nob","floor":14.0,"turns":4.0},{"damage":10.0,"enemies":"Hexaghost","floor":16.0,"turns":7.0},{"damage":13.0,"enemies":"Chosen","floor":18.0,"turns":6.0},{"damage":13.0,"enemies":"Shell Parasite","floor":19.0,"turns":5.0},{"damage":6.0,"enemies":"Centurion and Healer","floor":22.0,"turns":5.0},{"damage":68.0,"enemies":"Slavers","floor":23.0,"turns":7.0},{"damage":7.0,"enemies":"Shelled Parasite and Fungi","floor":28.0,"turns":8.0},{"damage":25.0,"enemies":"Cultist and Chosen","floor":29.0,"turns":9.0},{"damage":6.0,"enemies":"Gremlin Leader","floor":30.0,"turns":7.0},{"damage":13.0,"enemies":"3 Cultists","floor":31.0,"turns":4.0},{"damage":66,"enemies":"Automaton","floor":33,"turns":6}],"seed_played":"-5145549652389283046","potions_obtained":[{"floor":8.0,"key":"ElixirPotion"},{"floor":10.0,"key":"Dexterity Potion"},{"floor":11.0,"key":"Regen Potion"},{"floor":11.0,"key":"SkillPotion"},{"floor":16.0,"key":"CultistPotion"},{"floor":23.0,"key":"Strength Potion"},{"floor":29.0,"key":"CultistPotion"}],"is_trial":false,"path_per_floor":["M","M","?","$","M","R","M","E","T","M","?","M","M","E","R","B",null,"M","M","?","$","M","E","R","?","T","R","M","M","E","M","R","B"],"character_chosen":"IRONCLAD","items_purchased":["Forethought","Calipers"],"campfire_rested":2,"item_purchase_floors":[4,21],"current_hp_per_floor":[80,80,80,80,80,80,49,28,28,18,18,15,22,15,39,47,72,69,76,76,76,76,14,38,38,38,38,37,18,39,34,34,0,0],"gold":200,"neow_bonus":"TRANSFORM_CARD","is_daily":false,"chose_seed":false,"campfire_upgraded":3,"win_rate":0.0,"timestamp":1609196947,"path_taken":["M","M","?","$","M","R","M","E","T","?","?","M","?","E","R","BOSS","M","M","?","$","M","E","R","?","T","R","M","M","E","M","R","BOSS"],"items_purchased_type":["Card","Relic"],"build_version":"2020-12-22","purchased_purges":1,"victory":false,"max_hp_per_floor":[80,80,80,80,80,80,80,80,80,80,80,80,80,80,80,80,80,80,80,80,80,80,80,80,80,80,80,80,80,80,80,80,80,80],"card_choices":[{"not_picked":["Clash","Anger"],"picked":"Pommel Strike","floor":1.0},{"not_picked":["Disarm","Sword Boomerang"],"picked":"Headbutt","floor":2.0},{"not_picked":["Havoc","Sword Boomerang","Fire Breathing"],"picked":"SKIP","floor":5.0},{"not_picked":["Feel No Pain","Heavy Blade"],"picked":"Flame Barrier","floor":7.0},{"not_picked":["Intimidate+1","Anger"],"picked":"Shockwave+1","floor":8.0},{"not_picked":["Sword Boomerang","Inflame"],"picked":"Rampage","floor":10.0},{"not_picked":["Heavy Blade","Dark Embrace"],"picked":"Burning Pact+1","floor":12.0},{"not_picked":["Iron Wave","Clash"],"picked":"Flame Barrier+1","floor":13.0},{"not_picked":["Berserk","Intimidate+1"],"picked":"Fiend Fire","floor":14.0},{"not_picked":["Double Tap+1","Immolate"],"picked":"Demon Form","floor":16.0},{"not_picked":["Rampage","Sword Boomerang","Heavy Blade"],"picked":"SKIP","floor":18.0},{"not_picked":["Flame Barrier+1","Carnage+1"],"picked":"Whirlwind+1","floor":19.0},{"not_picked":["Clash","Iron Wave"],"picked":"Shrug It Off+1","floor":22.0},{"not_picked":["Sentinel+1","Thunderclap","Blood for Blood"],"picked":"SKIP","floor":23.0},{"not_picked":["Pommel Strike","Carnage"],"picked":"Entrench+1","floor":24.0},{"not_picked":["Iron Wave","Clash"],"picked":"Warcry+1","floor":28.0},{"not_picked":["Headbutt+1","Heavy Blade"],"picked":"Body Slam","floor":29.0},{"not_picked":["True Grit+1","Brutality"],"picked":"Disarm+1","floor":30.0},{"not_picked":["Wild Strike","Whirlwind","Armaments+1"],"picked":"SKIP","floor":31.0}],"player_experience":332136,"relics_obtained":[{"floor":8.0,"key":"Toxic Egg 2"},{"floor":9.0,"key":"Akabeko"},{"floor":14.0,"key":"War Paint"},{"floor":23.0,"key":"Dream Catcher"},{"floor":23.0,"key":"PreservedInsect"},{"floor":26.0,"key":"Anchor"},{"floor":30.0,"key":"Turnip"},{"floor":30.0,"key":"Blood Vial"}],"event_choices":[{"damage_healed":0.0,"max_hp_gain":0.0,"max_hp_loss":0.0,"gold_gain":0.0,"event_name":"Accursed Blacksmith","player_choice":"Forge","floor":3.0,"gold_loss":0.0,"damage_taken":0.0,"cards_upgraded":["Bash"]},{"damage_healed":0.0,"max_hp_gain":0.0,"max_hp_loss":0.0,"gold_gain":0.0,"event_name":"The Woman in Blue","player_choice":"Bought 3 Potions","floor":11.0,"gold_loss":0.0,"damage_taken":0.0},{"damage_healed":0.0,"max_hp_gain":0.0,"max_hp_loss":0.0,"gold_gain":99.0,"event_name":"Nest","player_choice":"Stole From Cult","floor":20.0,"gold_loss":0.0,"damage_taken":0.0},{"damage_healed":0.0,"max_hp_gain":0.0,"max_hp_loss":0.0,"gold_gain":0.0,"event_name":"Back to Basics","player_choice":"Simplicity","floor":25.0,"gold_loss":0.0,"damage_taken":0.0,"cards_upgraded":["Strike_R","Strike_R","Strike_R","Defend_R","Defend_R","Defend_R"]}],"is_beta":false,"boss_relics":[{"not_picked":["Runic Cube","Coffee Dripper"],"picked":"Black Star"}],"items_purged_floors":[21],"is_endless":false,"potions_floor_spawned":[8,10,12,13,16,18,23,29],"killed_by":"Automaton","ascension_level":5}}