{"host":"p4yrwepmrl4g8pul","time":1609144429,"event":{"mods":["Act Like it!","BaseMod","BetterRewards","Colored Map","Custom Start","Gensokyo","Marisa£®ÏF”Í°°ƒß¿Ì…≥£©","Minty Spire (QoL Compilation)","Quick Restart","Rare Cards Sparkle","Reimu£®≤©¿ˆ¡È√Œ£©","Remilia£®¿Ÿ√◊¿Ú—«£©","Remove Card Discount Mod","Shop Mod","StSLib","The Jungle"],"gold_per_floor":[118,128,146,162,7,7,37,37,87,115,132,132,132,149,149,224,224,239,239,239,239,239,269,107,107,130,162,162,189,189,34,34,107,107,125,125,125,125,145,145,173,173,173,173,173,193,227,227,227,227,227,227,227,45,78,78,78],"floor_reached":56,"playtime":1669,"items_purged":["Strike_MRS","Defend_MRS","Strike_MRS","Defend_MRS","Strike_MRS","Strike_MRS","MeteoricShower+1","GravityBeat+1","BlazeAway","MasterSpark","UpSweep","PowerUp","Defend_MRS","Defend_MRS","MilkyWay+1"],"score":3040,"play_id":"6d3c2e06-4d7b-45af-a0fb-28a46681e720","local_time":"20201228163349","is_ascension_mode":true,"campfire_choices":[{"data":"MilkyWay","floor":6.0,"key":"SMITH"},{"floor":8.0,"key":"REST"},{"data":"Impatience","floor":13.0,"key":"SMITH"},{"floor":15.0,"key":"REST"},{"floor":28.0,"key":"RECALL"},{"floor":30.0,"key":"REST"},{"floor":32.0,"key":"REST"},{"floor":40.0,"key":"REST"},{"floor":44.0,"key":"REST"},{"floor":49.0,"key":"REST"},{"floor":53.0,"key":"REST"}],"circlet_count":0,"master_deck":["AscendersBane","NonDirectionalLaser+1","MilkyWay+1","UnstableBomb+1","PowerUp+1","MilkyWay+1","Parasite","Parasite","UltimateShortwave+1","Purity+1"],"relics":["MiniHakkero","ClockworkSouvenir","Happy Flower","HandDrill","Sundial","Medical Kit","Kunai","Pantograph","Bottled Lightning","Mummified Hand","Oddly Smooth Stone","Singing Bowl","Orichalcum","ShroomBag","Thread and Needle","SimpleLauncher","RampagingMagicTools","Pen Nib","PreservedInsect","Du-Vu Doll","Letter Opener","Omamori","MerchantsRug","Anchor","Eternal Feather"],"acts_visited":["Gensokyo:Gensokyo","Gensokyo:Gensokyoer","Gensokyo:Gensokyoest","TheEnding"],"potions_floor_usage":[],"damage_taken":[{"damage":0.0,"enemies":"Gensokyo:Python","floor":1.0,"turns":2.0},{"damage":0.0,"enemies":"Gensokyo:3_Fairies","floor":2.0,"turns":2.0},{"damage":0.0,"enemies":"Gensokyo:Gryphon","floor":3.0,"turns":2.0},{"damage":0.0,"enemies":"Gensokyo:VengefulSpirit","floor":4.0,"turns":2.0},{"damage":2.0,"enemies":"Gensokyo:Aya","floor":7.0,"turns":3.0},{"damage":0.0,"enemies":"Gensokyo:Cirno","floor":10.0,"turns":4.0},{"damage":0.0,"enemies":"Gensokyo:LivingMonolith","floor":11.0,"turns":1.0},{"damage":0.0,"enemies":"Gensokyo:Python_and_Kodama","floor":14.0,"turns":2.0},{"damage":0.0,"enemies":"Gensokyo:Reimu","floor":16.0,"turns":3.0},{"damage":0.0,"enemies":"Gensokyo:Chomper","floor":18.0,"turns":2.0},{"damage":0.0,"enemies":"Gensokyo:Koishi","floor":23.0,"turns":3.0},{"damage":0.0,"enemies":"Gensokyo:Reisen","floor":27.0,"turns":2.0},{"damage":0.0,"enemies":"Gensokyo:Koishi","floor":29.0,"turns":2.0},{"damage":0.0,"enemies":"Gensokyo:Eiki","floor":33.0,"turns":2.0},{"damage":0.0,"enemies":"Gensokyo:3_Bats","floor":35.0,"turns":1.0},{"damage":0.0,"enemies":"Gensokyo:3_Boulders","floor":39.0,"turns":1.0},{"damage":0.0,"enemies":"Gensokyo:Kasen","floor":41.0,"turns":2.0},{"damage":0.0,"enemies":"Gensokyo:Dusk_and_Dawn","floor":46.0,"turns":1.0},{"damage":0.0,"enemies":"Gensokyo:Doremy","floor":47.0,"turns":2.0},{"damage":0.0,"enemies":"Gensokyo:Scarlet_Devils","floor":50.0,"turns":2.0},{"damage":6.0,"enemies":"Gensokyo:Yuyuko","floor":51.0,"turns":3.0},{"damage":28.0,"enemies":"Shield and Spear","floor":55.0,"turns":3.0},{"damage":105,"enemies":"The Heart","floor":56,"turns":3}],"seed_played":"6672760112212193275","potions_obtained":[{"floor":3.0,"key":"Weak Potion"},{"floor":7.0,"key":"AttackPotion"},{"floor":14.0,"key":"DuplicationPotion"},{"floor":29.0,"key":"SmokeBomb"},{"floor":37.0,"key":"BottledSpark"}],"is_trial":false,"path_per_floor":["M","M","M","M","COS","R","E","R","T","E","M","?","R","M","R","B",null,"M","?","T","?","?","E","$","T","T","E","R","E","R","COS","R","B",null,"M","T","?","?","M","R","E","?","T","R","COS","M","E","T","R","B","B",null,"R","$","E","B"],"character_chosen":"MARISA","items_purchased":["Impatience","Molten Egg 2","ClockworkSouvenir","NonDirectionalLaser+1","Happy Flower","PowerUp","Orrery","Toxic Egg 2","HandDrill","PowerUp+1","Sundial","DollysMirror","Whetstone","Oddly Smooth Stone","MerchantsRug","Anchor","Purity+1","FairyPotion"],"campfire_rested":8,"item_purchase_floors":[0,0,0,0,0,0,0,0,0,0,0,0,0,24,54,54,54,54],"current_hp_per_floor":[21,21,21,21,21,21,19,40,40,40,40,40,40,40,61,61,68,68,63,63,63,63,63,63,63,63,65,65,67,67,67,67,69,69,71,71,71,71,73,73,73,37,37,58,58,64,70,70,77,77,77,77,77,77,51,0,0],"gold":78,"neow_bonus":"","is_daily":false,"chose_seed":false,"campfire_upgraded":2,"win_rate":0.0,"timestamp":1609144429,"path_taken":["M","M","M","M","COS","R","E","R","T","E","M","?","R","?","R","BOSS","M","?","?","?","?","E","$","?","T","E","R","E","R","COS","R","BOSS","M","?","?","?","M","R","E","?","T","R","COS","M","E","?","R","BOSS","BOSS","R","$","E","BOSS"],"items_purchased_type":["Card","Relic","Relic","Card","Relic","Card","Relic","Relic","Relic","Card","Relic","Relic","Relic","Relic","Relic","Relic","Card","Potion"],"build_version":"2020-12-22","purchased_purges":15,"victory":false,"max_hp_per_floor":[70,70,70,70,70,70,70,70,70,70,70,70,70,70,70,70,70,70,63,63,63,63,63,63,63,63,65,65,67,67,67,67,69,69,71,71,71,71,73,73,73,73,73,73,73,75,77,77,77,77,77,77,77,77,79,79,79],"card_choices":[{"not_picked":["GalacticHalo","LuminesStrike+1"],"picked":"MilkyWay","floor":0.0},{"not_picked":["ShootTheMoon+1","SuperNova"],"picked":"UnstableBomb+1","floor":0.0},{"not_picked":["ShootingEcho+1","GrandCross+1"],"picked":"GravityBeat+1","floor":0.0},{"not_picked":["Acceleration","DragonMeteor+1"],"picked":"BlazeAway","floor":0.0},{"not_picked":["SatelliteIllusion","WitchOfGreed"],"picked":"MeteoricShower+1","floor":0.0},{"not_picked":["EarthLightRay+1","WitchLeyline+1","GasGiant+1"],"picked":"SKIP","floor":1.0},{"not_picked":["DC+1","GasGiant+1","Robbery+1"],"picked":"SKIP","floor":2.0},{"not_picked":["MysteriousBeam+1","NonDirectionalLaser+1","WitchOfGreed"],"picked":"SKIP","floor":3.0},{"not_picked":["OortCloud","WitchOfGreed","Acceleration+1"],"picked":"SKIP","floor":4.0},{"not_picked":["MilkyWay+1","DC+1","GravityBeat+1"],"picked":"SKIP","floor":7.0},{"not_picked":["NonDirectionalLaser+1","BlazingStar+1","ShootTheMoon+1"],"picked":"SKIP","floor":10.0},{"not_picked":["Acceleration+1","UnstableBomb+1"],"picked":"MilkyWay+1","floor":11.0},{"not_picked":["WitchOfGreed","ShootingEcho+1","AsteroidBelt+1"],"picked":"SKIP","floor":14.0},{"not_picked":["ShootTheMoon+1","SuperPerseids+1","MagicChant+1"],"picked":"SKIP","floor":18.0},{"not_picked":["GalacticHalo+1","6A+1","AsteroidBelt+1"],"picked":"SKIP","floor":23.0},{"not_picked":["ShootingEcho+1","AsteroidBelt+1","SporeBomb+1"],"picked":"Singing Bowl","floor":27.0},{"not_picked":["DoubleSpark+1","StarBarrage+1","EarthLightRay+1"],"picked":"Singing Bowl","floor":29.0},{"not_picked":["BigCrunch+1","CasketOfStar","CollectingQuirk+1"],"picked":"Singing Bowl","floor":33.0},{"not_picked":["GravityBeat+1","DoubleSpark+1","MilkyWay+1"],"picked":"Singing Bowl","floor":35.0},{"not_picked":["ShootTheMoon+1","WitchLeyline+1","SprinkleStarSeal+1"],"picked":"Singing Bowl","floor":39.0},{"not_picked":["MilkyWay+1","LuminesStrike+1"],"picked":"UltimateShortwave+1","floor":41.0},{"not_picked":["SporeBomb+1","OpenUniverse+1","GrandCross+1"],"picked":"Singing Bowl","floor":46.0},{"not_picked":["ShootingEcho+1","DarkSpark+1","BlazingStar+1"],"picked":"Singing Bowl","floor":47.0},{"not_picked":["ChargingUp","DC+1","PowerUp+1"],"picked":"Singing Bowl","floor":55.0}],"player_experience":727125,"relics_obtained":[{"floor":7.0,"key":"Kunai"},{"floor":10.0,"key":"Tiny Chest"},{"floor":20.0,"key":"Bottled Lightning"},{"floor":23.0,"key":"Mummified Hand"},{"floor":25.0,"key":"Singing Bowl"},{"floor":26.0,"key":"Orichalcum"},{"floor":27.0,"key":"ShroomBag"},{"floor":29.0,"key":"Thread and Needle"},{"floor":36.0,"key":"Pen Nib"},{"floor":41.0,"key":"PreservedInsect"},{"floor":43.0,"key":"Letter Opener"},{"floor":47.0,"key":"Omamori"},{"floor":48.0,"key":"Juzu Bracelet"},{"floor":55.0,"key":"Eternal Feather"}],"event_choices":[],"is_beta":false,"boss_relics":[{"not_picked":["Ectoplasm","Coffee Dripper"],"picked":"ExperimentalFamiliar"},{"not_picked":["Pandora\u0027s Box","Astrolabe"],"picked":"RampagingMagicTools"}],"items_purged_floors":[0,0,0,0,0,0,0,0,0,0,0,0,0,0,24],"is_endless":false,"potions_floor_spawned":[3,7,14,23,29,35],"killed_by":"The Heart","ascension_level":20}}