{"host":"p1xsuo25udtrkbq2","time":1609122885,"event":{"mods":["BaseMod","Colored Map","Minty Spire (QoL Compilation)","Rare Cards Sparkle","Relic Stats","Slay the Relics Exporter","StSLib","everything is the same but u backflip on backflip"],"gold_per_floor":[113,113,132,145,20,45,45,65,65,92,108,139,139,139,139,210,210,223,223,234,249,249,281,281,306,333,345,356,281,281,296,296,296,296],"floor_reached":33,"playtime":5160,"items_purged":["Strike_G"],"score":522,"play_id":"6ac406cc-c054-425c-b537-8aa75401f7f1","local_time":"20201227213445","is_ascension_mode":true,"campfire_choices":[{"floor":7.0,"key":"REST"},{"data":"Skewer","floor":15.0,"key":"SMITH"},{"floor":24.0,"key":"REST"},{"floor":30.0,"key":"REST"},{"floor":32.0,"key":"REST"}],"circlet_count":0,"master_deck":["AscendersBane","Strike_G","Strike_G+1","Strike_G","Defend_G+1","Defend_G","Defend_G","Defend_G","Defend_G","Survivor","Neutralize","Dash","Noxious Fumes","Acrobatics","Blade Dance","Leg Sweep","Skewer+1","Backflip","Dagger Spray","Parasite","Adrenaline","Blade Dance","Cloak And Dagger+1","Malaise","RitualDagger","Accuracy","Slice+1","PiercingWail"],"relics":["Philosopher\u0027s Stone","Centennial Puzzle","Vajra","White Beast Statue","Anchor","Lantern","WristBlade","Nilry\u0027s Codex","Bronze Scales","Ice Cream"],"acts_visited":["Exordium","TheCity"],"potions_floor_usage":[33,33],"damage_taken":[{"damage":3.0,"enemies":"Small Slimes","floor":1.0,"turns":4.0},{"damage":1.0,"enemies":"Jaw Worm","floor":3.0,"turns":4.0},{"damage":0.0,"enemies":"2 Louse","floor":4.0,"turns":2.0},{"damage":14.0,"enemies":"3 Sentries","floor":6.0,"turns":8.0},{"damage":0.0,"enemies":"2 Fungi Beasts","floor":8.0,"turns":3.0},{"damage":12.0,"enemies":"Gremlin Nob","floor":10.0,"turns":4.0},{"damage":0.0,"enemies":"Large Slime","floor":11.0,"turns":4.0},{"damage":2.0,"enemies":"3 Sentries","floor":12.0,"turns":7.0},{"damage":17.0,"enemies":"Hexaghost","floor":16.0,"turns":12.0},{"damage":3.0,"enemies":"2 Thieves","floor":18.0,"turns":3.0},{"damage":10.0,"enemies":"3 Byrds","floor":20.0,"turns":3.0},{"damage":0.0,"enemies":"Centurion and Healer","floor":21.0,"turns":3.0},{"damage":3.0,"enemies":"Slavers","floor":23.0,"turns":3.0},{"damage":14.0,"enemies":"Gremlin Leader","floor":25.0,"turns":5.0},{"damage":0.0,"enemies":"Snake Plant","floor":27.0,"turns":3.0},{"damage":23.0,"enemies":"Shelled Parasite and Fungi","floor":28.0,"turns":3.0},{"damage":0.0,"enemies":"Sentry and Sphere","floor":31.0,"turns":2.0},{"damage":41,"enemies":"Collector","floor":33,"turns":6}],"seed_played":"5929182516025003733","potions_obtained":[{"floor":3.0,"key":"Weak Potion"},{"floor":10.0,"key":"DistilledChaos"},{"floor":11.0,"key":"CunningPotion"},{"floor":12.0,"key":"Weak Potion"},{"floor":16.0,"key":"DuplicationPotion"},{"floor":20.0,"key":"SteroidPotion"},{"floor":21.0,"key":"AttackPotion"},{"floor":23.0,"key":"PowerPotion"},{"floor":25.0,"key":"Energy Potion"},{"floor":27.0,"key":"Explosive Potion"},{"floor":31.0,"key":"PowerPotion"}],"is_trial":false,"path_per_floor":["M","?","M","M","$","E","R","M","T","E","M","E","T","?","R","B",null,"M","?","M","M","?","E","R","E","T","M","M","?","R","M","R","B"],"character_chosen":"THE_SILENT","items_purchased":["Explosive Potion"],"campfire_rested":4,"item_purchase_floors":[5],"current_hp_per_floor":[56,43,42,42,42,28,47,47,47,35,35,33,33,49,49,32,58,55,39,29,29,23,20,39,25,25,25,2,2,21,21,40,0,0],"gold":296,"neow_bonus":"BOSS_RELIC","is_daily":false,"chose_seed":false,"campfire_upgraded":1,"win_rate":0.0,"timestamp":1609122885,"path_taken":["M","?","M","M","$","E","R","M","T","E","M","E","?","?","R","BOSS","BOSS","M","?","M","M","?","E","R","E","T","M","M","?","R","M","R","BOSS"],"items_purchased_type":["Potion"],"build_version":"2020-12-22","purchased_purges":1,"victory":false,"max_hp_per_floor":[66,66,66,66,66,66,66,66,66,66,66,66,66,66,66,66,66,66,66,66,66,66,66,66,66,66,66,66,66,66,66,66,66,66],"relic_stats":{"Centennial Puzzle":[28],"counters":[18,79],"Bronze Scales":[57],"obtain_stats":[{"Ice Cream":25,"Centennial Puzzle":6,"Anchor":12,"Lantern":13,"WristBlade":17,"Nilry\u0027s Codex":19,"Bronze Scales":23,"Vajra":9,"Philosopher\u0027s Stone":0,"White Beast Statue":10,"Ring of the Snake":0},{"Ice Cream":14,"Centennial Puzzle":4,"Anchor":8,"Lantern":8,"WristBlade":9,"Nilry\u0027s Codex":10,"Bronze Scales":13,"Vajra":5,"Philosopher\u0027s Stone":0,"White Beast Statue":6,"Ring of the Snake":0},{"Ice Cream":65,"Centennial Puzzle":18,"Anchor":36,"Lantern":36,"WristBlade":48,"Nilry\u0027s Codex":51,"Bronze Scales":60,"Vajra":21,"Philosopher\u0027s Stone":0,"White Beast Statue":25,"Ring of the Snake":0}]},"card_choices":[{"not_picked":["Underhanded Strike","Blade Dance"],"picked":"Dash","floor":1.0},{"not_picked":["Well Laid Plans","Dagger Throw"],"picked":"Noxious Fumes","floor":3.0},{"not_picked":["Outmaneuver","All Out Attack"],"picked":"Acrobatics","floor":4.0},{"not_picked":["Caltrops","Bane"],"picked":"Blade Dance","floor":6.0},{"not_picked":["Slice","Deflect"],"picked":"Leg Sweep","floor":8.0},{"not_picked":["Envenom","Outmaneuver"],"picked":"Skewer","floor":10.0},{"not_picked":["All Out Attack","Slice"],"picked":"Backflip","floor":11.0},{"not_picked":["Quick Slash","Accuracy"],"picked":"Dagger Spray","floor":12.0},{"not_picked":["Night Terror","Malaise"],"picked":"Adrenaline","floor":16.0},{"not_picked":["PiercingWail","Dagger Spray+1"],"picked":"Blade Dance","floor":18.0},{"not_picked":["PiercingWail","Dodge and Roll"],"picked":"Cloak And Dagger+1","floor":20.0},{"not_picked":["Dodge and Roll+1","Bane+1"],"picked":"Malaise","floor":21.0},{"not_picked":["Dagger Throw","Reflex","Riddle With Holes"],"picked":"SKIP","floor":23.0},{"not_picked":["Quick Slash","Bane","Dagger Spray"],"picked":"SKIP","floor":25.0},{"not_picked":["Flying Knee","PiercingWail"],"picked":"Accuracy","floor":27.0},{"not_picked":["Accuracy","Blur"],"picked":"Slice+1","floor":28.0},{"not_picked":["Quick Slash","Venomology"],"picked":"PiercingWail","floor":31.0}],"player_experience":830548,"relics_obtained":[{"floor":6.0,"key":"Centennial Puzzle"},{"floor":9.0,"key":"Vajra"},{"floor":10.0,"key":"White Beast Statue"},{"floor":12.0,"key":"Anchor"},{"floor":13.0,"key":"Lantern"},{"floor":19.0,"key":"Nilry\u0027s Codex"},{"floor":23.0,"key":"Bronze Scales"},{"floor":25.0,"key":"Ice Cream"}],"event_choices":[{"damage_healed":0.0,"max_hp_gain":0.0,"max_hp_loss":0.0,"gold_gain":0.0,"event_name":"Shining Light","player_choice":"Entered Light","floor":2.0,"gold_loss":0.0,"damage_taken":13.0,"cards_upgraded":["Defend_G","Strike_G"]},{"damage_healed":16.0,"max_hp_gain":0.0,"max_hp_loss":0.0,"gold_gain":0.0,"event_name":"Mushrooms","player_choice":"Healed and dodged fight","floor":14.0,"gold_loss":0.0,"damage_taken":0.0,"cards_obtained":["Parasite"]},{"damage_healed":0.0,"max_hp_gain":0.0,"max_hp_loss":0.0,"gold_gain":0.0,"event_name":"Cursed Tome","player_choice":"Obtained Book","floor":19.0,"gold_loss":0.0,"damage_taken":16.0},{"damage_healed":0.0,"max_hp_gain":0.0,"max_hp_loss":0.0,"gold_gain":0.0,"event_name":"Nest","player_choice":"Joined the Cult","floor":22.0,"gold_loss":0.0,"damage_taken":6.0,"cards_obtained":["RitualDagger"]},{"cards_removed":["Strike_G"],"damage_healed":0.0,"max_hp_gain":0.0,"max_hp_loss":0.0,"gold_gain":0.0,"event_name":"Beggar","player_choice":"Gave Gold","floor":29.0,"gold_loss":75.0,"damage_taken":0.0}],"is_beta":false,"boss_relics":[{"not_picked":["Black Star","SacredBark"],"picked":"WristBlade"}],"items_purged_floors":[5],"is_endless":false,"potions_floor_spawned":[3,10,11,12,16,18,20,21,23,25,27,28,31],"killed_by":"Collector","ascension_level":14}}