{"host":"fhq3k2nq5elnbks3","time":1609191928,"event":{"mods":["2.2 Compatiblity","AchievementEnabler","Act Like it!","AlwaysNeverKeys","Aspiration","Astrologer","Bard","BaseMod","Better Altar","Better Vampires","Better-Laid Plans","Block Reminder","CCEM","CapriCore","Card Filter","Colored Powertips","Conspire","Displayed Cursed Tome","Ekko","Energized Spire","Fireblade Mod","Friendly Minions","FutureSeer","GifTheSpireLib","Gremlin Mod","Gremlin Skip","HololiveMod","Hunter ??","Infinite Spire","Jorbs\u0027s Wanderer Trilogy","Koishi","Magitek Elite","Marisa????????","Mathemortician","Minty Spire (QoL Compilation)","Onozuka Komachi Mod","Pale of the Ancients","Permanent Neow","Prisma Mod","Quick Restart","Reimu??????","Relic Filter","Robot Space Explorer","Shop Mod","Spikes Relics","StSLib","Stuff the Spire","SuperFastMode","The Blackbeard","The Cursed","The Death Knight","The Druid","The Exordian Avenger","The Gatherer","The Hierophant","The Marked","The Runesmith","The Servant 0.9.4","The Trickster","The Valiant","The Wild Card","TheBandit","Trackpad","Transform Curses","Uncapped","Unknown Chances","Wandering Minibosses","thorton","vexMod"],"gold_per_floor":[109,121,131,131,144,144,186,186,186,186,201,201,219,236,236,334,334,351,398,411,23,23,50,50,60,60],"floor_reached":25,"playtime":2896,"items_purged":["stsjorbsmod:FreshAdventure"],"score":300,"play_id":"d2bde542-ae83-458e-b82c-bb101b6da3d0","local_time":"20201228154528","is_ascension_mode":false,"campfire_choices":[{"data":"stsjorbsmod:Prestidigitation","floor":6,"key":"SMITH"},{"data":"stsjorbsmod:ArcaneWeapon","floor":8,"key":"SMITH"},{"data":"stsjorbsmod:EyeOfTheStorm","floor":12,"key":"SMITH"},{"data":"stsjorbsmod:Defend_Wanderer","floor":15,"key":"SMITH"}],"circlet_count":0,"master_deck":["stsjorbsmod:ForbiddenGrimoire+1","stsjorbsmod:Strike_Wanderer","stsjorbsmod:Strike_Wanderer","stsjorbsmod:Strike_Wanderer+1","stsjorbsmod:Strike_Wanderer","stsjorbsmod:Defend_Wanderer","stsjorbsmod:Defend_Wanderer","stsjorbsmod:Defend_Wanderer","stsjorbsmod:Defend_Wanderer+1","stsjorbsmod:EyeOfTheStorm+1","stsjorbsmod:ArcaneWeapon+1","stsjorbsmod:Prestidigitation+1","stsjorbsmod:Patron"],"relics":["stsjorbsmod:GrimoireRelic","Bag of Preparation","aspiration:HummingbirdHeart","conspire:DeflatedDodgeball","Black Star","MerchantsRug","aspiration:Nostalgia","Runesmith:BrokenRuby","CCEMRelics:GrindingGear","infinitespire:Midas Blood","Unceasing Top","Gremlin Horn"],"acts_visited":["Exordium","TheCity"],"potions_floor_usage":[],"damage_taken":[{"damage":0,"enemies":"Jaw Worm","floor":1,"turns":4},{"damage":0,"enemies":"Small Slimes","floor":2,"turns":3},{"damage":4,"enemies":"infinitespire:Voidling","floor":3,"turns":4},{"damage":21,"enemies":"Gremlin Gang","floor":5,"turns":5},{"damage":4,"enemies":"Lagavulin","floor":7,"turns":7},{"damage":1,"enemies":"2 Fungi Beasts","floor":11,"turns":3},{"damage":21,"enemies":"Large Slime","floor":13,"turns":7},{"damage":1,"enemies":"Blue Slaver","floor":14,"turns":4},{"damage":12,"enemies":"The Guardian","floor":16,"turns":9},{"damage":26,"enemies":"conspire:FuzzyDice","floor":18,"turns":7},{"damage":4,"enemies":"3 Byrds","floor":19,"turns":6},{"damage":8,"enemies":"Snecko","floor":20,"turns":6},{"damage":28,"enemies":"Gremlin Leader","floor":23,"turns":7},{"damage":27,"enemies":"Centurion and Healer","floor":25,"turns":7}],"seed_played":"3851195111951468669","potions_obtained":[{"floor":2,"key":"ZuzhouPotion:ReiMu"},{"floor":14,"key":"Explosive Potion"},{"floor":16,"key":"Weak Potion"},{"floor":19,"key":"FairyPotion"}],"is_trial":false,"path_per_floor":["M","M","M","?","M","R","E","R","T","?","M","R","M","M","R","B",null,"M","M","M","$","?","E","AVR","M"],"character_chosen":"WANDERER","items_purchased":["MerchantsRug","aspiration:Nostalgia","CCEMRelics:GrindingGear"],"campfire_rested":0,"item_purchase_floors":[21,21,21],"current_hp_per_floor":[68,68,67,72,53,53,53,53,53,53,57,57,36,37,37,25,77,51,56,51,51,51,26,26,0,0],"gold":60,"neow_bonus":"RANDOM_COMMON_RELIC","is_daily":false,"chose_seed":false,"campfire_upgraded":4,"win_rate":0.0,"timestamp":1609191928,"path_taken":["M","M","M","?","M","R","E","R","T","?","M","R","M","?","R","BOSS","M","M","?","$","?","E","AVR","M"],"items_purchased_type":["Relic","Relic","Relic"],"build_version":"2020-12-22","purchased_purges":1,"victory":false,"max_hp_per_floor":[68,68,68,73,73,73,73,73,73,73,77,77,77,77,77,77,77,77,83,83,83,83,83,83,83,83],"card_choices":[{"not_picked":["stsjorbsmod:Aid","stsjorbsmod:Hurt"],"picked":"stsjorbsmod:ArcaneWeapon","floor":1},{"not_picked":["stsjorbsmod:SchoolsOfMagic","stsjorbsmod:Prepare","stsjorbsmod:LocateObject"],"picked":"SKIP","floor":2},{"not_picked":["stsjorbsmod:WanderingMind","stsjorbsmod:FracturedMind","stsjorbsmod:Mending"],"picked":"SKIP","floor":3},{"not_picked":["stsjorbsmod:Inferno","stsjorbsmod:Will"],"picked":"stsjorbsmod:Prestidigitation","floor":5},{"not_picked":["stsjorbsmod:Mania","stsjorbsmod:FranticSearch","stsjorbsmod:SchoolsOfMagic"],"picked":"SKIP","floor":7},{"not_picked":["stsjorbsmod:ChatteringStrike","stsjorbsmod:FindFamiliar","stsjorbsmod:RayOfFrost"],"picked":"SKIP","floor":11},{"not_picked":["stsjorbsmod:ParryingBlow","stsjorbsmod:Mania","stsjorbsmod:Introspection"],"picked":"SKIP","floor":13},{"not_picked":["stsjorbsmod:Prepare","stsjorbsmod:UnseenServant","stsjorbsmod:Determination"],"picked":"SKIP","floor":14},{"not_picked":["stsjorbsmod:Prepare","stsjorbsmod:ChainLightning","stsjorbsmod:Hibernate"],"picked":"SKIP","floor":18},{"not_picked":["stsjorbsmod:ArcaneWeapon","stsjorbsmod:ParryingBlow","stsjorbsmod:Index"],"picked":"SKIP","floor":19},{"not_picked":["stsjorbsmod:MistyStep+1","stsjorbsmod:WanderingMind+1"],"picked":"stsjorbsmod:Patron","floor":20},{"not_picked":["stsjorbsmod:Aid","stsjorbsmod:SiphonEnergy","stsjorbsmod:Mindworm"],"picked":"SKIP","floor":23}],"player_experience":403503,"relics_obtained":[{"floor":7,"key":"aspiration:HummingbirdHeart"},{"floor":9,"key":"conspire:DeflatedDodgeball"},{"floor":23,"key":"infinitespire:Midas Blood"},{"floor":23,"key":"Unceasing Top"}],"event_choices":[{"damage_healed":0,"gold_gain":0,"player_choice":"Donut","damage_taken":0,"max_hp_gain":5,"max_hp_loss":0,"event_name":"Big Fish","floor":4,"gold_loss":0}],"is_beta":false,"boss_relics":[{"not_picked":["aspiration:FutureDiary","StuffTheSpire:RunicConfusion"],"picked":"Black Star"}],"items_purged_floors":[24],"is_endless":false,"potions_floor_spawned":[2,14,16,19,20],"killed_by":"Centurion and Healer","ascension_level":0}}