{"host":"7ukkhvvme89nt444","time":1609190885,"event":{"mods":["BaseMod","Colored Map","Colored Powertips","Minty Spire (QoL Compilation)","Relic Stats","Slay-I","ojb\u0027s Better Paths Mod","ojb\u0027s Info Mod"],"gold_per_floor":[117,128,148,148,37,37,72,88,164,10,43,61,76,89,89,194,194,214,16,16,26,43,43,43,55,55,55,55,55,65,100,100,100,100],"floor_reached":33,"playtime":3476,"items_purged":["Strike_G","Strike_G"],"score":419,"play_id":"16bc332b-51b6-4315-ae6c-7039fb1eb208","local_time":"20201228222805","is_ascension_mode":true,"campfire_choices":[{"data":"Neutralize","floor":6.0,"key":"SMITH"},{"floor":15.0,"key":"REST"},{"floor":23.0,"key":"RECALL"},{"data":"1","floor":27.0,"key":"LIFT"},{"data":"Corpse Explosion","floor":29.0,"key":"SMITH"},{"data":"2","floor":32.0,"key":"LIFT"}],"circlet_count":0,"master_deck":["AscendersBane","Strike_G","Strike_G","Strike_G","Defend_G","Defend_G","Defend_G","Defend_G","Defend_G","Survivor","Neutralize+1","Finesse","Dagger Spray","Poisoned Stab","Deadly Poison","Predator","Adrenaline","Wraith Form v2","Acrobatics","Corpse Explosion+1","CurseOfTheBell","Dash+1","Decay","Bouncing Flask+1"],"relics":["Ring of the Snake","Tough Bandages","Blood Vial","Molten Egg 2","Sling","Du-Vu Doll","Calling Bell","Centennial Puzzle","The Courier","Girya","ClockworkSouvenir","Nunchaku"],"acts_visited":[],"potions_floor_usage":[33,33,33],"damage_taken":[{"damage":9.0,"enemies":"Jaw Worm","floor":1.0,"turns":7.0},{"damage":2.0,"enemies":"Cultist","floor":2.0,"turns":4.0},{"damage":0.0,"enemies":"2 Louse","floor":3.0,"turns":2.0},{"damage":33.0,"enemies":"Lagavulin","floor":7.0,"turns":9.0},{"damage":0.0,"enemies":"Looter","floor":8.0,"turns":3.0},{"damage":10.0,"enemies":"3 Sentries","floor":11.0,"turns":5.0},{"damage":1.0,"enemies":"2 Fungi Beasts","floor":12.0,"turns":3.0},{"damage":12.0,"enemies":"Exordium Thugs","floor":13.0,"turns":4.0},{"damage":2.0,"enemies":"Looter","floor":14.0,"turns":3.0},{"damage":10.0,"enemies":"The Guardian","floor":16.0,"turns":11.0},{"damage":0.0,"enemies":"3 Byrds","floor":18.0,"turns":2.0},{"damage":11.0,"enemies":"Shell Parasite","floor":21.0,"turns":6.0},{"damage":11.0,"enemies":"3 Cultists","floor":22.0,"turns":3.0},{"damage":4.0,"enemies":"Snake Plant","floor":25.0,"turns":5.0},{"damage":3.0,"enemies":"Cultist and Chosen","floor":30.0,"turns":4.0},{"damage":11.0,"enemies":"Slavers","floor":31.0,"turns":2.0},{"damage":54,"enemies":"Automaton","floor":33,"turns":10}],"seed_played":"-6356411165532711312","potions_obtained":[{"floor":1.0,"key":"Weak Potion"},{"floor":7.0,"key":"LiquidMemories"},{"floor":11.0,"key":"Regen Potion"},{"floor":14.0,"key":"CultistPotion"},{"floor":22.0,"key":"FearPotion"},{"floor":25.0,"key":"AttackPotion"}],"is_trial":false,"path_per_floor":["M","M","M","?","$","R","E","M","T","$","E","M","M","M","R","B",null,"M","$","?","M","M","R","?","M","T","R","?","R","M","E","R","B"],"character_chosen":"THE_SILENT","items_purchased":["Predator","Sling","ClockworkSouvenir"],"campfire_rested":1,"item_purchase_floors":[5,10,19],"current_hp_per_floor":[54,52,52,52,52,52,19,21,21,21,13,14,4,4,25,32,61,63,63,56,47,38,38,38,36,36,36,59,59,58,49,49,0,0],"gold":100,"neow_bonus":"RANDOM_COLORLESS","is_daily":false,"chose_seed":false,"campfire_upgraded":2,"win_rate":0.0,"timestamp":1609190885,"path_taken":["M","M","M","?","?","R","E","M","T","$","E","M","?","M","R","BOSS","M","$","?","?","M","R","?","M","T","R","?","R","M","E","R","BOSS"],"items_purchased_type":["Card","Relic","Relic"],"build_version":"2020-12-22","purchased_purges":2,"victory":false,"max_hp_per_floor":[70,70,70,70,70,70,70,70,70,70,70,70,70,70,70,70,70,70,70,70,70,70,70,70,70,70,70,70,70,70,70,70,70,70],"relic_stats":{"Blood Vial":2,"Tough Bandages":[12],"Centennial Puzzle":[3],"Nunchaku":[1],"counters":[1,10],"obtain_stats":[{"Blood Vial":0,"Du-Vu Doll":0,"Calling Bell":0,"Girya":0,"Tough Bandages":0,"Centennial Puzzle":0,"Nunchaku":0,"Molten Egg 2":0,"The Courier":0,"Sling":0,"Ring of the Snake":0,"ClockworkSouvenir":0},{"Blood Vial":0,"Du-Vu Doll":0,"Calling Bell":0,"Girya":0,"Tough Bandages":0,"Centennial Puzzle":0,"Nunchaku":0,"Molten Egg 2":0,"The Courier":0,"Sling":0,"Ring of the Snake":0,"ClockworkSouvenir":0},{"Blood Vial":0,"Du-Vu Doll":0,"Calling Bell":0,"Girya":0,"Tough Bandages":0,"Centennial Puzzle":0,"Nunchaku":0,"Molten Egg 2":0,"The Courier":0,"Sling":0,"Ring of the Snake":0,"ClockworkSouvenir":0}],"Ring of the Snake":[2]},"card_choices":[{"not_picked":["Impatience","Mind Blast"],"picked":"Finesse","floor":0.0},{"not_picked":["Bane","Slice"],"picked":"Dagger Spray","floor":1.0},{"not_picked":["Slice","Underhanded Strike"],"picked":"Poisoned Stab","floor":2.0},{"not_picked":["Acrobatics","Dagger Spray"],"picked":"Deadly Poison","floor":3.0},{"not_picked":["Poisoned Stab","Quick Slash"],"picked":"Adrenaline","floor":7.0},{"not_picked":["Quick Slash","Slice","Outmaneuver"],"picked":"SKIP","floor":8.0},{"not_picked":["Doppelganger","Flechettes+1","Skewer+1"],"picked":"SKIP","floor":11.0},{"not_picked":["Dagger Spray+1","Dodge and Roll","Dagger Throw+1"],"picked":"SKIP","floor":12.0},{"not_picked":["Outmaneuver","Riddle With Holes+1"],"picked":"Wraith Form v2","floor":13.0},{"not_picked":["Choke+1","Outmaneuver"],"picked":"Acrobatics","floor":14.0},{"not_picked":["Die Die Die+1","Venomology"],"picked":"Corpse Explosion","floor":16.0},{"not_picked":["Slice+1","Acrobatics+1","Underhanded Strike+1"],"picked":"SKIP","floor":18.0},{"not_picked":["Blade Dance","Slice+1"],"picked":"Dash+1","floor":21.0},{"not_picked":["Underhanded Strike+1","Dagger Throw+1","Choke+1"],"picked":"SKIP","floor":22.0},{"not_picked":["Bouncing Flask","Outmaneuver","Quick Slash+1"],"picked":"SKIP","floor":25.0},{"not_picked":["Blade Dance","Underhanded Strike+1","Cloak And Dagger"],"picked":"SKIP","floor":30.0},{"not_picked":["Sucker Punch+1","Choke+1"],"picked":"Bouncing Flask+1","floor":31.0}],"player_experience":431892,"relics_obtained":[{"floor":7.0,"key":"Blood Vial"},{"floor":9.0,"key":"Molten Egg 2"},{"floor":11.0,"key":"Du-Vu Doll"},{"floor":17.0,"key":"Centennial Puzzle"},{"floor":17.0,"key":"The Courier"},{"floor":17.0,"key":"Girya"},{"floor":31.0,"key":"Nunchaku"}],"event_choices":[{"damage_healed":0.0,"max_hp_gain":0.0,"max_hp_loss":0.0,"gold_gain":0.0,"event_name":"WeMeetAgain","player_choice":"Gave Potion","floor":4.0,"gold_loss":0.0,"damage_taken":0.0,"relics_obtained":["Tough Bandages"]},{"damage_healed":0.0,"max_hp_gain":0.0,"max_hp_loss":0.0,"gold_gain":0.0,"event_name":"Wheel of Change","player_choice":"Damaged","floor":20.0,"gold_loss":0.0,"damage_taken":7.0},{"damage_healed":0.0,"max_hp_gain":0.0,"max_hp_loss":0.0,"gold_gain":0.0,"event_name":"Forgotten Altar","player_choice":"Smashed Altar","floor":24.0,"gold_loss":0.0,"damage_taken":0.0,"cards_obtained":["Decay"]},{"damage_healed":23.0,"max_hp_gain":0.0,"max_hp_loss":0.0,"gold_gain":0.0,"event_name":"The Library","player_choice":"Heal","floor":28.0,"gold_loss":0.0,"damage_taken":0.0}],"is_beta":false,"boss_relics":[{"not_picked":["Black Star","Sozu"],"picked":"Calling Bell"}],"items_purged_floors":[5,19],"is_endless":false,"potions_floor_spawned":[1,7,11,14,22,25],"killed_by":"Automaton","ascension_level":10}}