{"host":"93x13jgem5w43hjr","time":1609193903,"event":{"mods":["AchievementEnabler","BaseMod","Better Note","Colored Map","Colored Powertips","Minty Spire (QoL Compilation)","Rare Cards Sparkle","Replay The Spire","StSLib","Waifu the Spire"],"gold_per_floor":[118,118,133,19,19,58,179,179,204,225,225,225,260,276,276,405,405,421,46,46,46,321,360,14,32,83,104,84,84,84,98,98,219,219,235,13,346,14,64,89,89,120,201,233,33,60,60,93,93,93],"floor_reached":51,"playtime":2763,"items_purged":["Strike_G","Injury","Regret","Strike_G+1","ReplayTheSpireMod:Shiv Toss+1","Noxious Fumes+1"],"score":1035,"play_id":"0f707e36-03b9-42fc-a37b-902ba433ebd0","local_time":"20201228151823","is_ascension_mode":true,"campfire_choices":[{"data":"Infinite Blades","floor":8,"key":"SMITH"},{"data":"ReplayTheSpireMod:Shiv Toss","floor":12,"key":"SMITH"},{"data":"Fluid Movement","floor":15,"key":"SMITH"},{"floor":29,"key":"REST"},{"floor":32,"key":"REST"},{"data":"Noxious Fumes","floor":41,"key":"SMITH"},{"floor":47,"key":"REST"},{"floor":49,"key":"REST"}],"circlet_count":0,"master_deck":["Strike_G+2","Strike_G+1","Strike_G+1","Defend_G+2","Defend_G+1","Defend_G+2","Defend_G+1","Survivor+1","Neutralize+1","Infinite Blades+1","Fluid Movement+1","Backflip","Cloak And Dagger+1","Cloak And Dagger+1","ReplayTheSpireMod:Speed Training+1","ReplayTheSpireMod:Speed Training","Corpse Explosion+1","Footwork","Panache+1","Footwork+1","Blade Dance","Accuracy","Blade Dance+1","Backflip+1","Hidden Blade+1","Adrenaline+1"],"relics":["Ring of the Snake","NeowsBlessing","Gremlin Food","Whetstone","Replay:Bottled Eggs","Nunchaku","WristBlade","Toxic Egg 2","ClockworkSouvenir","MealTicket","Sozu","Guide Book","WingedGreaves","Lizard Tail","Replay:Kaleidoscope","Blue Candle","Ancient Tea Set","Simple Rune"],"acts_visited":["Exordium","TheCity","TheBeyond"],"potions_floor_usage":[16,23,23,27,31,33,33],"damage_taken":[{"damage":0,"enemies":"Jaw Worm","floor":1,"turns":1},{"damage":0,"enemies":"Small Slimes","floor":3,"turns":1},{"damage":0,"enemies":"3 Sentries","floor":6,"turns":1},{"damage":2,"enemies":"2 Louse","floor":10,"turns":4},{"damage":0,"enemies":"Lagavulin","floor":13,"turns":7},{"damage":1,"enemies":"Blue Slaver","floor":14,"turns":4},{"damage":21,"enemies":"The Guardian","floor":16,"turns":10},{"damage":0,"enemies":"3 Byrds","floor":18,"turns":2},{"damage":41,"enemies":"Gremlin Leader","floor":23,"turns":7},{"damage":2,"enemies":"Chosen","floor":25,"turns":3},{"damage":13,"enemies":"Shelled Parasite and Fungi","floor":27,"turns":4},{"damage":1,"enemies":"Centurion and Healer","floor":31,"turns":2},{"damage":0,"enemies":"Collector","floor":33,"turns":6},{"damage":0,"enemies":"Orb Walker","floor":35,"turns":3},{"damage":0,"enemies":"Mind Bloom Boss Battle","floor":39,"turns":4},{"damage":0,"enemies":"R_Hoarder","floor":40,"turns":6},{"damage":0,"enemies":"Giant Head","floor":42,"turns":5},{"damage":27,"enemies":"Nemesis","floor":44,"turns":5},{"damage":19,"enemies":"Reptomancer","floor":46,"turns":5},{"damage":9,"enemies":"Giant Head","floor":48,"turns":5},{"damage":29,"enemies":"Awakened One","floor":50,"turns":10}],"seed_played":"8700015942858523705","potions_obtained":[{"floor":3,"key":"GhostInAJar"},{"floor":6,"key":"Dexterity Potion"},{"floor":14,"key":"BlessingOfTheForge"},{"floor":16,"key":"Elixir"},{"floor":25,"key":"Poison Potion"},{"floor":27,"key":"LiquidBronze"},{"floor":28,"key":"SneckoOil"},{"floor":31,"key":"Poison Potion"}],"is_trial":false,"path_per_floor":["M","?","M","$","?","E","?","R","T","M","?","R","E","M","R","B",null,"M","$","?","?","?","E","$","M","T","M","?","R","$","M","R","B",null,"M","$","?","$","?","E","R","E","T","E","$","E","R","E","R","B",null],"character_chosen":"THE_SILENT","items_purchased":["Fluid Movement","Panache","Footwork","Accuracy","ClockworkSouvenir","Noxious Fumes","Guide Book"],"campfire_rested":4,"item_purchase_floors":[4,19,19,24,24,36,38],"current_hp_per_floor":[70,70,70,70,70,70,70,70,70,68,56,56,56,55,55,34,70,70,70,70,70,70,29,29,27,27,14,14,35,50,49,70,70,70,70,70,70,70,70,70,70,70,70,43,58,39,60,51,70,41],"gold":93,"neow_bonus":"THREE_ENEMY_KILL","is_daily":false,"chose_seed":false,"campfire_upgraded":4,"win_rate":0.0,"timestamp":1609193903,"path_taken":["M","?","M","$","?","E","?","R","T","M","?","R","E","M","R","BOSS","M","$","?","?","?","E","$","M","T","?","?","R","$","?","R","BOSS","M","$","?","$","?","E","R","E","T","E","$","E","R","E","R","BOSS"],"items_purchased_type":["Card","Card","Card","Card","Relic","Card","Relic"],"build_version":"2020-12-22","purchased_purges":6,"victory":true,"max_hp_per_floor":[70,70,70,70,70,70,70,70,70,70,70,70,70,70,70,70,70,70,70,70,70,70,70,70,70,70,70,70,70,70,70,70,70,70,70,70,70,70,70,70,70,70,70,70,70,70,70,70,70,70],"card_choices":[{"not_picked":["Deadly Poison","Slice"],"picked":"ReplayTheSpireMod:Shiv Toss","floor":1},{"not_picked":["Deflect","Outmaneuver"],"picked":"Infinite Blades","floor":3},{"not_picked":["Expertise","Catalyst"],"picked":"Backflip","floor":6},{"not_picked":["Flying Knee","Deadly Poison"],"picked":"Cloak And Dagger","floor":7},{"not_picked":["Tools of the Trade","Reflex"],"picked":"Cloak And Dagger","floor":7},{"not_picked":["Deadly Poison","Catalyst","Dodge and Roll"],"picked":"SKIP","floor":10},{"not_picked":["Fluid Movement","Flying Knee"],"picked":"ReplayTheSpireMod:Speed Training","floor":13},{"not_picked":["Quick Slash","Dagger Spray"],"picked":"ReplayTheSpireMod:Speed Training","floor":14},{"not_picked":["Doppelganger","Glass Knife"],"picked":"Corpse Explosion","floor":16},{"not_picked":["Backflip+1","Deadly Poison"],"picked":"Footwork","floor":18},{"not_picked":["Predator","Sneak Up+1","Slice"],"picked":"SKIP","floor":23},{"not_picked":["Deadly Poison+1","Deflect+1"],"picked":"Blade Dance+1","floor":25},{"not_picked":["Slice+1","Quick Slash","Finisher+1"],"picked":"SKIP","floor":27},{"not_picked":["Accuracy","Calculated Gamble+1","Hidden Blade+1"],"picked":"SKIP","floor":31},{"not_picked":["Quick Slash+1","Catalyst+1"],"picked":"Backflip+1","floor":35},{"not_picked":["Endless Agony","Prepared+1","Terror+1"],"picked":"SKIP","floor":40},{"not_picked":["Deflect+1","Choke"],"picked":"Hidden Blade+1","floor":42},{"not_picked":["Die Die Die","Bane+1","PiercingWail+1"],"picked":"SKIP","floor":44},{"not_picked":["Slice","Deflect+1"],"picked":"Adrenaline+1","floor":46},{"not_picked":["Slice","Noxious Fumes+1","Poisoned Stab"],"picked":"SKIP","floor":48}],"player_experience":85836,"relics_obtained":[{"floor":6,"key":"Gremlin Food"},{"floor":9,"key":"Whetstone"},{"floor":13,"key":"Nunchaku"},{"floor":23,"key":"Toxic Egg 2"},{"floor":26,"key":"MealTicket"},{"floor":39,"key":"WingedGreaves"},{"floor":40,"key":"Lizard Tail"},{"floor":42,"key":"Replay:Kaleidoscope"},{"floor":44,"key":"Blue Candle"},{"floor":46,"key":"Ancient Tea Set"},{"floor":48,"key":"Simple Rune"}],"event_choices":[{"cards_removed":["Defend_G"],"damage_healed":0,"gold_gain":0,"player_choice":"Forget","damage_taken":0,"max_hp_gain":0,"max_hp_loss":0,"event_name":"Living Wall","floor":2,"gold_loss":0},{"damage_healed":0,"gold_gain":0,"player_choice":"Take Wound","damage_taken":0,"relics_obtained":["Golden Idol"],"max_hp_gain":0,"max_hp_loss":0,"event_name":"Golden Idol","floor":5,"gold_loss":0,"cards_obtained":["Injury"]},{"damage_healed":0,"gold_gain":0,"player_choice":"Success","damage_taken":12,"relics_obtained":["Replay:Bottled Eggs"],"max_hp_gain":0,"max_hp_loss":0,"event_name":"Scrap Ooze","floor":11,"gold_loss":0},{"damage_healed":0,"gold_gain":0,"player_choice":"Read","damage_taken":0,"max_hp_gain":0,"max_hp_loss":0,"event_name":"The Library","floor":20,"gold_loss":0,"cards_obtained":["Blade Dance"]},{"damage_healed":0,"gold_gain":0,"player_choice":"Simplicity","damage_taken":0,"max_hp_gain":0,"max_hp_loss":0,"event_name":"Back to Basics","floor":21,"gold_loss":0,"cards_upgraded":["Strike_G","Strike_G","Strike_G","Defend_G","Defend_G","Defend_G","Defend_G"]},{"damage_healed":0,"gold_gain":275,"player_choice":"Desecrate","damage_taken":0,"max_hp_gain":0,"max_hp_loss":0,"event_name":"Golden Shrine","floor":22,"gold_loss":0,"cards_obtained":["Regret"]},{"damage_healed":0,"gold_gain":0,"player_choice":"Bought 1 Potion","damage_taken":0,"max_hp_gain":0,"max_hp_loss":0,"event_name":"The Woman in Blue","floor":28,"gold_loss":0},{"damage_healed":0,"gold_gain":333,"player_choice":"Gave Idol","damage_taken":0,"max_hp_gain":0,"max_hp_loss":0,"event_name":"The Moai Head","floor":37,"relics_lost":["Golden Idol"],"gold_loss":0},{"damage_healed":0,"gold_gain":0,"player_choice":"Fight","damage_taken":0,"max_hp_gain":0,"max_hp_loss":0,"event_name":"MindBloom","floor":39,"gold_loss":0}],"is_beta":false,"boss_relics":[{"not_picked":["Empty Cage","Busted Crown"],"picked":"WristBlade"},{"not_picked":["Astrolabe","Replay:Ancient Bell"],"picked":"Sozu"}],"items_purged_floors":[4,19,24,36,38,45],"is_endless":false,"potions_floor_spawned":[3,6,14,16,25,27,31,42,44,46],"ascension_level":1}}