{"host":"hpblg3770qrn5zz2","time":1609139200,"event":{"mods":["BaseMod","Downfall","Duelist Mod","Minty Spire (QoL Compilation)","Replay The Spire","StSLib"],"gold_per_floor":[144,144,162,179,189,189,189,189,189,222,238,238,67,85,85,190,190,210,222,115,148,148,148,168,168,221,233,246,256,256,269,269,269,269],"floor_reached":33,"playtime":2572,"items_purged":[],"score":301,"play_id":"7f7c3aef-3346-4d97-a605-01e3840eaa68","local_time":"20201227230640","is_ascension_mode":false,"campfire_choices":[{"floor":6.0,"key":"REST"},{"data":"theDuelist:InfernoFireBlast","floor":8.0,"key":"SMITH"},{"floor":12.0,"key":"REST"},{"data":"theDuelist:WhiteMagicalHat","floor":23.0,"key":"SMITH"},{"floor":25.0,"key":"REST"},{"floor":30,"key":"REST"},{"data":"theDuelist:SwordDeepSeated","floor":32,"key":"SMITH"}],"circlet_count":0,"master_deck":["theDuelist:BeaverWarrior","theDuelist:BeaverWarrior","theDuelist:BeaverWarrior","theDuelist:BeaverWarrior","theDuelist:BeaverWarrior","theDuelist:CastleWalls","theDuelist:CastleWalls","theDuelist:CastleWalls","theDuelist:CastleWalls","theDuelist:CastleWalls","theDuelist:FinalFlame","theDuelist:FinalFlame","theDuelist:FinalFlame","theDuelist:GiantSoldier","theDuelist:GiantSoldier","theDuelist:GiantSoldier","theDuelist:GiantSoldier","theDuelist:GiantSoldier","theDuelist:GiantSoldier","theDuelist:ScrapFactory","theDuelist:ScrapFactory+1","theDuelist:Sparks","theDuelist:Sparks","theDuelist:Sparks","theDuelist:Sparks","theDuelist:Sparks","theDuelist:Sparks","theDuelist:InfernoFireBlast+1","theDuelist:Hinotama","theDuelist:CombinationAttack+1","theDuelist:RainbowNeos","theDuelist:SpiralSpearStrike+1","theDuelist:SangaEarth","theDuelist:WhiteHowling","theDuelist:WhiteMagicalHat+1","theDuelist:WhiteMagicalHat","theDuelist:BigFire","theDuelist:FeatherShot","theDuelist:GravityLash","theDuelist:ElectromagneticShield+1","theDuelist:PineappleBlast+1","theDuelist:DeltaAttacker+1","theDuelist:SangaEarth+1","theDuelist:SpiritHarp","theDuelist:SwordDeepSeated+1","theDuelist:ImperialOrder","theDuelist:PreventRat+1","theDuelist:SwordsRevealing+1","theDuelist:WormWarlord","theDuelist:RainbowKuriboh+1","theDuelist:FlameTiger","theDuelist:SilentDoom"],"relics":["theDuelist:MillenniumPuzzle","theDuelist:CardPoolRelic","theDuelist:CardPoolBasicRelic","theDuelist:BoosterPackPoolRelic","theDuelist:CardPoolAddRelic","theDuelist:CardPoolMinusRelic","theDuelist:CardPoolSaveRelic","theDuelist:CardPoolOptionsRelic","Lantern","Replay:Bottled Flurry","Astrolabe","Red Mask","FossilizedHelix","Simple Rune"],"acts_visited":["Exordium","TheCity"],"potions_floor_usage":[],"damage_taken":[{"damage":0.0,"enemies":"Small Slimes","floor":1.0,"turns":5.0},{"damage":4.0,"enemies":"Jaw Worm","floor":3.0,"turns":2.0},{"damage":0.0,"enemies":"2 Louse","floor":4.0,"turns":2.0},{"damage":15.0,"enemies":"Exordium Thugs","floor":5.0,"turns":6.0},{"damage":55.0,"enemies":"Gremlin Nob","floor":10.0,"turns":6.0},{"damage":1.0,"enemies":"Red Slaver","floor":11.0,"turns":3.0},{"damage":0.0,"enemies":"Looter","floor":14.0,"turns":3.0},{"damage":47.0,"enemies":"The Guardian","floor":16.0,"turns":11.0},{"damage":10.0,"enemies":"2 Thieves","floor":18.0,"turns":3.0},{"damage":0.0,"enemies":"Chosen","floor":19.0,"turns":4.0},{"damage":0.0,"enemies":"Masked Bandits","floor":21.0,"turns":3.0},{"damage":40.0,"enemies":"Centurion and Healer","floor":24.0,"turns":7.0},{"damage":7.0,"enemies":"Snake Plant","floor":27.0,"turns":4.0},{"damage":12.0,"enemies":"Chosen and Byrds","floor":28.0,"turns":7.0},{"damage":0,"enemies":"Snecko","floor":29,"turns":5},{"damage":17,"enemies":"Centurion and Healer","floor":31,"turns":7},{"damage":42,"enemies":"Pondfish","floor":33,"turns":7}],"seed_played":"2726417555593544181","potions_obtained":[{"floor":4.0,"key":"champ:CounterPotion"},{"floor":5.0,"key":"champ:CounterPotion"},{"floor":16.0,"key":"theDuelist:GiftPotion"},{"floor":19.0,"key":"ColorlessPotion"},{"floor":27.0,"key":"theDuelist:CoolBottle"}],"is_trial":false,"path_per_floor":["M","?","M","M","M","R","?","R","T","E","M","R","$","M","R","B",null,"M","M","$","?","?","R","M","R","T","M","M","M","R","M","R","B"],"character_chosen":"THE_DUELIST","items_purchased":["theDuelist:WhiteHowling","theDuelist:WhiteMagicalHat","theDuelist:BigFire","theDuelist:SwordDeepSeated","theDuelist:ImperialOrder"],"campfire_rested":4,"item_purchase_floors":[13,13,13,20,20],"current_hp_per_floor":[80,64,60,60,45,69,80,80,80,25,24,48,48,48,72,25,80,70,70,70,70,70,70,30,54,54,47,35,35,59,42,42,0,0],"gold":269,"neow_bonus":"","is_daily":false,"chose_seed":false,"campfire_upgraded":3,"win_rate":0.0,"timestamp":1609139200,"path_taken":["M","?","M","M","M","R","?","R","T","E","M","R","?","M","R","BOSS","M","M","$","?","?","R","?","R","T","M","M","M","R","M","R","BOSS"],"items_purchased_type":["Card","Card","Card","Card","Card"],"build_version":"2020-12-22","purchased_purges":0,"victory":false,"max_hp_per_floor":[80,80,80,80,80,80,80,80,80,80,80,80,80,80,80,80,80,80,80,80,80,80,80,80,80,80,80,80,80,80,80,80,80,80],"card_choices":[{"not_picked":["theDuelist:SpellShatteringArrow","theDuelist:BigFire","theDuelist:LightningVortex","theDuelist:CoreBlaster"],"picked":"theDuelist:InfernoFireBlast","floor":1.0},{"not_picked":["theDuelist:DoubleTool","theDuelist:ScrapFactory","theDuelist:OnslaughtFireKings","theDuelist:VendreadCharge"],"picked":"theDuelist:Hinotama","floor":3.0},{"not_picked":["theDuelist:CrossAttack","theDuelist:CircleFireKings","theDuelist:PowerWall","theDuelist:AfterGenocide"],"picked":"theDuelist:CombinationAttack","floor":4.0},{"not_picked":["theDuelist:SpiritHarp","theDuelist:MythicalBeast","theDuelist:KamionTimelord","theDuelist:Mathematician"],"picked":"theDuelist:RainbowNeos","floor":5.0},{"not_picked":["theDuelist:Wiretap","theDuelist:VenomShot+1","theDuelist:Hinotama+1","theDuelist:DoubleTool+1"],"picked":"theDuelist:SpiralSpearStrike+1","floor":10.0},{"not_picked":["theDuelist:VenomShot","theDuelist:AfterTheStorm","theDuelist:Reinforcements","theDuelist:CrystalRaigeki"],"picked":"theDuelist:SangaEarth","floor":11.0},{"not_picked":["theDuelist:SevenCompleted","theDuelist:GravityLash","theDuelist:MillenniumShield","theDuelist:Mathematician"],"picked":"theDuelist:FeatherShot","floor":14.0},{"not_picked":["theDuelist:Wildfire","theDuelist:LightLaser","theDuelist:InstantFusion","theDuelist:ForbiddenLance"],"picked":"theDuelist:GravityLash","floor":16.0},{"not_picked":["theDuelist:GravityBlaster+1","theDuelist:MagicalStone+1","theDuelist:FrontierWiseman","theDuelist:PsychicShockwave"],"picked":"theDuelist:SangaEarth+1","floor":18.0},{"not_picked":["theDuelist:SpellShatteringArrow","theDuelist:PowerKaishin","theDuelist:MagnumShield","theDuelist:Hinotama"],"picked":"theDuelist:SpiritHarp","floor":19.0},{"not_picked":["theDuelist:VenomShot","theDuelist:PsychicShockwave","theDuelist:GiantTrunade","theDuelist:SilverApples+1"],"picked":"theDuelist:PreventRat+1","floor":21.0},{"not_picked":["theDuelist:Sangan","theDuelist:Wiretap","theDuelist:SolarWindJammer","theDuelist:LightningBlade"],"picked":"theDuelist:SwordsRevealing+1","floor":24.0},{"not_picked":["theDuelist:BattleOx","theDuelist:GauntletWarrior","theDuelist:MudragonSwamp+1","theDuelist:Sangan+1"],"picked":"theDuelist:WormWarlord","floor":27.0},{"not_picked":["theDuelist:RainbowNeos","theDuelist:KamionTimelord","theDuelist:HappyLover","theDuelist:RainbowOverdragon"],"picked":"theDuelist:RainbowKuriboh+1","floor":28},{"not_picked":["theDuelist:BattleOx+1","theDuelist:DestructPotion+1","theDuelist:LightningVortex+1","theDuelist:SphereKuriboh"],"picked":"theDuelist:FlameTiger","floor":29},{"not_picked":["theDuelist:DoubleTool","theDuelist:DarkBurningMagic","theDuelist:ScrapFactory","theDuelist:BlackPendant+1"],"picked":"theDuelist:SilentDoom","floor":31}],"player_experience":0,"relics_obtained":[{"floor":9.0,"key":"Lantern"},{"floor":10.0,"key":"Replay:Bottled Flurry"},{"floor":21.0,"key":"Red Mask"},{"floor":26.0,"key":"Simple Rune"}],"event_choices":[{"damage_healed":0.0,"max_hp_gain":0.0,"max_hp_loss":0.0,"gold_gain":0.0,"event_name":"Shining Light","player_choice":"Entered Light","floor":2.0,"gold_loss":0.0,"damage_taken":16.0,"cards_upgraded":["theDuelist:CastleWalls","theDuelist:ScrapFactory"]},{"damage_healed":26.0,"max_hp_gain":0.0,"max_hp_loss":0.0,"gold_gain":0.0,"event_name":"Big Fish","player_choice":"Banana","floor":7.0,"gold_loss":0.0,"damage_taken":0.0},{"damage_healed":0.0,"max_hp_gain":0.0,"max_hp_loss":0.0,"gold_gain":0.0,"event_name":"Masked Bandits","player_choice":"Fought Bandits","floor":21.0,"gold_loss":0.0,"damage_taken":0.0}],"is_beta":false,"boss_relics":[{"not_picked":["SacredBark","Replay:Ancient Bell"],"picked":"Astrolabe"}],"items_purged_floors":[],"is_endless":false,"potions_floor_spawned":[4,5,16,19,27,31],"killed_by":"Pondfish","ascension_level":0}}