{"host":"ow52dz0ufgwhhffk","time":1609168684,"event":{"mods":["Act Like it!","BaseMod","Conspire","Friendly Minions","Gensokyo","HololiveMod","Kiyohime£®«Âºß£©","Marisa£®ÏF”Í°°ƒß¿Ì…≥£©","Minty Spire (QoL Compilation)","MostiFishMod","Prisma Mod","Quick Restart","Reimu£®≤©¿ˆ¡È√Œ£©","Remilia£®¿Ÿ√◊¿Ú—«£©","StSLib","TestMod","The Servant 0.9.4","WarShipGirlsR/’ΩΩ¢…Ÿ≈ÆR mod","[IsaacMod]“‘»ˆº‚À˛","[JumpMod]ŒË∂Øº‚À˛"],"gold_per_floor":[110,110,124,135,135,168,168,168,168],"floor_reached":8,"playtime":447,"items_purged":[],"score":81,"play_id":"96d598eb-d119-46e7-94b9-d737b4f4d1fc","local_time":"20201228231804","is_ascension_mode":false,"campfire_choices":[{"data":"PrismaMod:ChloeCheapAttack","floor":7,"key":"SMITH"}],"circlet_count":0,"master_deck":["PrismaMod:ChloeCommonAttack","PrismaMod:ChloeCommonAttack","PrismaMod:ChloeCommonAttack","PrismaMod:ChloeCommonAttack","PrismaMod:ChloeCommonAttack","PrismaMod:ChloeCommonDefend","PrismaMod:ChloeCommonDefend","PrismaMod:ChloeCommonDefend","PrismaMod:ChloeCommonDefend","PrismaMod:ChloeCommonDefend","PrismaMod:ChloeCheapAttack","PrismaMod:ChloeCheapDefend","Bomb","PrismaMod:ChloeExhaustThree+1","PrismaMod:ChloeCheapAttack+1","PrismaMod:ChloeRuleBreaker","PrismaMod:ChloeAnyCommonTrace+1"],"relics":["PrismaMod:PrismaTraceOn","testmod-TestBox","HushsDoor","HowToJump","GuppysHead","testmod-Muramasa","BrkXgEgg","NeowsBlessing","SynthV:TestCard","DaveBox","BloodWine","Orichalcum"],"acts_visited":["Gensokyo:Gensokyo"],"potions_floor_usage":[],"damage_taken":[{"damage":0,"enemies":"Gensokyo:Gryphon","floor":1,"turns":1},{"damage":0,"enemies":"Gensokyo:2_Kodama","floor":3,"turns":2},{"damage":0,"enemies":"Gensokyo:3_Fairies","floor":4,"turns":1},{"damage":0,"enemies":"Gensokyo:Aya","floor":6,"turns":2},{"damage":2,"enemies":"Gensokyo:Cirno","floor":8,"turns":4}],"seed_played":"4490808473792822492","potions_obtained":[{"floor":1,"key":"PowerPotion"},{"floor":6,"key":"EntropicBrew"}],"is_trial":false,"path_per_floor":["M","?","M","M","?","E","R","E"],"character_chosen":"CHLOE","items_purchased":[],"campfire_rested":0,"item_purchase_floors":[],"current_hp_per_floor":[75,75,75,75,75,75,75,73,73],"gold":168,"neow_bonus":"THREE_ENEMY_KILL","is_daily":false,"chose_seed":false,"campfire_upgraded":1,"win_rate":0.0,"timestamp":1609168684,"path_taken":[],"items_purchased_type":[],"build_version":"2020-12-22","purchased_purges":0,"victory":false,"max_hp_per_floor":[],"card_choices":[],"player_experience":536686,"relics_obtained":[],"event_choices":[],"is_beta":false,"boss_relics":[],"items_purged_floors":[],"is_endless":false,"potions_floor_spawned":[],"killed_by":"Gensokyo:Cirno","ascension_level":0}}