{"host":"k653q14gphaoox56","time":1609122725,"event":{"mods":["BaseMod","Colored Map","Conspire","DeckTracker","Hubris","Infinite Spire","Minty Spire (QoL Compilation)","Replay The Spire","StSLib"],"gold_per_floor":[113,113,133,133,133,133,163,181,207,30,30,49,117,133,133,233,233,248,267,286,0,0,0,25,25,25,25,25,25,25],"floor_reached":30,"playtime":1786,"items_purged":[],"score":296,"play_id":"cd9c975c-dcdd-446d-8153-87275bf1e91a","local_time":"20201227213205","is_ascension_mode":false,"campfire_choices":[{"floor":6.0,"key":"REST"},{"floor":15.0,"key":"REST"},{"data":"hubris:Fate","floor":23,"key":"SMITH"},{"floor":25,"key":"REST"}],"circlet_count":0,"master_deck":["Defend_G","Defend_G+1","Defend_G","Defend_G+1","Defend_G","Neutralize","Deadly Poison","Poisoned Stab","Poisoned Stab","Deadly Poison","Infinite Blades","Trip","Trip","Sucker Punch","Draining Mist+1","hubris:Fate+1","Bane","Toxin Wave","Toxin Wave","Deflect","Burst","Dagger Spray","Deadly Poison","Deflect","Bite","Bite","Bite","Bite","Bite","infinitespire:NeuralNetwork","Bane","infinitespire:SevenWalls","Pot Of Greed","Pot Of Greed","Pot Of Greed"],"relics":["conspire:SeveredTorchhead","Blue Doll","conspire:Boomerang","Pen Nib","Gremlin Food","conspire:RoyalGoblet","infinitespire:Joker Card","hubris:Teleporter","Dream Catcher","hubris:Backtick","Grinning Jar"],"acts_visited":["Exordium","TheCity"],"potions_floor_usage":[20,24,24,24],"damage_taken":[{"damage":1.0,"enemies":"Cultist","floor":1.0,"turns":4.0},{"damage":3.0,"enemies":"Small Slimes","floor":3.0,"turns":4.0},{"damage":15.0,"enemies":"Gremlin Nob","floor":7.0,"turns":4.0},{"damage":0.0,"enemies":"2 Louse","floor":8.0,"turns":3.0},{"damage":0.0,"enemies":"Red Slaver","floor":12.0,"turns":1.0},{"damage":9.0,"enemies":"Lots of Slimes","floor":14.0,"turns":4.0},{"damage":22.0,"enemies":"Fading Forest","floor":16.0,"turns":11.0},{"damage":5,"enemies":"Spheric Guardian","floor":18,"turns":3},{"damage":7,"enemies":"3 Byrds","floor":19,"turns":3},{"damage":43,"enemies":"3 Cultists","floor":20,"turns":7},{"damage":37,"enemies":"Nightmare","floor":24,"turns":6},{"damage":20,"enemies":"Centurion and Healer","floor":30,"turns":1}],"seed_played":"3448532398162398217","potions_obtained":[{"floor":8.0,"key":"SpeedPotion"},{"floor":12.0,"key":"conspire:TimeTravelPotion"},{"floor":14.0,"key":"FearPotion"},{"floor":16.0,"key":"Elixir"},{"floor":19,"key":"Ancient Potion"},{"floor":20,"key":"AttackPotion"}],"is_trial":false,"path_per_floor":["M","?","M","?","?","R","E","M","T","$","?","M","?","M","R_BF","B",null,"M","M","M","?","?","R","NM","R","T","AVR","?","M"],"character_chosen":"THE_SILENT","items_purchased":["Infinite Blades","Trip","Sucker Punch","Draining Mist+1"],"campfire_rested":3,"item_purchase_floors":[10,10,10,10],"current_hp_per_floor":[69,69,66,48,48,69,54,54,54,54,37,37,37,28,49,39,70,65,58,33,33,33,33,6,20,20,20,13,0,0],"gold":25,"neow_bonus":"BOSS_RELIC","is_daily":false,"chose_seed":false,"campfire_upgraded":1,"win_rate":0.0,"timestamp":1609122725,"path_taken":["M","?","M","?","?","R","E","?","T","?","?","M","?","?","R_BF","BOSS","M","M","M","?","?","R","NM","R","T","AVR","?","M"],"items_purchased_type":["Card","Card","Card","Card"],"build_version":"2020-12-22","purchased_purges":0,"victory":false,"max_hp_per_floor":[70,70,70,70,70,70,70,70,70,70,70,70,70,70,70,70,70,70,70,70,70,49,49,49,49,49,49,54,54,54],"card_choices":[{"not_picked":["Crippling Poison","Underhanded Strike"],"picked":"Deadly Poison","floor":1.0},{"not_picked":["Underhanded Strike","ReplayTheSpireMod:Shiv Toss"],"picked":"Poisoned Stab","floor":3.0},{"not_picked":["Acrobatics","Terror"],"picked":"Poisoned Stab","floor":7.0},{"not_picked":["Blur","Deflect"],"picked":"Deadly Poison","floor":8.0},{"not_picked":["infinitespire:Menacing","hubris:Rewind"],"picked":"hubris:Fate","floor":11.0},{"not_picked":["Sucker Punch","Replay:Bag of Tricks"],"picked":"Bane","floor":12.0},{"not_picked":["Slice","ReplayTheSpireMod:Exploit Weakness"],"picked":"Toxin Wave","floor":13.0},{"not_picked":["Backflip","Heel Hook"],"picked":"Toxin Wave","floor":13.0},{"not_picked":["Sneak Up","Outmaneuver"],"picked":"Deflect","floor":14.0},{"not_picked":["Doppelganger","Malaise"],"picked":"Burst","floor":16.0},{"not_picked":["Sneak Up","Cloak And Dagger"],"picked":"Dagger Spray","floor":18},{"not_picked":["Dodge and Roll","Toxin Wave"],"picked":"Deadly Poison","floor":19},{"not_picked":["Flechettes","Slice"],"picked":"Deflect","floor":20},{"not_picked":["infinitespire:Punishment","infinitespire:TheBestDefense"],"picked":"infinitespire:NeuralNetwork","floor":24},{"not_picked":["hubris:SlightOfHand","Dagger Spray"],"picked":"Bane","floor":24}],"player_experience":118871,"relics_obtained":[{"floor":7.0,"key":"conspire:Boomerang"},{"floor":9.0,"key":"Pen Nib"},{"floor":13.0,"key":"Gremlin Food"},{"floor":24,"key":"infinitespire:Joker Card"},{"floor":26,"key":"hubris:Teleporter"}],"event_choices":[{"damage_healed":0.0,"max_hp_gain":0.0,"max_hp_loss":0.0,"gold_gain":0.0,"event_name":"Scrap Ooze","player_choice":"Success","floor":4.0,"gold_loss":0.0,"damage_taken":18.0,"relics_obtained":["Blue Doll"]},{"cards_removed":["Survivor"],"damage_healed":0.0,"max_hp_gain":0.0,"max_hp_loss":0.0,"gold_gain":0.0,"event_name":"Bonfire Elementals","player_choice":"Offered Basic","floor":5.0,"gold_loss":0.0,"damage_taken":0.0},{"damage_healed":0,"gold_gain":0,"player_choice":"Paid Fearfully","damage_taken":0,"max_hp_gain":0,"max_hp_loss":0,"event_name":"Masked Bandits","floor":21,"gold_loss":286},{"damage_healed":0,"gold_gain":0,"player_choice":"Became a vampire","damage_taken":0,"max_hp_gain":0,"max_hp_loss":21,"event_name":"Vampires","floor":22,"gold_loss":0,"cards_obtained":["Bite","Bite","Bite","Bite","Bite"]},{"damage_healed":0,"gold_gain":0,"player_choice":"Shed Blood","damage_taken":12,"max_hp_gain":5,"max_hp_loss":0,"event_name":"Forgotten Altar","floor":29,"gold_loss":0}],"is_beta":false,"boss_relics":[{"not_picked":["Snecko Eye","Cursed Key"],"picked":"conspire:RoyalGoblet"}],"items_purged_floors":[],"is_endless":true,"potions_floor_spawned":[8,12,14,16,19,20],"killed_by":"Centurion and Healer","ascension_level":0}}