{"host":"ilxricga2547gmyy","time":1609196665,"event":{"mods":["AchievementEnabler","BaseMod","Minty Spire (QoL Compilation)","Quick Restart","StSLib"],"gold_per_floor":[111,286,56,56,67,67,100,100,123,151,165,183,215,231,231,231,231],"floor_reached":16,"playtime":467,"items_purged":["Doubt"],"score":180,"play_id":"0d674b6d-a21d-42e2-85c1-544b229561c6","local_time":"20201229000425","is_ascension_mode":true,"campfire_choices":[{"data":"Bash","floor":6,"key":"SMITH"},{"floor":8,"key":"REST"},{"floor":15,"key":"REST"}],"circlet_count":0,"master_deck":["AscendersBane","Strike_R","Strike_R","Strike_R","Strike_R","Strike_R","Defend_R","Defend_R","Defend_R","Defend_R","Bash+1","Shrug It Off","Dropkick","Clothesline","Spot Weakness","Feed"],"relics":["Burning Blood","Sling","MealTicket","Matryoshka","Bag of Preparation","PreservedInsect","Boot","InkBottle"],"acts_visited":["Exordium"],"potions_floor_usage":[7,16],"damage_taken":[{"damage":14,"enemies":"Jaw Worm","floor":1,"turns":5},{"damage":1,"enemies":"2 Louse","floor":5,"turns":4},{"damage":22,"enemies":"Lagavulin","floor":7,"turns":4},{"damage":19,"enemies":"3 Sentries","floor":10,"turns":8},{"damage":8,"enemies":"Small Slimes","floor":11,"turns":4},{"damage":26,"enemies":"3 Louse","floor":12,"turns":5},{"damage":20,"enemies":"Lagavulin","floor":13,"turns":4},{"damage":15,"enemies":"Red Slaver","floor":14,"turns":3},{"damage":53,"enemies":"Hexaghost","floor":16,"turns":11}],"seed_played":"-1635375253084898159","potions_obtained":[{"floor":5,"key":"ColorlessPotion"},{"floor":7,"key":"Ancient Potion"},{"floor":11,"key":"Strength Potion"}],"is_trial":false,"path_per_floor":["M","?","$","?","M","R","E","R","T","E","M","M","E","M","R","B"],"character_chosen":"IRONCLAD","items_purchased":["Sling"],"campfire_rested":2,"item_purchase_floors":[3],"current_hp_per_floor":[72,72,72,65,70,70,54,80,80,67,65,45,31,22,48,0,0],"gold":231,"neow_bonus":"TEN_PERCENT_HP_BONUS","is_daily":false,"chose_seed":false,"campfire_upgraded":1,"win_rate":0.0,"timestamp":1609196665,"path_taken":["M","?","$","?","M","R","E","R","T","E","M","M","E","M","R","BOSS"],"items_purchased_type":["Relic"],"build_version":"2020-12-22","purchased_purges":1,"victory":false,"max_hp_per_floor":[88,88,88,88,88,88,88,88,88,88,88,88,88,88,88,88,88],"card_choices":[{"not_picked":["Headbutt","Warcry","Combust"],"picked":"SKIP","floor":1},{"not_picked":["Entrench","Headbutt"],"picked":"Shrug It Off","floor":5},{"not_picked":["Twin Strike","Havoc","True Grit"],"picked":"SKIP","floor":7},{"not_picked":["Thunderclap","Wild Strike"],"picked":"Dropkick","floor":10},{"not_picked":["Blood for Blood","Headbutt"],"picked":"Clothesline","floor":11},{"not_picked":["Power Through","Heavy Blade","Headbutt"],"picked":"SKIP","floor":12},{"not_picked":["Combust","Dual Wield"],"picked":"Spot Weakness","floor":13},{"not_picked":["Cleave","Wild Strike"],"picked":"Feed","floor":14}],"player_experience":263152,"relics_obtained":[{"floor":7,"key":"Matryoshka"},{"floor":9,"key":"Bag of Preparation"},{"floor":9,"key":"PreservedInsect"},{"floor":10,"key":"Boot"},{"floor":13,"key":"InkBottle"}],"event_choices":[{"damage_healed":0,"gold_gain":175,"player_choice":"AGREE","damage_taken":0,"max_hp_gain":0,"max_hp_loss":0,"event_name":"Liars Game","floor":2,"gold_loss":0,"cards_obtained":["Doubt"]},{"damage_healed":0,"gold_gain":0,"player_choice":"Success","damage_taken":7,"relics_obtained":["MealTicket"],"max_hp_gain":0,"max_hp_loss":0,"event_name":"Scrap Ooze","floor":4,"gold_loss":0}],"is_beta":false,"boss_relics":[],"items_purged_floors":[3],"is_endless":false,"potions_floor_spawned":[5,7,11],"killed_by":"Hexaghost","ascension_level":10}}