{"host":"e4hse1vg61zltgzv","time":1609154227,"event":{"mods":["AchievementEnabler","BaseMod","Block Reminder","Colored Map","DeckTracker","GifTheSpireLib","Minty Spire (QoL Compilation)","Rare Cards Sparkle","StSLib","SuperFastMode","everything is the same but u backflip on backflip"],"gold_per_floor":[117,117,129,141,141,141,158,158,185,256,256,285,303,336,336,417,417,437,437,228,243,193,193,213,247,272,294,318,332,196,226,226,306,306,320,336,347,366,157,157,205,243,243,280,306,340,357,371,371,371,371,371,371,50,84,84,84],"floor_reached":56,"playtime":2362,"items_purged":["Dualcast","Darkness+1","Zap","Parasite"],"score":2131,"play_id":"42c0f035-97fc-471b-b9c3-f4ceb7f4be1d","local_time":"20201228201707","is_ascension_mode":true,"campfire_choices":[{"data":"Darkness","floor":6.0,"key":"SMITH"},{"data":"Multi-Cast","floor":8.0,"key":"SMITH"},{"data":"Buffer","floor":11.0,"key":"SMITH"},{"data":"Biased Cognition","floor":15.0,"key":"SMITH"},{"data":"Machine Learning","floor":23.0,"key":"SMITH"},{"data":"Coolheaded","floor":32,"key":"SMITH"},{"data":"Amplify","floor":40,"key":"SMITH"},{"floor":49,"key":"RECALL"},{"data":"Creative AI","floor":53,"key":"SMITH"}],"circlet_count":0,"master_deck":["AscendersBane","Machine Learning+1","Biased Cognition+1","Multi-Cast+1","Leap","FTL","Buffer+1","BootSequence+1","Ball Lightning","Capacitor+1","Undo","Electrodynamics","Echo Form","Hologram+1","Conserve Battery","Coolheaded+1","Coolheaded+1","Amplify+1","Consume+1","Loop","Core Surge","Creative AI+1","Chill","Reboot","Heatsinks+1"],"relics":["Sozu","Happy Flower","CeramicFish","Runic Dome","Membership Card","Meat on the Bone","War Paint","Bag of Preparation","Nuclear Battery","Pear","Pocketwatch","Blood Vial","Blue Candle","MealTicket","Calipers","Centennial Puzzle","Nunchaku","Art of War"],"acts_visited":["Exordium","TheCity","TheBeyond","TheEnding"],"potions_floor_usage":[],"damage_taken":[{"damage":0.0,"enemies":"2 Louse","floor":1.0,"turns":2.0},{"damage":0.0,"enemies":"Small Slimes","floor":3.0,"turns":2.0},{"damage":0.0,"enemies":"Cultist","floor":4.0,"turns":3.0},{"damage":1.0,"enemies":"Looter","floor":7.0,"turns":2.0},{"damage":0.0,"enemies":"Gremlin Nob","floor":10.0,"turns":3.0},{"damage":0.0,"enemies":"Blue Slaver","floor":12.0,"turns":3.0},{"damage":0.0,"enemies":"Gremlin Gang","floor":13.0,"turns":3.0},{"damage":0.0,"enemies":"Gremlin Nob","floor":14.0,"turns":4.0},{"damage":0.0,"enemies":"Slime Boss","floor":16.0,"turns":4.0},{"damage":0.0,"enemies":"2 Thieves","floor":18.0,"turns":3.0},{"damage":16.0,"enemies":"Shell Parasite","floor":21.0,"turns":3.0},{"damage":0.0,"enemies":"Snake Plant","floor":24.0,"turns":2.0},{"damage":17.0,"enemies":"Gremlin Leader","floor":25.0,"turns":4.0},{"damage":0,"enemies":"Centurion and Healer","floor":27,"turns":4},{"damage":0,"enemies":"Snecko","floor":28,"turns":4},{"damage":0,"enemies":"Sentry and Sphere","floor":29,"turns":4},{"damage":1,"enemies":"Slavers","floor":31,"turns":2},{"damage":17,"enemies":"Collector","floor":33,"turns":6},{"damage":0,"enemies":"3 Darklings","floor":35,"turns":3},{"damage":0,"enemies":"3 Shapes","floor":36,"turns":1},{"damage":26,"enemies":"3 Darklings","floor":37,"turns":3},{"damage":0,"enemies":"4 Shapes","floor":38,"turns":1},{"damage":0,"enemies":"2 Orb Walkers","floor":41,"turns":1},{"damage":0,"enemies":"Nemesis","floor":42,"turns":7},{"damage":0,"enemies":"Giant Head","floor":44,"turns":7},{"damage":0,"enemies":"Writhing Mass","floor":45,"turns":5},{"damage":0,"enemies":"Mind Bloom Boss Battle","floor":46,"turns":7},{"damage":0,"enemies":"3 Darklings","floor":47,"turns":5},{"damage":0,"enemies":"4 Shapes","floor":48,"turns":2},{"damage":4,"enemies":"Donu and Deca","floor":50,"turns":5},{"damage":15,"enemies":"Time Eater","floor":51,"turns":9},{"damage":61,"enemies":"Shield and Spear","floor":55,"turns":8},{"damage":63,"enemies":"The Heart","floor":56,"turns":2}],"seed_played":"942756309018960600","potions_obtained":[],"is_trial":false,"path_per_floor":["M","?","M","M","?","R","M","R","T","?","R","M","M","E","R","B",null,"M","?","$","M","?","R","M","E","T","M","M","M","$","E","R","B",null,"M","M","M","M","$","R","?","E","T","E","M","?","M","M","R","B","B",null,"R","$","E","B"],"character_chosen":"DEFECT","items_purchased":["Membership Card","Coolheaded","War Paint","Pear","Loop","Centennial Puzzle","Nunchaku","Reboot"],"campfire_rested":0,"item_purchase_floors":[20,30,30,39,39,54,54,54],"current_hp_per_floor":[64,57,57,57,53,53,52,52,52,52,52,52,52,52,52,52,66,66,66,66,50,50,50,50,33,33,45,45,45,45,44,44,39,63,63,63,37,37,47,47,47,47,47,49,51,53,55,57,57,55,42,71,71,78,29,0,0],"gold":84,"neow_bonus":"BOSS_RELIC","is_daily":false,"chose_seed":false,"campfire_upgraded":8,"win_rate":0.0,"timestamp":1609154227,"path_taken":["M","?","M","M","?","R","?","R","T","?","R","M","M","E","R","BOSS","M","?","$","?","?","R","M","E","T","M","M","M","$","E","R","BOSS","M","M","?","M","$","R","?","E","T","E","M","?","M","M","R","BOSS","BOSS","R","$","E","BOSS"],"items_purchased_type":["Relic","Card","Relic","Relic","Card","Relic","Relic","Card"],"build_version":"2020-12-22","purchased_purges":4,"victory":false,"max_hp_per_floor":[71,71,71,71,71,71,71,71,71,71,71,71,71,71,71,71,71,71,71,71,71,71,71,71,71,71,71,71,71,71,71,71,71,71,71,71,71,71,81,81,81,81,81,81,81,81,81,81,81,81,81,81,81,78,78,78,78],"card_choices":[{"not_picked":["Rebound","Double Energy"],"picked":"Darkness","floor":1.0},{"not_picked":["White Noise","Stack"],"picked":"Ball Lightning","floor":3.0},{"not_picked":["Cold Snap","Compile Driver","Darkness"],"picked":"SKIP","floor":4.0},{"not_picked":["Rebound","Ball Lightning"],"picked":"Capacitor","floor":7.0},{"not_picked":["Gash","Rebound"],"picked":"Undo","floor":10.0},{"not_picked":["Leap","Self Repair"],"picked":"Electrodynamics","floor":12.0},{"not_picked":["Redo","Leap","Streamline"],"picked":"SKIP","floor":13.0},{"not_picked":["Darkness","Streamline","Meteor Strike"],"picked":"SKIP","floor":14.0},{"not_picked":["Thunder Strike","All For One"],"picked":"Echo Form","floor":16.0},{"not_picked":["Redo","Aggregate","Reprogram"],"picked":"SKIP","floor":18.0},{"not_picked":["Streamline","Cold Snap","BootSequence"],"picked":"SKIP","floor":21.0},{"not_picked":["Hologram","Rip and Tear","Melter"],"picked":"SKIP","floor":24.0},{"not_picked":["Rip and Tear","Melter"],"picked":"Hologram","floor":24.0},{"not_picked":["Barrage","Gash+1","Defragment"],"picked":"SKIP","floor":25.0},{"not_picked":["Rebound","Hologram"],"picked":"Conserve Battery","floor":27},{"not_picked":["Go for the Eyes","Steam"],"picked":"Coolheaded+1","floor":28},{"not_picked":["Rebound","Beam Cell","Ball Lightning"],"picked":"SKIP","floor":29},{"not_picked":["Glacier","Stack","Hyperbeam"],"picked":"SKIP","floor":31},{"not_picked":["Biased Cognition","Buffer"],"picked":"Amplify","floor":33},{"not_picked":["Rip and Tear","Barrage","Conserve Battery"],"picked":"SKIP","floor":35},{"not_picked":["Coolheaded+1","Storm+1","FTL+1"],"picked":"SKIP","floor":36},{"not_picked":["Sweeping Beam","Hologram","Steam+1"],"picked":"SKIP","floor":37},{"not_picked":["Cold Snap","Redo"],"picked":"Consume+1","floor":38},{"not_picked":["Chill+1","Turbo+1"],"picked":"Core Surge","floor":42},{"not_picked":["Ball Lightning","Sunder"],"picked":"Creative AI","floor":44},{"not_picked":["Hello World+1","Melter","FTL"],"picked":"SKIP","floor":45},{"not_picked":["Barrage","Compile Driver+1"],"picked":"Chill","floor":46},{"not_picked":["Leap+1","Fusion","Coolheaded"],"picked":"SKIP","floor":47},{"not_picked":["Gash","Chaos","Hologram"],"picked":"SKIP","floor":48},{"not_picked":["Meteor Strike","Conserve Battery+1"],"picked":"Heatsinks+1","floor":55}],"player_experience":761934,"relics_obtained":[{"floor":9.0,"key":"Happy Flower"},{"floor":25.0,"key":"Meat on the Bone"},{"floor":31,"key":"Bag of Preparation"},{"floor":41,"key":"Pocketwatch"},{"floor":42,"key":"Blood Vial"},{"floor":43,"key":"Blue Candle"},{"floor":44,"key":"MealTicket"},{"floor":46,"key":"Calipers"},{"floor":55,"key":"Art of War"}],"event_choices":[{"cards_removed":["Stack"],"damage_healed":0.0,"max_hp_gain":0.0,"max_hp_loss":0.0,"gold_gain":0.0,"event_name":"Golden Wing","player_choice":"Card Removal","floor":2.0,"gold_loss":0.0,"damage_taken":7.0},{"damage_healed":0.0,"max_hp_gain":0.0,"max_hp_loss":0.0,"gold_gain":0.0,"event_name":"The Woman in Blue","player_choice":"Bought 0 Potions","floor":5.0,"gold_loss":0.0,"damage_taken":0.0},{"damage_healed":0.0,"max_hp_gain":0.0,"max_hp_loss":0.0,"gold_gain":0.0,"event_name":"Dead Adventurer","player_choice":"Searched \u00272\u0027 times","floor":10.0,"gold_loss":0.0,"damage_taken":0.0,"relics_obtained":["CeramicFish"]},{"damage_healed":0.0,"max_hp_gain":0.0,"max_hp_loss":0.0,"gold_gain":0.0,"event_name":"Upgrade Shrine","player_choice":"Upgraded","floor":19.0,"gold_loss":0.0,"damage_taken":0.0,"cards_upgraded":["Capacitor"]},{"damage_healed":0.0,"max_hp_gain":0.0,"max_hp_loss":0.0,"gold_gain":0.0,"event_name":"The Joust","player_choice":"Bet on Murderer","floor":22.0,"gold_loss":50.0,"damage_taken":0.0},{"damage_healed":0,"gold_gain":0,"player_choice":"Fight","damage_taken":0,"max_hp_gain":0,"max_hp_loss":0,"event_name":"Mysterious Sphere","floor":41,"gold_loss":0},{"damage_healed":0,"gold_gain":0,"player_choice":"Fight","damage_taken":0,"max_hp_gain":0,"max_hp_loss":0,"event_name":"MindBloom","floor":46,"gold_loss":0}],"is_beta":false,"boss_relics":[{"not_picked":["Calling Bell","Ectoplasm"],"picked":"Runic Dome"},{"not_picked":["SacredBark","Fusion Hammer"],"picked":"Nuclear Battery"}],"items_purged_floors":[20,30,39,54],"is_endless":false,"potions_floor_spawned":[4,10,12,14,21,29,31,36,38,44,46,48],"killed_by":"The Heart","ascension_level":20}}