{"host":"Shugu","time":1609144662,"event":{"mods":["BaseMod","Colored Powertips","Minty Spire (QoL Compilation)","Waifu the Spire"],"gold_per_floor":[117,192,34,47,47,73,85,111,111,111,142,142,92,112,112,112,112],"floor_reached":16,"playtime":781,"items_purged":["Strike_R"],"score":159,"play_id":"54884288-cc79-4bfe-9220-11952a32a95f","local_time":"20201228163742","is_ascension_mode":true,"campfire_choices":[{"floor":10,"key":"REST"},{"floor":12,"key":"REST"},{"floor":15,"key":"REST"}],"circlet_count":0,"master_deck":["Strike_R","Strike_R","Strike_R","Defend_R","Defend_R","Defend_R","Defend_R","Bash","Dropkick","Headbutt","Shockwave","Thunderclap","Shockwave","Warcry","Warcry"],"relics":["Burning Blood","Happy Flower","Mummified Hand","Oddly Smooth Stone"],"acts_visited":["Exordium"],"potions_floor_usage":[8,8],"damage_taken":[{"damage":11.0,"enemies":"2 Louse","floor":1.0,"turns":4.0},{"damage":4.0,"enemies":"Cultist","floor":4.0,"turns":4.0},{"damage":44.0,"enemies":"Lagavulin","floor":6.0,"turns":8.0},{"damage":0,"enemies":"Jaw Worm","floor":7,"turns":3},{"damage":18,"enemies":"3 Sentries","floor":8,"turns":7},{"damage":38,"enemies":"Gremlin Nob","floor":11,"turns":5},{"damage":13,"enemies":"Large Slime","floor":14,"turns":6},{"damage":56,"enemies":"Slime Boss","floor":16,"turns":7}],"seed_played":"4340824130468391184","potions_obtained":[{"floor":6.0,"key":"DistilledChaos"},{"floor":7,"key":"Dexterity Potion"}],"is_trial":false,"path_per_floor":["M","?","$","M","$","E","M","E","T","R","E","R","?","M","R","B"],"character_chosen":"IRONCLAD","items_purchased":["Shockwave","Thunderclap"],"campfire_rested":3,"item_purchase_floors":[3,3],"current_hp_per_floor":[67,59,59,61,61,23,29,17,17,41,9,33,33,26,50,0,0],"gold":112,"neow_bonus":"THREE_CARDS","is_daily":false,"chose_seed":false,"campfire_upgraded":0,"win_rate":0.0,"timestamp":1609144662,"path_taken":["M","?","?","M","$","E","M","E","T","R","E","R","?","M","R","BOSS"],"items_purchased_type":["Card","Card"],"build_version":"2020-12-18","purchased_purges":1,"victory":false,"max_hp_per_floor":[80,80,80,80,80,80,80,80,80,80,80,80,80,80,80,80,80],"card_choices":[{"not_picked":["Blood for Blood","Hemokinesis"],"picked":"Dropkick","floor":0.0},{"not_picked":["Iron Wave","Twin Strike"],"picked":"Headbutt","floor":1.0},{"not_picked":["Havoc","Warcry"],"picked":"Shockwave","floor":4.0},{"not_picked":["Metallicize","Havoc"],"picked":"Warcry","floor":6.0},{"not_picked":["Rupture","Twin Strike"],"picked":"Warcry","floor":7},{"not_picked":["Rage","Anger","Pummel"],"picked":"SKIP","floor":8},{"not_picked":["Twin Strike","Clothesline","Shockwave"],"picked":"SKIP","floor":11},{"not_picked":["Carnage","Twin Strike","Blood for Blood"],"picked":"SKIP","floor":14}],"player_experience":355284,"relics_obtained":[{"floor":6.0,"key":"Happy Flower"},{"floor":8,"key":"Mummified Hand"},{"floor":11,"key":"Oddly Smooth Stone"}],"event_choices":[{"damage_healed":0.0,"max_hp_gain":0.0,"max_hp_loss":0.0,"gold_gain":75.0,"event_name":"FaceTrader","player_choice":"Touch","floor":2.0,"gold_loss":0.0,"damage_taken":8.0},{"cards_removed":["Strike_R"],"damage_healed":0,"gold_gain":0,"player_choice":"Card Removal","damage_taken":0,"max_hp_gain":0,"max_hp_loss":0,"event_name":"The Cleric","floor":13,"gold_loss":50}],"is_beta":true,"boss_relics":[],"items_purged_floors":[3],"is_endless":false,"potions_floor_spawned":[6,7],"killed_by":"Slime Boss","ascension_level":7}}