{"host":"9d83omykrosjn1d3","time":1609152564,"event":{"mods":["AchievementEnabler","BaseMod","BetterRewards","Card Forge","Downfall","Hubris","Minty Spire (QoL Compilation)","Permanent Neow","Shop Mod","StSLib","SuperFastMode","The Construct"],"gold_per_floor":[116,116,291,291,311,311,345,345,345,380,399,85,124,143,143,253,253,277,352,175,199,219,244,258,287,287,297,310,339,363,394,394,495,495,514,529,529,429,445,485,512,512,559,570,591,616,616,616,625,625,625,625,812,846,846],"floor_reached":56,"playtime":2548,"items_purged":[],"score":2372,"play_id":"45101228-8464-41ad-aa32-061af3fd00c6","local_time":"20201228194924","is_ascension_mode":true,"campfire_choices":[{"data":"construct:ClockworkEgg+3","floor":6,"key":"SMITH"},{"floor":8,"key":"RECALL"},{"data":"construct:ClockworkEgg+3","floor":15,"key":"SMITH"},{"floor":32,"key":"REST"},{"floor":47,"key":"DIG"},{"floor":49,"key":"REST"},{"floor":52,"key":"REST"}],"circlet_count":17,"master_deck":["Escape Plan+1","Deadly Poison+1","construct:ClockworkEgg+4","Noxious Fumes+1","Adrenaline+1","Corpse Explosion+1","Backflip+1","Acrobatics+1","Vault+1","Catalyst+1","Adrenaline+1"],"relics":["Hammer of Thor","Seething Fire","Anvil of the Gods","Black Star","construct:ClockworkPhoenix","Happy Flower","hubris:OldNail","hubris:AncientText","Ancient Tea Set","Akabeko","Guardian:PocketSentry","Tingsha","CeramicFish","Bag of Preparation","Strange Spoon","hubris:TinFlute","PreservedInsect","hubris:PeanutButter","Nunchaku","hubris:BundleOfHerbs","Bottled Tornado","Omamori","Whetstone","Boot","Sozu","Peace Pipe","Gremlin Horn","MerchantsRug","Darkstone Periapt","Vajra","Bag of Marbles","hubris:TenFootPole","Dream Catcher","MealTicket","Potion Belt","Art of War","Mercury Hourglass","hubris:GlazedTorus","hubris:SlimyHat","construct:FoamFinger","Blood Vial","Lantern","Toy Ornithopter","Anchor","Tiny Chest","Bronze Scales","Oddly Smooth Stone","hubris:DisguiseKit","War Paint","Snake Skull","White Beast Statue","hubris:Metronome","Regal Pillow","Orichalcum","hubris:DeckOfHolding","Strawberry","hubris:ToyBattleship","construct:BoolHorns","Bottled Lightning","StrikeDummy","Eternal Feather","hubris:MysteriousPyramids","HornCleat","hubris:Reverence","Question Card","hubris:TerracottaHorce","Shovel","Matryoshka","Meat on the Bone","Ornamental Fan","Calipers","Pear","The Courier","hubris:Towel","Pantograph","Thread and Needle","hubris:SphereOfDissonance","Singing Bowl","Pocketwatch","Mummified Hand","CaptainsWheel","Sundial","hubris:DuctTape","hubris:CrystalStatue","Bird Faced Urn","Paper Crane","hubris:64BitClover","Prayer Wheel","Turnip","Mango","hubris:Potato","hubris:Zylophone","Incense Burner","Ice Cream","Lizard Tail","hubris:MedicalManual","hubris:CuriousFeather","Tough Bandages","Circlet","TheAbacus","Frozen Eye","hubris:FruitBowl","hubris:EvacipatedBox","hubris:Macrotransations"],"acts_visited":[],"potions_floor_usage":[],"damage_taken":[{"damage":6,"enemies":"2 Louse","floor":1,"turns":7},{"damage":0,"enemies":"Cultist","floor":5,"turns":4},{"damage":12,"enemies":"3 Sentries","floor":7,"turns":14},{"damage":43,"enemies":"Gremlin Nob","floor":10,"turns":6},{"damage":0,"enemies":"Jaw Worm","floor":11,"turns":2},{"damage":0,"enemies":"Lagavulin","floor":13,"turns":5},{"damage":0,"enemies":"2 Fungi Beasts","floor":14,"turns":3},{"damage":0,"enemies":"Hexaghost","floor":16,"turns":5},{"damage":0,"enemies":"Chosen","floor":18,"turns":2},{"damage":0,"enemies":"Shell Parasite","floor":21,"turns":2},{"damage":0,"enemies":"Snecko","floor":22,"turns":3},{"damage":0,"enemies":"Book of Stabbing","floor":23,"turns":2},{"damage":0,"enemies":"Centurion and Healer","floor":24,"turns":2},{"damage":0,"enemies":"Slavers","floor":25,"turns":3},{"damage":0,"enemies":"Snake Plant","floor":27,"turns":1},{"damage":0,"enemies":"Shelled Parasite and Fungi","floor":28,"turns":2},{"damage":0,"enemies":"Gremlin Leader","floor":29,"turns":2},{"damage":0,"enemies":"Centurion and Healer","floor":30,"turns":1},{"damage":0,"enemies":"Cultist and Chosen","floor":31,"turns":1},{"damage":0,"enemies":"Champ","floor":33,"turns":1},{"damage":0,"enemies":"3 Darklings","floor":35,"turns":1},{"damage":0,"enemies":"3 Shapes","floor":36,"turns":1},{"damage":0,"enemies":"Spire Growth","floor":39,"turns":1},{"damage":0,"enemies":"Reptomancer","floor":40,"turns":1},{"damage":0,"enemies":"3 Darklings","floor":41,"turns":1},{"damage":0,"enemies":"Transient","floor":44,"turns":3},{"damage":0,"enemies":"Sphere and 2 Shapes","floor":45,"turns":2},{"damage":0,"enemies":"Giant Head","floor":46,"turns":1},{"damage":0,"enemies":"Donu and Deca","floor":50,"turns":1},{"damage":0,"enemies":"Shield and Spear","floor":54,"turns":1},{"damage":0,"enemies":"The Heart","floor":55,"turns":3}],"seed_played":"2190556107890598117","potions_obtained":[{"floor":11,"key":"hexamod:EctoCoolerPotion"}],"is_trial":false,"path_per_floor":["M","?","?","?","M","R","E","R","T","E","M","$","E","M","R","B",null,"M","?","$","M","M","E","M","E","T","M","M","E","M","M","R","B",null,"M","M","?","NS","M","E","M","?","T","M","M","E","R","$","R","B",null,"R","$","E","B",null],"character_chosen":"THE_SILENT","items_purchased":["Bag of Preparation","Strange Spoon","Noxious Fumes+1","MerchantsRug","Footwork+1","TheAbacus","Frozen Eye","hubris:FruitBowl","hubris:EvacipatedBox","hubris:Macrotransations"],"campfire_rested":3,"item_purchase_floors":[12,12,12,20,20,48,48,48,48,48],"current_hp_per_floor":[64,64,64,64,64,64,52,52,52,9,9,9,9,9,9,9,70,70,63,63,63,63,63,63,65,65,67,69,70,77,77,77,77,77,77,87,87,87,89,91,105,105,105,109,111,113,113,36,90,113,113,116,116,119,119],"gold":846,"neow_bonus":"BOSS_RELIC","is_daily":false,"chose_seed":false,"campfire_upgraded":2,"win_rate":0.0,"timestamp":1609152564,"path_taken":["M","?","?","?","M","R","E","R","T","E","?","?","E","M","R","BOSS","M","?","$","M","?","E","M","E","T","M","M","E","M","M","R","BOSS","M","M","?","NS","M","E","M","?","T","M","M","E","R","?","R","BOSS","R","$","E","BOSS"],"items_purchased_type":["Relic","Relic","Card","Relic","Card","Relic","Relic","Relic","Relic","Relic"],"build_version":"2020-12-22","purchased_purges":0,"victory":true,"max_hp_per_floor":[70,70,70,70,70,70,70,70,70,70,70,70,70,70,70,70,70,70,70,70,70,70,70,70,70,70,70,70,70,77,77,77,77,77,77,87,87,87,89,91,105,105,105,109,111,113,113,113,113,113,113,116,116,119,119],"card_choices":[{"not_picked":["Backflip+1","Underhanded Strike+1"],"picked":"Cloak And Dagger+1","floor":1},{"not_picked":["Dagger Spray+1","Well Laid Plans+1"],"picked":"Escape Plan+1","floor":5},{"not_picked":["Bouncing Flask+1","hubris:Counter+1","Choke+1"],"picked":"SKIP","floor":7},{"not_picked":["Wraith Form v2+1","Backflip+1"],"picked":"Deadly Poison+1","floor":10},{"not_picked":["Backflip+1","Dagger Throw+1"],"picked":"Noxious Fumes+1","floor":11},{"not_picked":["Leg Sweep+1","Sucker Punch+1"],"picked":"Adrenaline+1","floor":13},{"not_picked":["All Out Attack+1","Underhanded Strike+1","Flechettes+1"],"picked":"SKIP","floor":14},{"not_picked":["Phantasmal Killer+1","Envenom+1"],"picked":"Corpse Explosion+1","floor":16},{"not_picked":["PiercingWail+1","Dagger Throw+1"],"picked":"Backflip+1","floor":18},{"not_picked":["Quick Slash+1","Underhanded Strike+1"],"picked":"Backflip+1","floor":21},{"not_picked":["Venomology+1","Poisoned Stab+1","Predator+1"],"picked":"SKIP","floor":22},{"not_picked":["Die Die Die+1","Grand Finale+1","Malaise+1"],"picked":"SKIP","floor":23},{"not_picked":["Underhanded Strike+1","Bane+1","hubris:Sniper+1"],"picked":"SKIP","floor":24},{"not_picked":["Well Laid Plans+1","Outmaneuver+1","Skewer+1"],"picked":"SKIP","floor":25},{"not_picked":["Deadly Poison+1","hubris:TrickCloak+1","Underhanded Strike+1"],"picked":"SKIP","floor":27},{"not_picked":["Bouncing Flask+1","Flying Knee+1","Cloak And Dagger+1","Protect"],"picked":"SKIP","floor":28},{"not_picked":["Bane+1","Crippling Poison+1","Poisoned Stab+1","Study"],"picked":"SKIP","floor":29},{"not_picked":["Dodge and Roll+1","Outmaneuver+1","LikeWater"],"picked":"Acrobatics+1","floor":30},{"not_picked":["Dagger Spray+1","Acrobatics+1","Indignation"],"picked":"Catalyst+1","floor":31},{"not_picked":["Dagger Spray+1","Deflect+1","Dagger Throw+1","Outmaneuver+1","EmptyBody"],"picked":"SKIP","floor":35},{"not_picked":["Escape Plan+1","Underhanded Strike+1","Flying Knee+1","Endless Agony+1","CarveReality"],"picked":"SKIP","floor":36},{"not_picked":["Bane+1","Flechettes+1","Acrobatics+1","hubris:Sniper+1","EmptyFist"],"picked":"Singing Bowl","floor":39},{"not_picked":["Heel Hook+1","Underhanded Strike+1","Leg Sweep+1","Prepared+1","FlurryOfBlows"],"picked":"Singing Bowl","floor":40},{"not_picked":["hubris:TrickCloak+1","Sucker Punch+1","Deadly Poison+1","PiercingWail+1"],"picked":"Vault","floor":41},{"not_picked":["Predator+1","Deadly Poison+1","Skewer+1","Flying Knee+1","FlurryOfBlows"],"picked":"Singing Bowl","floor":44},{"not_picked":["Sucker Punch+1","Burst+1","PiercingWail+1","Accuracy+1","PathToVictory"],"picked":"Singing Bowl","floor":44},{"not_picked":["PiercingWail+1","Terror+1","Outmaneuver+1","Consecrate"],"picked":"Catalyst+1","floor":45},{"not_picked":["Predator+1","Bane+1","Noxious Fumes+1","Infinite Blades+1","FlyingSleeves"],"picked":"Singing Bowl","floor":45},{"not_picked":["Underhanded Strike+1","Backflip+1","Sucker Punch+1","Deflect+1","Consecrate"],"picked":"Singing Bowl","floor":46},{"not_picked":["Skewer+1","Caltrops+1","Sucker Punch+1","MentalFortress"],"picked":"Adrenaline+1","floor":49},{"not_picked":["Expertise+1","Bane+1","Blur+1","Masterful Stab+1","BowlingBash"],"picked":"Singing Bowl","floor":52},{"not_picked":["hubris:SlightOfHand+1","Outmaneuver","Poisoned Stab+1","Dagger Throw","Tantrum"],"picked":"Singing Bowl","floor":54}],"player_experience":690378,"relics_obtained":[{"floor":7,"key":"Happy Flower"},{"floor":7,"key":"hubris:OldNail"},{"floor":7,"key":"hubris:AncientText"},{"floor":9,"key":"Ancient Tea Set"},{"floor":10,"key":"Akabeko"},{"floor":10,"key":"Guardian:PocketSentry"},{"floor":10,"key":"Tingsha"},{"floor":11,"key":"CeramicFish"},{"floor":13,"key":"hubris:TinFlute"},{"floor":13,"key":"PreservedInsect"},{"floor":13,"key":"hubris:PeanutButter"},{"floor":13,"key":"Nunchaku"},{"floor":14,"key":"hubris:BundleOfHerbs"},{"floor":14,"key":"Bottled Tornado"},{"floor":16,"key":"Omamori"},{"floor":16,"key":"Whetstone"},{"floor":16,"key":"Boot"},{"floor":18,"key":"Peace Pipe"},{"floor":18,"key":"Gremlin Horn"},{"floor":21,"key":"Darkstone Periapt"},{"floor":21,"key":"Vajra"},{"floor":22,"key":"Bag of Marbles"},{"floor":22,"key":"hubris:TenFootPole"},{"floor":22,"key":"Dream Catcher"},{"floor":22,"key":"MealTicket"},{"floor":23,"key":"Potion Belt"},{"floor":23,"key":"Art of War"},{"floor":23,"key":"Mercury Hourglass"},{"floor":23,"key":"hubris:GlazedTorus"},{"floor":23,"key":"hubris:SlimyHat"},{"floor":24,"key":"construct:FoamFinger"},{"floor":24,"key":"Blood Vial"},{"floor":25,"key":"Lantern"},{"floor":25,"key":"Toy Ornithopter"},{"floor":25,"key":"Anchor"},{"floor":25,"key":"Tiny Chest"},{"floor":27,"key":"Bronze Scales"},{"floor":27,"key":"Oddly Smooth Stone"},{"floor":27,"key":"hubris:DisguiseKit"},{"floor":28,"key":"War Paint"},{"floor":28,"key":"Snake Skull"},{"floor":29,"key":"White Beast Statue"},{"floor":29,"key":"hubris:Metronome"},{"floor":29,"key":"Regal Pillow"},{"floor":29,"key":"Orichalcum"},{"floor":30,"key":"hubris:DeckOfHolding"},{"floor":30,"key":"Strawberry"},{"floor":30,"key":"hubris:ToyBattleship"},{"floor":30,"key":"construct:BoolHorns"},{"floor":30,"key":"Bottled Lightning"},{"floor":31,"key":"StrikeDummy"},{"floor":31,"key":"Eternal Feather"},{"floor":31,"key":"hubris:MysteriousPyramids"},{"floor":33,"key":"HornCleat"},{"floor":33,"key":"hubris:Reverence"},{"floor":33,"key":"Question Card"},{"floor":35,"key":"Shovel"},{"floor":35,"key":"Matryoshka"},{"floor":35,"key":"Meat on the Bone"},{"floor":36,"key":"Ornamental Fan"},{"floor":36,"key":"Calipers"},{"floor":36,"key":"Pear"},{"floor":36,"key":"The Courier"},{"floor":39,"key":"Pantograph"},{"floor":39,"key":"Thread and Needle"},{"floor":39,"key":"hubris:SphereOfDissonance"},{"floor":39,"key":"Singing Bowl"},{"floor":39,"key":"Pocketwatch"},{"floor":39,"key":"Mummified Hand"},{"floor":40,"key":"CaptainsWheel"},{"floor":40,"key":"Sundial"},{"floor":40,"key":"hubris:DuctTape"},{"floor":40,"key":"hubris:CrystalStatue"},{"floor":40,"key":"Bird Faced Urn"},{"floor":40,"key":"Paper Crane"},{"floor":41,"key":"hubris:64BitClover"},{"floor":41,"key":"Prayer Wheel"},{"floor":41,"key":"Turnip"},{"floor":41,"key":"Mango"},{"floor":43,"key":"hubris:Potato"},{"floor":43,"key":"hubris:Zylophone"},{"floor":44,"key":"Incense Burner"},{"floor":44,"key":"Ice Cream"},{"floor":44,"key":"Lizard Tail"},{"floor":44,"key":"hubris:MedicalManual"},{"floor":44,"key":"hubris:CuriousFeather"},{"floor":44,"key":"Tough Bandages"},{"floor":45,"key":"Circlet"},{"floor":45,"key":"Circlet"},{"floor":45,"key":"Circlet"},{"floor":45,"key":"Circlet"},{"floor":45,"key":"Circlet"},{"floor":45,"key":"Circlet"},{"floor":46,"key":"Circlet"},{"floor":46,"key":"Circlet"},{"floor":46,"key":"Circlet"},{"floor":46,"key":"Circlet"},{"floor":46,"key":"Circlet"},{"floor":46,"key":"Circlet"},{"floor":46,"key":"Circlet"},{"floor":46,"key":"Circlet"},{"floor":47,"key":"Circlet"},{"floor":54,"key":"Circlet"},{"floor":54,"key":"Circlet"}],"event_choices":[{"damage_healed":0,"gold_gain":0,"player_choice":"Leave","damage_taken":0,"max_hp_gain":0,"max_hp_loss":0,"event_name":"The Cleric","floor":2,"gold_loss":0},{"damage_healed":0,"gold_gain":175,"player_choice":"AGREE","damage_taken":0,"max_hp_gain":0,"max_hp_loss":0,"event_name":"Liars Game","floor":3,"gold_loss":0,"cards_obtained":["Doubt"]},{"damage_healed":0,"gold_gain":0,"cards_transformed":["Strike_G"],"player_choice":"Transformed","damage_taken":0,"max_hp_gain":0,"max_hp_loss":0,"event_name":"Transmorgrifier","floor":4,"gold_loss":0,"cards_obtained":["Catalyst"]},{"damage_healed":0,"gold_gain":75,"player_choice":"Touch","damage_taken":7,"max_hp_gain":0,"max_hp_loss":0,"event_name":"FaceTrader","floor":19,"gold_loss":0},{"cards_removed":["construct:ClockworkEgg"],"damage_healed":0,"gold_gain":0,"player_choice":"Removed Skill","damage_taken":0,"max_hp_gain":0,"max_hp_loss":0,"event_name":"Falling","floor":42,"gold_loss":0}],"is_beta":false,"boss_relics":[{"not_picked":["HoveringKite","SlaversCollar"],"picked":"Sozu"},{"not_picked":["Tiny House","SacredBark"],"picked":"hubris:TerracottaHorce"}],"items_purged_floors":[],"is_endless":false,"potions_floor_spawned":[11,18,28,54],"ascension_level":8}}