{"host":"odz7g4gpgch153rb","time":1609182705,"event":{"mods":["AchievementEnabler","BaseMod","Better Match","Better Third Choice","BetterRewards","GifTheSpireLib","Infinite Spire","Jedi Mod","Minty Spire (QoL Compilation)","Quick Restart","Replay The Spire","Spikes Relics","StSLib","Stuff the Spire","The Blue Laboratory","Trackpad"],"gold_per_floor":[115,12,12,30,80,80,90,92,92,92,119,10,24,42,42,52,52,129,129,108,118,118,118,138,172,172,182,182],"floor_reached":27,"playtime":1929,"items_purged":["betterMatch:CurseCard","Strike_B","Strike_B"],"score":581,"play_id":"eb39b950-357d-4613-af91-6c3fd732cbf1","local_time":"20201228141145","is_ascension_mode":true,"campfire_choices":[{"floor":6,"key":"REST"},{"floor":15,"key":"REST"},{"floor":26,"key":"REST"}],"circlet_count":0,"master_deck":["AscendersBane","Strike_B+1","Defend_B","Defend_B+1","Defend_B","Defend_B","Zap","Dualcast","Defragment","StuffTheSpire:Synthwave","Replay:Bootleg Shield Generator","Leap","Recycle+1","infinitespire:TheBestDefense","Ball Lightning"],"relics":["Cracked Core","Pocketwatch","ReplayTheSpireMod:CursedCoin","Pondfish Scales","infinitespire:Midas Blood","Centennial Puzzle","Busted Crown","Kunai","jedi:matchstick"],"acts_visited":["Exordium","TheCity"],"potions_floor_usage":[25],"damage_taken":[{"damage":0,"enemies":"Jaw Worm","floor":1,"turns":3},{"damage":5,"enemies":"Small Slimes","floor":4,"turns":3},{"damage":0,"enemies":"Cultist","floor":7,"turns":3},{"damage":8,"enemies":"Looter","floor":13,"turns":3},{"damage":6,"enemies":"Blue Slaver","floor":14,"turns":3},{"damage":0,"enemies":"2 Fungi Beasts","floor":16,"turns":3},{"damage":19,"enemies":"The Guardian","floor":18,"turns":10},{"damage":19,"enemies":"2 Thieves","floor":20,"turns":5},{"damage":0,"enemies":"Shell Parasite","floor":21,"turns":9},{"damage":14,"enemies":"Centurion and Healer","floor":24,"turns":14},{"damage":49,"enemies":"Slavers","floor":25,"turns":6},{"damage":41,"enemies":"Gremlin Leader","floor":27,"turns":4}],"seed_played":"9087701738735941851","potions_obtained":[{"floor":1,"key":"blueLaboratory:AbyssPotion"},{"floor":4,"key":"FearPotion"},{"floor":7,"key":"blueLaboratory:BottleOfRum"},{"floor":21,"key":"SkillPotion"}],"is_trial":false,"path_per_floor":["M","$","?","M","?","R","M","?","PTL","PTL","T","$","M","M","R","M","R","B",null,"M","M","$","AVR","M","E","R","E"],"character_chosen":"DEFECT","items_purchased":["ReplayTheSpireMod:CursedCoin","Defragment","infinitespire:Midas Blood","Replay:Bootleg Shield Generator","FairyPotion"],"campfire_rested":3,"item_purchase_floors":[0,0,0,2,12],"current_hp_per_floor":[28,28,28,23,23,44,44,23,23,23,23,23,15,9,30,30,30,11,56,37,37,37,37,23,15,36,0,0],"gold":182,"neow_bonus":"","is_daily":false,"chose_seed":false,"campfire_upgraded":0,"win_rate":0.0,"timestamp":1609182705,"path_taken":["M","$","?","M","?","R","?","?","PTL","PTL","T","$","M","M","R","M","R","BOSS","M","M","?","AVR","M","E","R","E"],"items_purchased_type":["Relic","Card","Relic","Card","Potion"],"build_version":"2020-12-22","purchased_purges":3,"victory":false,"max_hp_per_floor":[71,71,71,71,71,71,71,71,71,71,71,71,71,71,71,71,71,71,71,71,71,71,71,71,71,71,71,71],"card_choices":[{"not_picked":["ReplaySort","Steam"],"picked":"StuffTheSpire:Synthwave","floor":1},{"not_picked":["ReplayGash","Cold Snap","Redo"],"picked":"SKIP","floor":4},{"not_picked":["Turbo","StuffTheSpire:SnapShoot","Fusion"],"picked":"SKIP","floor":7},{"not_picked":["Steam","Cold Snap"],"picked":"Leap","floor":13},{"not_picked":["Compile Driver","Fusion","DiskWipe"],"picked":"SKIP","floor":14},{"not_picked":["jedi:BurstLightning","Beam Cell","Streamline"],"picked":"SKIP","floor":16},{"not_picked":["Hologram"],"picked":"SKIP","floor":20},{"not_picked":["Stack"],"picked":"SKIP","floor":21},{"not_picked":[],"picked":"Ball Lightning","floor":24},{"not_picked":["StuffTheSpire:ShieldGenerator"],"picked":"SKIP","floor":25}],"player_experience":952757,"relics_obtained":[{"floor":11,"key":"Centennial Puzzle"},{"floor":25,"key":"jedi:matchstick"}],"event_choices":[{"damage_healed":0,"gold_gain":0,"player_choice":"Ignored","damage_taken":0,"max_hp_gain":0,"max_hp_loss":0,"event_name":"Golden Idol","floor":3,"gold_loss":0},{"damage_healed":0,"gold_gain":50,"player_choice":"Pray","damage_taken":0,"max_hp_gain":0,"max_hp_loss":0,"event_name":"Golden Shrine","floor":5,"gold_loss":0},{"damage_healed":44,"gold_gain":0,"player_choice":"Upgrade","damage_taken":21,"max_hp_gain":0,"max_hp_loss":71,"event_name":"betterThird:BetterShining","floor":8,"gold_loss":0,"cards_upgraded":["Strike_B","Defend_B"]}],"is_beta":false,"boss_relics":[{"not_picked":["StuffTheSpire:RunicHypercube","trackpad:Coffee"],"picked":"Busted Crown"}],"items_purged_floors":[0,0,23],"is_endless":false,"potions_floor_spawned":[1,4,7,14,21,25],"killed_by":"Gremlin Leader","ascension_level":16}}