{"host":"2no1vwhhkhf0ohz3","time":1609136729,"event":{"mods":["AchievementEnabler","BaseMod","Colored Map","DeckTracker","Keyboard Shortcuts","Minty Spire (QoL Compilation)","Relic Stats","SuperFastMode"],"gold_per_floor":[117,192,192,205,4,29,29],"floor_reached":6,"playtime":97,"items_purged":["Strike_R"],"score":46,"play_id":"3aedb310-32c0-48bb-afb1-98834b986709","local_time":"20201228152529","is_ascension_mode":true,"campfire_choices":[],"circlet_count":0,"master_deck":["Strike_R","Strike_R","Strike_R","Defend_R","Defend_R","Defend_R","Defend_R","Bash","Limit Break","Heavy Blade","Fire Breathing","Shrug It Off"],"relics":["Burning Blood","Letter Opener"],"acts_visited":["Exordium"],"potions_floor_usage":[],"damage_taken":[{"damage":16,"enemies":"Jaw Worm","floor":1,"turns":5},{"damage":0,"enemies":"Small Slimes","floor":4,"turns":5},{"damage":56,"enemies":"Gremlin Nob","floor":6,"turns":6}],"seed_played":"2526958117018210089","potions_obtained":[],"is_trial":false,"path_per_floor":["M","?","?","M","$","E"],"character_chosen":"IRONCLAD","items_purchased":["Fire Breathing","Shrug It Off"],"campfire_rested":0,"item_purchase_floors":[5,5],"current_hp_per_floor":[70,59,59,65,65,15,15],"gold":29,"neow_bonus":"ONE_RANDOM_RARE_CARD","is_daily":false,"chose_seed":false,"campfire_upgraded":0,"win_rate":0.0,"timestamp":1609136729,"path_taken":["M","?","?","M","$","E"],"items_purchased_type":["Card","Card"],"build_version":"2020-12-22","purchased_purges":1,"victory":false,"max_hp_per_floor":[80,80,80,80,80,80,80],"relic_stats":{"counters":[3,16],"Letter Opener":[0],"obtain_stats":[{"Letter Opener":6,"Burning Blood":0},{"Letter Opener":3,"Burning Blood":0},{"Letter Opener":16,"Burning Blood":0}],"Burning Blood":18},"card_choices":[{"not_picked":["Sentinel","Sever Soul"],"picked":"Heavy Blade","floor":1},{"not_picked":["Headbutt","Iron Wave","Intimidate"],"picked":"SKIP","floor":4}],"player_experience":253834,"relics_obtained":[{"floor":6,"key":"Letter Opener"}],"event_choices":[{"damage_healed":0,"gold_gain":75,"player_choice":"Gather Gold","damage_taken":11,"max_hp_gain":0,"max_hp_loss":0,"event_name":"World of Goop","floor":2,"gold_loss":0},{"cards_removed":["Strike_R"],"damage_healed":0,"gold_gain":0,"player_choice":"Offered Basic","damage_taken":0,"max_hp_gain":0,"max_hp_loss":0,"event_name":"Bonfire Elementals","floor":3,"gold_loss":0}],"is_beta":false,"boss_relics":[],"items_purged_floors":[5],"is_endless":false,"potions_floor_spawned":[],"killed_by":"Gremlin Nob","ascension_level":1}}