{"host":"phniwng9zo19jwdb","time":1609154386,"event":{"mods":["AchievementEnabler","BaseMod","Colored Powertips","Faster Ascension Climbing","GifTheSpireLib","Minty Spire (QoL Compilation)","Permanent Neow","Rare Cards Sparkle","Somnambulant","StSLib"],"gold_per_floor":[116,116,168,168,130,142,187,199,236,268,306,318,330,361,373,385,385],"floor_reached":16,"playtime":439,"items_purged":[],"score":180,"play_id":"ff3bb2fa-a2d3-4364-a4d1-1ddfef563f82","local_time":"20201228121946","is_ascension_mode":true,"campfire_choices":[{"data":"Metallicize","floor":6,"key":"SMITH"},{"data":"Bash","floor":8,"key":"SMITH"},{"floor":13,"key":"REST"},{"data":"Offering","floor":15,"key":"SMITH"}],"circlet_count":0,"master_deck":["AscendersBane","Strike_R","Strike_R","Strike_R","Strike_R","Defend_R+1","Defend_R","Defend_R","Defend_R","Bash+1","Corruption+1","Metallicize+1","Shrug It Off","Disarm","Offering+1"],"relics":["Burning Blood","Smiling Mask","MawBank","Ancient Tea Set","Strawberry","Ornamental Fan"],"acts_visited":["Exordium"],"potions_floor_usage":[7,16],"damage_taken":[{"damage":4,"enemies":"Jaw Worm","floor":1,"turns":5},{"damage":27,"enemies":"Lagavulin","floor":7,"turns":8},{"damage":0,"enemies":"2 Louse","floor":10,"turns":5},{"damage":31,"enemies":"3 Sentries","floor":11,"turns":11},{"damage":0,"enemies":"Cultist","floor":14,"turns":4},{"damage":61,"enemies":"Hexaghost","floor":16,"turns":11}],"seed_played":"-6727295441152379008","potions_obtained":[{"floor":1,"key":"Strength Potion"},{"floor":10,"key":"BloodPotion"}],"is_trial":false,"path_per_floor":["M","?","T","?","?","R","E","R","T","M","E","$","R","M","R","B"],"character_chosen":"IRONCLAD","items_purchased":[],"campfire_rested":1,"item_purchase_floors":[],"current_hp_per_floor":[68,54,54,51,51,51,30,30,37,43,18,18,40,46,46,0,0],"gold":385,"neow_bonus":"THREE_RARE_CARDS","is_daily":false,"chose_seed":false,"campfire_upgraded":3,"win_rate":0.0,"timestamp":1609154386,"path_taken":["M","?","?","?","?","R","E","R","T","?","E","$","R","M","R","BOSS"],"items_purchased_type":[],"build_version":"2020-12-22","purchased_purges":0,"victory":false,"max_hp_per_floor":[68,68,68,68,68,68,68,68,75,75,75,75,75,75,75,75,75],"card_choices":[{"not_picked":["Demon Form","Immolate"],"picked":"Corruption","floor":0},{"not_picked":["Pommel Strike","Warcry"],"picked":"Metallicize","floor":1},{"not_picked":["Flex","Dual Wield"],"picked":"Shrug It Off","floor":7},{"not_picked":["Reckless Charge","Power Through"],"picked":"Disarm","floor":10},{"not_picked":["Body Slam","Anger","Bloodletting"],"picked":"SKIP","floor":11},{"not_picked":["Bloodletting","Clothesline"],"picked":"Offering","floor":14}],"player_experience":24372,"relics_obtained":[{"floor":3,"key":"Smiling Mask"},{"floor":7,"key":"Ancient Tea Set"},{"floor":9,"key":"Strawberry"},{"floor":11,"key":"Ornamental Fan"}],"event_choices":[{"damage_healed":0,"gold_gain":0,"player_choice":"Entered Light","damage_taken":14,"max_hp_gain":0,"max_hp_loss":0,"event_name":"Shining Light","floor":2,"gold_loss":0,"cards_upgraded":["Corruption","Defend_R"]},{"damage_healed":0,"gold_gain":0,"player_choice":"Success","damage_taken":3,"relics_obtained":["MawBank"],"max_hp_gain":0,"max_hp_loss":0,"event_name":"Scrap Ooze","floor":4,"gold_loss":0},{"cards_removed":["Strike_R"],"damage_healed":0,"gold_gain":0,"player_choice":"Card Removal","damage_taken":0,"max_hp_gain":0,"max_hp_loss":0,"event_name":"The Cleric","floor":5,"gold_loss":50}],"is_beta":false,"boss_relics":[],"items_purged_floors":[],"is_endless":false,"potions_floor_spawned":[1,10],"killed_by":"Hexaghost","ascension_level":14}}