{"host":"63rwe7p34ct1i0qu","time":1609148397,"event":{"mods":["BaseMod","Colored Map","DeckTracker","Minty Spire (QoL Compilation)","Permanent Neow","Quick Restart","StSLib"],"gold_per_floor":[362,379,304,315,118,149,149,183,261,261,275,292,304,321,321,422,422,433,433,443,443,443],"floor_reached":21,"playtime":656,"items_purged":["Regret"],"score":309,"play_id":"7e76da25-c988-4a42-855f-aeabba23dd0f","local_time":"20201228183957","is_ascension_mode":true,"campfire_choices":[{"data":"Apotheosis","floor":7.0,"key":"SMITH"},{"floor":15.0,"key":"REST"}],"circlet_count":0,"master_deck":["AscendersBane","Strike_R","Strike_R","Strike_R","Strike_R","Strike_R","Defend_R","Defend_R","Defend_R","Defend_R","Bash+1","Pommel Strike","Second Wind","Cleave","Apotheosis+1","Cleave","Rampage+1","Reaper+1","Body Slam+1","Bludgeon+1","CurseOfTheBell","Battle Trance"],"relics":["Burning Blood","Torii","Nunchaku","Molten Egg 2","Calling Bell","Blood Vial","Self Forming Clay","Turnip"],"acts_visited":["Exordium","TheCity"],"potions_floor_usage":[],"damage_taken":[{"damage":12.0,"enemies":"2 Louse","floor":1.0,"turns":3.0},{"damage":5.0,"enemies":"Cultist","floor":2.0,"turns":4.0},{"damage":4.0,"enemies":"Small Slimes","floor":4.0,"turns":4.0},{"damage":29.0,"enemies":"3 Sentries","floor":6.0,"turns":10.0},{"damage":37.0,"enemies":"Gremlin Nob","floor":8.0,"turns":5.0},{"damage":2.0,"enemies":"Blue Slaver","floor":11.0,"turns":4.0},{"damage":1.0,"enemies":"2 Fungi Beasts","floor":12.0,"turns":3.0},{"damage":1.0,"enemies":"Large Slime","floor":13.0,"turns":5.0},{"damage":12.0,"enemies":"Looter","floor":14.0,"turns":3.0},{"damage":29.0,"enemies":"Slime Boss","floor":16.0,"turns":7.0},{"damage":29.0,"enemies":"Shell Parasite","floor":18.0,"turns":4.0},{"damage":7.0,"enemies":"Spheric Guardian","floor":20.0,"turns":4.0},{"damage":0,"enemies":"Centurion and Healer","floor":21,"turns":2}],"seed_played":"-1841872081011239416","potions_obtained":[{"floor":6.0,"key":"Block Potion"},{"floor":8.0,"key":"FairyPotion"},{"floor":14.0,"key":"AttackPotion"},{"floor":16.0,"key":"DuplicationPotion"},{"floor":20.0,"key":"BloodPotion"}],"is_trial":false,"path_per_floor":["M","M","$","M","$","E","R","E","T","?","M","M","M","M","R","B",null,"M","?","M","M"],"character_chosen":"IRONCLAD","items_purchased":["Apotheosis"],"campfire_rested":1,"item_purchase_floors":[5],"current_hp_per_floor":[66,67,67,69,69,46,46,15,15,15,19,24,29,23,47,31,68,47,47,64,66,66],"gold":443,"neow_bonus":"TWO_FIFTY_GOLD","is_daily":false,"chose_seed":false,"campfire_upgraded":1,"win_rate":0.0,"timestamp":1609148397,"path_taken":["M","M","$","M","$","E","R","E","T","?","M","M","?","M","R","BOSS","M","?","M","M"],"items_purchased_type":["Card"],"build_version":"2020-12-22","purchased_purges":1,"victory":false,"max_hp_per_floor":[80,80,80,80,80,80,80,80,80,80,80,80,80,80,80,80,80,80,80,80,80,80],"card_choices":[{"not_picked":["True Grit","Flex"],"picked":"Pommel Strike","floor":1.0},{"not_picked":["Anger","Clothesline"],"picked":"Second Wind","floor":2.0},{"not_picked":["Sword Boomerang","Spot Weakness"],"picked":"Cleave","floor":4.0},{"not_picked":["Bloodletting","Thunderclap"],"picked":"Cleave","floor":6.0},{"not_picked":["Dark Embrace","True Grit","Pommel Strike"],"picked":"SKIP","floor":8.0},{"not_picked":["Rupture","Armaments","Flex"],"picked":"SKIP","floor":11.0},{"not_picked":["Thunderclap+1","Havoc"],"picked":"Rampage+1","floor":12.0},{"not_picked":["Entrench","Iron Wave+1"],"picked":"Reaper+1","floor":13.0},{"not_picked":["Warcry","Bloodletting"],"picked":"Body Slam+1","floor":14.0},{"not_picked":["Barricade","Fiend Fire+1"],"picked":"Bludgeon+1","floor":16.0},{"not_picked":["Sword Boomerang+1","Flex"],"picked":"Battle Trance","floor":18.0},{"not_picked":["Clash+1","Warcry+1","Heavy Blade+1"],"picked":"SKIP","floor":20.0}],"player_experience":827759,"relics_obtained":[{"floor":6.0,"key":"Torii"},{"floor":8.0,"key":"Nunchaku"},{"floor":9.0,"key":"Molten Egg 2"},{"floor":17.0,"key":"Blood Vial"},{"floor":17.0,"key":"Self Forming Clay"},{"floor":17.0,"key":"Turnip"}],"event_choices":[{"damage_healed":0.0,"max_hp_gain":0.0,"max_hp_loss":0.0,"gold_gain":0.0,"event_name":"Accursed Blacksmith","player_choice":"Forge","floor":10.0,"gold_loss":0.0,"damage_taken":0.0,"cards_upgraded":["Bash"]},{"damage_healed":0.0,"max_hp_gain":0.0,"max_hp_loss":0.0,"gold_gain":0.0,"event_name":"Ghosts","player_choice":"Ignored","floor":19.0,"gold_loss":0.0,"damage_taken":0.0}],"is_beta":false,"boss_relics":[{"not_picked":["Fusion Hammer","Runic Dome"],"picked":"Calling Bell"}],"items_purged_floors":[3],"is_endless":false,"potions_floor_spawned":[6,8,14,16,20],"killed_by":"Centurion and Healer","ascension_level":12}}