{"host":"khm4we1ijduz33xh","time":1609183778,"event":{"mods":["AchievementEnabler","BaseMod","Colored Map","Minty Spire (QoL Compilation)","Rare Cards Sparkle","StSLib"],"gold_per_floor":[18,32,32,42,56,87,87,100,100,120,9,43,121,133,133,133,133],"floor_reached":16,"playtime":664,"items_purged":["Defend_P"],"score":114,"play_id":"f3e28b59-a4f0-4b71-921e-416319f3062f","local_time":"20201229042938","is_ascension_mode":false,"campfire_choices":[{"data":"Eruption","floor":7,"key":"SMITH"},{"floor":15,"key":"REST"}],"circlet_count":0,"master_deck":["Strike_P","Strike_P","Defend_P","Defend_P","Defend_P","Eruption+1","Vigilance","PathToVictory","SignatureMove","ClearTheMind","TalkToTheHand","EmptyMind","Worship","Scrawl"],"relics":["PureWater","Darkstone Periapt","Anchor","Art of War"],"acts_visited":["Exordium"],"potions_floor_usage":[12,12,16,16],"damage_taken":[{"damage":0,"enemies":"Cultist","floor":1,"turns":2},{"damage":0,"enemies":"2 Louse","floor":2,"turns":1},{"damage":10,"enemies":"Small Slimes","floor":4,"turns":2},{"damage":22,"enemies":"3 Louse","floor":5,"turns":3},{"damage":13,"enemies":"Lagavulin","floor":6,"turns":4},{"damage":2,"enemies":"Gremlin Gang","floor":8,"turns":3},{"damage":13,"enemies":"Exordium Thugs","floor":10,"turns":4},{"damage":9,"enemies":"3 Sentries","floor":12,"turns":3},{"damage":0,"enemies":"Looter","floor":14,"turns":2},{"damage":27,"enemies":"Hexaghost","floor":16,"turns":2}],"seed_played":"793438507983059225","potions_obtained":[{"floor":2,"key":"DistilledChaos"},{"floor":5,"key":"DistilledChaos"},{"floor":8,"key":"Strength Potion"},{"floor":14,"key":"PowerPotion"}],"is_trial":false,"path_per_floor":["M","M","$","M","M","E","R","M","T","M","$","E","?","M","R","B"],"character_chosen":"WATCHER","items_purchased":["Worship"],"campfire_rested":1,"item_purchase_floors":[11],"current_hp_per_floor":[72,72,72,62,40,27,27,25,25,12,12,3,3,3,24,0,0],"gold":133,"neow_bonus":"REMOVE_TWO","is_daily":false,"chose_seed":false,"campfire_upgraded":1,"win_rate":0.0,"timestamp":1609183778,"path_taken":["M","?","$","M","M","E","R","M","T","M","$","E","?","M","R","BOSS"],"items_purchased_type":["Card"],"build_version":"2020-12-22","purchased_purges":1,"victory":false,"max_hp_per_floor":[72,72,72,72,72,72,72,72,72,72,72,72,72,72,72,72,72],"card_choices":[{"not_picked":["ClearTheMind","Tantrum"],"picked":"PathToVictory","floor":1},{"not_picked":["CutThroughFate","BattleHymn"],"picked":"SignatureMove","floor":2},{"not_picked":["PathToVictory","Protect","CutThroughFate"],"picked":"SKIP","floor":4},{"not_picked":["SignatureMove","WreathOfFlame"],"picked":"ClearTheMind","floor":5},{"not_picked":["CutThroughFate","FlyingSleeves"],"picked":"TalkToTheHand","floor":6},{"not_picked":["JustLucky","SignatureMove","Wireheading"],"picked":"SKIP","floor":8},{"not_picked":["Perseverance","Wallop"],"picked":"EmptyMind","floor":10},{"not_picked":["Perseverance","Meditate"],"picked":"Scrawl","floor":12},{"not_picked":["Consecrate","TalkToTheHand","BowlingBash"],"picked":"SKIP","floor":14}],"player_experience":143410,"relics_obtained":[{"floor":6,"key":"Darkstone Periapt"},{"floor":9,"key":"Anchor"},{"floor":12,"key":"Art of War"}],"event_choices":[{"damage_healed":0,"gold_gain":78,"player_choice":"Gained Gold","damage_taken":0,"max_hp_gain":0,"max_hp_loss":0,"event_name":"Golden Wing","floor":13,"gold_loss":0}],"is_beta":false,"boss_relics":[],"items_purged_floors":[11],"is_endless":false,"potions_floor_spawned":[2,5,8,14],"killed_by":"Hexaghost","ascension_level":0}}