{"host":"qgrlfjrqk9z96gfi","time":1609120587,"event":{"mods":["BaseMod","Block Reminder","Colored Map","DeckTracker","Minty Spire (QoL Compilation)"],"gold_per_floor":[109,128,128,11,22,22,52,72,119,119,149,167,167,180,180,180,180],"floor_reached":16,"playtime":487,"items_purged":["Decay"],"score":224,"play_id":"1f0e13d6-8636-4e97-be7f-53468db6fe9d","local_time":"20201227155627","is_ascension_mode":true,"campfire_choices":[{"data":"Dash","floor":6,"key":"SMITH"},{"floor":10,"key":"REST"},{"floor":13,"key":"REST"},{"data":"Footwork","floor":15,"key":"SMITH"}],"circlet_count":0,"master_deck":["AscendersBane","Strike_G","Strike_G","Strike_G","Strike_G","Defend_G","Defend_G","Defend_G","Defend_G","Defend_G","Survivor","Neutralize","Corpse Explosion","Predator","Dodge and Roll","Footwork+1","Dash+1","Cloak And Dagger","Poisoned Stab","After Image","Backflip"],"relics":["Ring of the Snake","Bottled Flame","Anchor","Toy Ornithopter"],"acts_visited":["Exordium"],"potions_floor_usage":[7,8],"damage_taken":[{"damage":2,"enemies":"2 Louse","floor":1,"turns":3},{"damage":6,"enemies":"Cultist","floor":2,"turns":5},{"damage":0,"enemies":"Jaw Worm","floor":5,"turns":5},{"damage":33,"enemies":"Gremlin Nob","floor":7,"turns":5},{"damage":6,"enemies":"Exordium Thugs","floor":8,"turns":5},{"damage":14,"enemies":"3 Sentries","floor":11,"turns":5},{"damage":4,"enemies":"2 Fungi Beasts","floor":12,"turns":3},{"damage":2,"enemies":"Exordium Wildlife","floor":14,"turns":5},{"damage":33,"enemies":"Hexaghost","floor":16,"turns":12}],"seed_played":"-5306929709136391277","potions_obtained":[{"floor":1,"key":"Energy Potion"},{"floor":5,"key":"SpeedPotion"},{"floor":7,"key":"SpeedPotion"}],"is_trial":false,"path_per_floor":["M","M","?","$","M","R","E","M","T","R","E","M","R","M","R","B"],"character_chosen":"THE_SILENT","items_purchased":["Footwork"],"campfire_rested":2,"item_purchase_floors":[4],"current_hp_per_floor":[57,51,51,51,51,51,18,12,12,31,17,13,32,30,30,0,0],"gold":180,"neow_bonus":"THREE_RARE_CARDS","is_daily":false,"chose_seed":false,"campfire_upgraded":2,"win_rate":0.0,"timestamp":1609120587,"path_taken":["M","M","?","$","M","R","E","M","T","R","E","M","R","?","R","BOSS"],"items_purchased_type":["Card"],"build_version":"2020-12-22","purchased_purges":1,"victory":false,"max_hp_per_floor":[66,66,66,66,66,66,66,66,66,66,66,66,66,66,66,66,66],"card_choices":[{"not_picked":["Phantasmal Killer","Burst"],"picked":"Corpse Explosion","floor":0},{"not_picked":["Leg Sweep","PiercingWail"],"picked":"Predator","floor":1},{"not_picked":["Quick Slash","Tactician","Dodge and Roll"],"picked":"SKIP","floor":2},{"not_picked":["Predator","PiercingWail"],"picked":"Dash","floor":5},{"not_picked":["Bane","Tactician","Cloak And Dagger"],"picked":"SKIP","floor":7},{"not_picked":["Bane","Tactician"],"picked":"Cloak And Dagger","floor":7},{"not_picked":["Prepared","Skewer"],"picked":"Poisoned Stab","floor":8},{"not_picked":["Backstab","PiercingWail"],"picked":"After Image","floor":11},{"not_picked":["Sucker Punch","Flying Knee"],"picked":"Backflip","floor":12},{"not_picked":["Prepared","Skewer","Masterful Stab"],"picked":"SKIP","floor":14}],"player_experience":945732,"relics_obtained":[{"floor":7,"key":"Bottled Flame"},{"floor":9,"key":"Anchor"},{"floor":11,"key":"Toy Ornithopter"}],"event_choices":[{"damage_healed":0,"gold_gain":0,"cards_transformed":["Strike_G"],"player_choice":"Transformed","damage_taken":0,"max_hp_gain":0,"max_hp_loss":0,"event_name":"Transmorgrifier","floor":3,"gold_loss":0,"cards_obtained":["Dodge and Roll"]}],"is_beta":false,"boss_relics":[],"items_purged_floors":[4],"is_endless":false,"potions_floor_spawned":[1,5,7],"killed_by":"Hexaghost","ascension_level":20}}