{"host":"7al4aiicz9n8t8fq","time":1609190011,"event":{"mods":["2.2 Compatiblity","Act Like it!","BaseMod","Downfall","Duelist Mod","GifTheSpireLib","Minty Spire (QoL Compilation)","Rare Cards Sparkle","Replay The Spire","StSLib","The Animator","The Bug Knight"],"gold_per_floor":[117,130,150,225,258,297,309,321,386,308,342,362,362],"floor_reached":12,"playtime":764,"items_purged":[],"score":84,"play_id":"bb588cae-ed25-4b6e-9cf6-736940c279b1","local_time":"20201228141331","is_ascension_mode":true,"campfire_choices":[{"floor":8,"key":"REST"}],"circlet_count":0,"master_deck":["animator:Strike_OnePunchMan","animator:Defend_OnePunchMan","animator:Genos","animator:MumenRider","animator:Kyubey","animator:Lancer","animator:OrikoMikuni","animator:Chris","animator:Cocytus","animator:Caster","animator:Strike_HitsugiNoChaika","animator:Strike_MadokaMagica","animator:Strike_Katanagatari","animator:Defend_Fate","animator:Defend_NoGameNoLife","animator:Defend_OnePunchMan","animator:SakuraMatou"],"relics":["animator:LivingPicture","animator:TheMissingPiece","MawBank","Smiling Mask"],"acts_visited":["Exordium"],"potions_floor_usage":[6,6],"damage_taken":[{"damage":0,"enemies":"Cultist","floor":1,"turns":3},{"damage":5,"enemies":"Jaw Worm","floor":2,"turns":3},{"damage":0,"enemies":"2 Louse","floor":3,"turns":2},{"damage":6,"enemies":"Blue Slaver","floor":5,"turns":3},{"damage":21,"enemies":"3 Sentries","floor":6,"turns":5},{"damage":19,"enemies":"Exordium Thugs","floor":11,"turns":4},{"damage":23,"enemies":"HollowMod:MossKnight","floor":12,"turns":7}],"seed_played":"7596925582090232741","potions_obtained":[{"floor":1,"key":"ColorlessPotion"},{"floor":2,"key":"Adrenaline Potion"}],"is_trial":false,"path_per_floor":["M","M","M","?","M","E","?","R","T","?","M","E"],"character_chosen":"THE_ANIMATOR","items_purchased":[],"campfire_rested":1,"item_purchase_floors":[],"current_hp_per_floor":[66,61,61,50,44,23,23,42,42,42,23,0,0],"gold":362,"neow_bonus":"ONE_RANDOM_RARE_CARD","is_daily":false,"chose_seed":false,"campfire_upgraded":0,"win_rate":0.0,"timestamp":1609190011,"path_taken":["M","?","M","?","M","E","?","R","T","?","?","E"],"items_purchased_type":[],"build_version":"2020-12-22","purchased_purges":0,"victory":false,"max_hp_per_floor":[66,66,66,66,66,66,66,66,66,66,66,66,66],"card_choices":[{"not_picked":["animator:ShinjiMatou","animator:Genos"],"picked":"animator:Lancer","floor":1},{"not_picked":["animator:Assassin","animator:Kazuma"],"picked":"animator:OrikoMikuni","floor":2},{"not_picked":["animator:RinTohsaka","animator:Azekura"],"picked":"animator:Chris","floor":3},{"not_picked":["animator:Evileye","animator:Shalltear"],"picked":"animator:Cocytus","floor":5},{"not_picked":["animator:Witch","animator:Rider"],"picked":"animator:Caster","floor":6},{"not_picked":["animator:Eris","animator:Konayuki"],"picked":"animator:SakuraMatou","floor":11}],"player_experience":1123898,"relics_obtained":[{"floor":6,"key":"MawBank"},{"floor":9,"key":"Smiling Mask"}],"event_choices":[{"damage_healed":0,"gold_gain":75,"player_choice":"Gather Gold","damage_taken":11,"max_hp_gain":0,"max_hp_loss":0,"event_name":"World of Goop","floor":4,"gold_loss":0}],"is_beta":false,"boss_relics":[],"items_purged_floors":[],"is_endless":false,"potions_floor_spawned":[1,2],"killed_by":"HollowMod:MossKnight","ascension_level":1}}