{"host":"avq773cl9g5msfol","time":1609141459,"event":{"mods":["AchievementEnabler","Act Like it!","Ascension Unlocker","Aspiration","Astrologer","Bard","Bartender","BaseMod","Better Altar","Better Match","Better Note","Better Sensory Stone","Better Skull","Better Third Choice","BetterRewards","CapriCore","Colored Map","Colored Powertips","Conspire","Dio Mod","Downfall","Elementarium","Energized Spire","Gensokyo","GifTheSpireLib","GungeonMod","Hallownest","Hermit","Highlight Path","Hubris","Humility","Infinite Spire","Jorbs\u0027s Wanderer Trilogy","Koishi","Magitek Elite","Marisa????????","Marked Mod","Menagerie","Minty Spire (QoL Compilation)","Pale of the Ancients","Potionbrewer","Quarter Circle Forward PUNCH!","Rare Cards Sparkle","Reimu??????","Relic Stats","Remilia??????","Replay The Spire","SacredBarkPlus","Shade Mod","Somnambulant","Spicy Shops","StSLib","Synergy Search","The Blue Laboratory","The Bug Knight","The Construct","The Cursed","The Exalted","The Hayseed","The Hierophant","The Immortal","The Judge","The Marked","The Mystic","The Problem Sleuth","The Runesmith","The Senshi","The Vixen","The Wild Card","TheArtist","TheFirefly","Wandering Minibosses","Yakumo Yukari mod","vexMod"],"gold_per_floor":[137,137,163,163,174,174,192,224,224,224,259,303,303,333,333,404,404,416,880,880,893,803,833,833,859,882,892,892,970,1005,1041,1041,1116,1116,1131,1131,1131,1131,1131,1131,1131,1210,1210,1210,1210,1237,1237,1237,1237,1237],"floor_reached":52,"playtime":2929,"items_purged":["RealityDreamConfluencek_purple+1"],"score":1622,"play_id":"a112fdd3-94fb-4955-bb2e-6b57a3aedbaa","local_time":"20201228144419","is_ascension_mode":true,"campfire_choices":[{"data":"Observe_purple_2","floor":6,"key":"SMITH"},{"data":"Umbrella_purple","floor":10,"key":"SMITH"},{"data":"SfantasyHide_purple","floor":13,"key":"SMITH"},{"floor":15,"key":"REST"},{"data":"ReplayTheSpireMod:Black Plague","floor":24,"key":"SMITH"},{"data":"Yakumo_Ran_purple","floor":32,"key":"SMITH"},{"data":"infinitespire:DeathsTouch","floor":40,"key":"SMITH"},{"data":"hubris:Fate","floor":49,"key":"SMITH"}],"circlet_count":0,"master_deck":["AscendersBane","Observe_purple_1","Observe_purple_2+1","Boundary_ObjectiveBoundary_purple+1","WangLiang_OokamiKakushi_purple+1","SharpContractionReality_purple+1","Nest_LightFlightworm_purple+1","Extrememeaning_purpleEX+1","Charmbait_purple+1","Human_Monster_Realm_purple+1","Boundary_DynamicStaticEquilibrium_purple+1","Line_surface_state_purple+1","Nest_LightFlightworm_purple+1","Worldmountain_purple+1","Bait_Toxicbait_purple+1","PurpleNeedle_purple+1","DimensionStaggered_purple+1","OmniscientAndOmnipotent_Monster_purple+1","Anti_communist_purple+1","Boundary_DreamRealityDamnation_purple+1","Boundary_LifeAndDeath_purple+1","PositiveMatter_Antimatter_Universe_purple+1","RealityDreamConfluencek_purple+1","hubris:Fate+1","Mirror_TwoAndThreeElementRealm_purple+1","Umbrella_purple+1","SfantasyHide_purple+1","ContainerChange_purple+1","ProofOfUnderstanding_purple+1","infinitespire:DeathsTouch+1","ReplayTheSpireMod:Black Plague+1","infinitespire:Fortify+1","Yakumo_Ran_purple+1","Pot Of Greed","Pot Of Greed","WangLiang_LineAndCurveDreams_purple+1","WingOfChimera_purple+1","Wraith","Pot Of Greed"],"relics":["Boundary_crack","Memoryfragments_purpleEX","Juzu Bracelet","Golden Egg","Quantum Egg","Thread and Needle","Happy Flower","Bromod:ArcaneDeflection","conspire:Dentures","ThegodofHakurei_purpleEX","Ginger","hubris:CrystalStatue","Membership Card","White_Cape","hubris:64BitClover","DemoMod:GlassGuonStoneRelic","Replay:Bronze Core","Philosopher\u0027s Stone","Hallownest:StagBellRelic1","Vajra","infinitespire:CursedDice","Grinning Jar","ReplayTheSpireMod:Lightbulb","PureWhite:ReiMu","Replay:Rubber Ducky","potionbrewer:BhaskarasWheel","Gensokyo:PortableGap","wanderingMiniBosses:ThiefScarf","vexMod:InvisibilityCloak","ReplayFunnel"],"acts_visited":["Exordium","Hallownest:CityofTears","TheBeyond"],"potions_floor_usage":[7,14,25,35],"damage_taken":[{"damage":0,"enemies":"Small Slimes","floor":1,"turns":3},{"damage":0,"enemies":"Jaw Worm","floor":5,"turns":2},{"damage":3,"enemies":"conspire:RoseBush","floor":7,"turns":2},{"damage":15,"enemies":"HollowMod:MossKnight","floor":8,"turns":2},{"damage":11,"enemies":"Gremlin Nob","floor":11,"turns":3},{"damage":0,"enemies":"3 Sentries","floor":14,"turns":3},{"damage":1,"enemies":"Hexaghost","floor":16,"turns":4},{"damage":0,"enemies":"Hallownest:2_Mistakes","floor":18,"turns":5},{"damage":0,"enemies":"Hallownest:Guard_and_Sentry","floor":21,"turns":4},{"damage":23,"enemies":"Hallownest:Nosk","floor":23,"turns":4},{"damage":0,"enemies":"Hallownest:eliteWatcherKnight","floor":25,"turns":7},{"damage":0,"enemies":"Hallownest:monsterShrumalOgre","floor":27,"turns":2},{"damage":0,"enemies":"Hallownest:monsterShrumalOgre","floor":28,"turns":3},{"damage":0,"enemies":"Hallownest:eliteSoulWarrior","floor":30,"turns":2},{"damage":0,"enemies":"Hallownest:Glutton_and_Coward","floor":31,"turns":2},{"damage":0,"enemies":"Hallownest:BossMantisLord","floor":33,"turns":1},{"damage":0,"enemies":"3 Darklings","floor":35,"turns":5},{"damage":0,"enemies":"hubris:GrandSnecko","floor":50,"turns":5},{"damage":0,"enemies":"Replay:Hell Engine","floor":51,"turns":3}],"seed_played":"2255779483294172175","potions_obtained":[{"floor":14,"key":"Guardian:BlockOnCardUsePotion"},{"floor":31,"key":"PowerPotion"}],"is_trial":false,"path_per_floor":["M","?","T","?","M","R","M","E","T","R","E","?","R","E","R","B",null,"M","?","AVR","M","?","E","R","E","T","M","?","T","E","M","R","B",null,"M","?","?","?","?","R","?","T","?","?","$","T","?","R","B","B",null],"character_chosen":"Youkari","items_purchased":["Thread and Needle","Happy Flower","Line_surface_state_purple","Nest_LightFlightworm_purple","Bromod:ArcaneDeflection","Adrenaline Potion","conspire:Dentures","Worldmountain_purple","ThegodofHakurei_purpleEX","Bait_Toxicbait_purple","PurpleNeedle_purple","DimensionStaggered_purple+1","Ginger","OmniscientAndOmnipotent_Monster_purple","Anti_communist_purple","potionbrewer:DrinkingBird","hubris:CrystalStatue","Boundary_DreamRealityDamnation_purple","Boundary_LifeAndDeath_purple","Membership Card","blueLaboratory:FruitPunch","PositiveMatter_Antimatter_Universe_purple","RealityDreamConfluencek_purple","White_Cape","hubris:64BitClover"],"campfire_rested":1,"item_purchase_floors":[0,0,0,0,0,0,0,0,0,0,0,0,0,0,0,0,0,0,0,0,0,0,0,0,0],"current_hp_per_floor":[60,68,68,50,51,51,50,35,35,35,24,24,24,26,49,55,72,75,75,75,77,77,54,54,57,57,58,61,61,64,64,64,64,74,74,74,74,70,70,68,68,65,65,65,65,62,59,59,59,59],"gold":1237,"neow_bonus":"","is_daily":false,"chose_seed":false,"campfire_upgraded":7,"win_rate":0.0,"timestamp":1609141459,"path_taken":["M","?","?","?","M","R","M","E","T","R","E","?","R","E","R","BOSS","M","?","AVR","M","?","E","R","E","T","M","?","?","E","M","R","BOSS","M","?","?","?","?","R","?","T","?","?","?","?","?","R","BOSS","BOSS"],"items_purchased_type":["Relic","Relic","Card","Card","Relic","Potion","Relic","Card","Relic","Card","Card","Card","Relic","Card","Card","Relic","Relic","Card","Card","Relic","Potion","Card","Card","Relic","Relic"],"build_version":"2020-12-22","purchased_purges":1,"victory":true,"max_hp_per_floor":[65,73,73,73,73,73,75,75,75,75,75,75,75,77,77,77,77,77,77,77,77,77,77,77,77,77,77,77,77,77,77,77,77,77,77,74,74,71,71,68,68,65,65,65,65,62,59,59,59,59],"relic_stats":{"Happy Flower":[20],"counters":[77,296],"Juzu Bracelet":6,"Ginger":[7],"obtain_stats":[{"Golden Egg":1,"downfall:HeartBlessingGreen":27,"wanderingMiniBosses:OtherGremlinHorn":2,"Ginger":0,"Ring of Searing":2,"vexMod:InvisibilityCloak":43,"Ribbon":0,"Replay:Bronze Core":17,"MealTicket":2,"hubris:MobiusCoin":2,"DemoMod:OrangeGuonStone":44,"HollowMod:JonisBlessing":0,"Guardian:PocketSentry":0,"aspiration:FrozenJewel":0,"SlaversCollar":17,"theSenshi:TransformationBroochRelic":0,"DemoMod:GundromedaStrain":0,"Pandora\u0027s Box":10,"aspiration:SilentSkillbook":34,"Bromod:ArcaneFury":28,"Regal Pillow":29,"Blue Doll":14,"Bromod:ArcanePistoleer":51,"hubris:EmptyBottle":12,"Power_Wrist":29,"White_Cape":0,"Gensokyo:PortableGap":34,"hubris:EvacipatedBox":1,"Cleaning_Rag":41,"Replay:Rubber Ducky":30,"AntiCross":8,"Potion Belt":10,"downfall:HeartBlessingRed":27,"hubris:64BitClover":0,"qcfpunch:Black_Training_Shirt":8,"Thread and Needle":0,"Ring of Greed":2,"Boundary_crack":0,"hubris:Towel":46,"Frozen Egg 2":10,"Replay:Arrowhead":10,"PureWhite:ReiMu":29,"Bromod:ArcaneDeflection":0,"potionbrewer:BottledElixir":25,"ReplayTheSpireMod:Lightbulb":27,"Toy Ornithopter":28,"hubris:CrystalStatue":0,"ThegodofHakurei_purpleEX":0,"Vajra":23,"DemoMod:GlassGuonStoneRelic":8,"sneckomod:SneckoSoul":0,"RedLine:ReiMu":34,"HornCleat":0,"DemoMod:MonsterBlood":47,"theSenshi:RoseRelic":0,"Prayer Wheel":1,"Philosopher\u0027s Stone":20,"potionbrewer:DrinkingBird":0,"DemoMod:ClearGuonStone":0,"conspire:Dentures":0,"Happy Flower":0,"wanderingMiniBosses:ThiefScarf":35,"Dead Branch":3,"potionbrewer:BhaskarasWheel":34,"Replay:Kaleidoscope":52,"aspiration:SeaSaltIceCream":29,"War Paint":15,"potionbrewer:ToyAutogyro":0,"Question Card":1,"OrangePellets":53,"Onion Ring":24,"infinitespire:EmpoweringShard":23,"Grinning Jar":26,"theSenshi:CosmicHeartCompactRelic":0,"Memoryfragments_purpleEX":0,"Darkstone Periapt":6,"ReplayFunnel":47,"Hallownest:StagBellRelic1":20,"Juzu Bracelet":0,"ClockworkSouvenir":0,"Frozen Eye":8,"Mummified Hand":21,"downfall:HeartBlessingBlue":27,"Genji_Glove":0,"Tiny Chest":6,"TheVixenMod:UmbreonRelic":42,"DemoMod:JetPack":43,"Replay:Towering Pillar of Hats":43,"aspiration:FetidBarrel":23,"infinitespire:CursedDice":25,"Quantum Egg":1,"vexMod:FocusSash":21,"Orichalcum":48,"Peace Pipe":50,"Anchor":12,"wanderingMiniBosses:CarrionFlame":18,"infinitespire:Satchel":51,"ChewingGum":17,"Bag of Marbles":38,"Membership Card":0,"Guard_Bracelet":0,"hubris:Potato":8},{"Golden Egg":0,"downfall:HeartBlessingGreen":15,"wanderingMiniBosses:OtherGremlinHorn":1,"Ginger":58,"Ring of Searing":31,"vexMod:InvisibilityCloak":75,"Ribbon":30,"Replay:Bronze Core":65,"MealTicket":31,"hubris:MobiusCoin":31,"DemoMod:OrangeGuonStone":48,"HollowMod:JonisBlessing":52,"Guardian:PocketSentry":52,"aspiration:FrozenJewel":52,"SlaversCollar":38,"theSenshi:TransformationBroochRelic":30,"DemoMod:GundromedaStrain":52,"Pandora\u0027s Box":5,"aspiration:SilentSkillbook":20,"Bromod:ArcaneFury":43,"Regal Pillow":17,"Blue Doll":64,"Bromod:ArcanePistoleer":76,"hubris:EmptyBottle":7,"Power_Wrist":17,"White_Cape":52,"Gensokyo:PortableGap":74,"hubris:EvacipatedBox":0,"Cleaning_Rag":23,"Replay:Rubber Ducky":72,"AntiCross":56,"Potion Belt":5,"downfall:HeartBlessingRed":15,"hubris:64BitClover":58,"qcfpunch:Black_Training_Shirt":4,"Thread and Needle":58,"Ring of Greed":31,"Boundary_crack":52,"hubris:Towel":25,"Frozen Egg 2":57,"Replay:Arrowhead":5,"PureWhite:ReiMu":71,"Bromod:ArcaneDeflection":58,"potionbrewer:BottledElixir":15,"ReplayTheSpireMod:Lightbulb":70,"Toy Ornithopter":16,"hubris:CrystalStatue":58,"ThegodofHakurei_purpleEX":58,"Vajra":68,"DemoMod:GlassGuonStoneRelic":4,"sneckomod:SneckoSoul":0,"RedLine:ReiMu":44,"HornCleat":30,"DemoMod:MonsterBlood":25,"theSenshi:RoseRelic":30,"Prayer Wheel":0,"Philosopher\u0027s Stone":66,"potionbrewer:DrinkingBird":58,"DemoMod:ClearGuonStone":30,"conspire:Dentures":30,"Happy Flower":58,"wanderingMiniBosses:ThiefScarf":75,"Dead Branch":2,"potionbrewer:BhaskarasWheel":74,"Replay:Kaleidoscope":29,"aspiration:SeaSaltIceCream":71,"War Paint":9,"potionbrewer:ToyAutogyro":30,"Question Card":0,"OrangePellets":29,"Onion Ring":14,"infinitespire:EmpoweringShard":14,"Grinning Jar":69,"theSenshi:CosmicHeartCompactRelic":30,"Memoryfragments_purpleEX":52,"Darkstone Periapt":34,"ReplayFunnel":75,"Hallownest:StagBellRelic1":39,"Juzu Bracelet":30,"ClockworkSouvenir":30,"Frozen Eye":4,"Mummified Hand":12,"downfall:HeartBlessingBlue":15,"Genji_Glove":30,"Tiny Chest":55,"TheVixenMod:UmbreonRelic":23,"DemoMod:JetPack":47,"Replay:Towering Pillar of Hats":24,"aspiration:FetidBarrel":42,"infinitespire:CursedDice":69,"Quantum Egg":0,"vexMod:FocusSash":12,"Orichalcum":26,"Peace Pipe":75,"Anchor":36,"wanderingMiniBosses:CarrionFlame":39,"infinitespire:Satchel":76,"ChewingGum":10,"Bag of Marbles":22,"Membership Card":30,"Guard_Bracelet":52,"hubris:Potato":35},{"Golden Egg":0,"downfall:HeartBlessingGreen":39,"wanderingMiniBosses:OtherGremlinHorn":2,"Ginger":234,"Ring of Searing":114,"vexMod:InvisibilityCloak":288,"Ribbon":112,"Replay:Bronze Core":253,"MealTicket":114,"hubris:MobiusCoin":114,"DemoMod:OrangeGuonStone":195,"HollowMod:JonisBlessing":211,"Guardian:PocketSentry":211,"aspiration:FrozenJewel":211,"SlaversCollar":143,"theSenshi:TransformationBroochRelic":112,"DemoMod:GundromedaStrain":211,"Pandora\u0027s Box":12,"aspiration:SilentSkillbook":72,"Bromod:ArcaneFury":171,"Regal Pillow":43,"Blue Doll":249,"Bromod:ArcanePistoleer":293,"hubris:EmptyBottle":19,"Power_Wrist":43,"White_Cape":211,"Gensokyo:PortableGap":283,"hubris:EvacipatedBox":0,"Cleaning_Rag":76,"Replay:Rubber Ducky":280,"AntiCross":227,"Potion Belt":12,"downfall:HeartBlessingRed":39,"hubris:64BitClover":234,"qcfpunch:Black_Training_Shirt":8,"Thread and Needle":234,"Ring of Greed":114,"Boundary_crack":211,"hubris:Towel":81,"Frozen Egg 2":230,"Replay:Arrowhead":12,"PureWhite:ReiMu":278,"Bromod:ArcaneDeflection":234,"potionbrewer:BottledElixir":39,"ReplayTheSpireMod:Lightbulb":275,"Toy Ornithopter":42,"hubris:CrystalStatue":234,"ThegodofHakurei_purpleEX":234,"Vajra":266,"DemoMod:GlassGuonStoneRelic":8,"sneckomod:SneckoSoul":0,"RedLine:ReiMu":174,"HornCleat":112,"DemoMod:MonsterBlood":81,"theSenshi:RoseRelic":112,"Prayer Wheel":0,"Philosopher\u0027s Stone":258,"potionbrewer:DrinkingBird":234,"DemoMod:ClearGuonStone":112,"conspire:Dentures":112,"Happy Flower":234,"wanderingMiniBosses:ThiefScarf":288,"Dead Branch":3,"potionbrewer:BhaskarasWheel":283,"Replay:Kaleidoscope":99,"aspiration:SeaSaltIceCream":278,"War Paint":24,"potionbrewer:ToyAutogyro":112,"Question Card":0,"OrangePellets":99,"Onion Ring":37,"infinitespire:EmpoweringShard":37,"Grinning Jar":273,"theSenshi:CosmicHeartCompactRelic":112,"Memoryfragments_purpleEX":211,"Darkstone Periapt":122,"ReplayFunnel":288,"Hallownest:StagBellRelic1":148,"Juzu Bracelet":112,"ClockworkSouvenir":112,"Frozen Eye":7,"Mummified Hand":32,"downfall:HeartBlessingBlue":39,"Genji_Glove":112,"Tiny Chest":221,"TheVixenMod:UmbreonRelic":76,"DemoMod:JetPack":191,"Replay:Towering Pillar of Hats":78,"aspiration:FetidBarrel":161,"infinitespire:CursedDice":273,"Quantum Egg":0,"vexMod:FocusSash":32,"Orichalcum":87,"Peace Pipe":288,"Anchor":135,"wanderingMiniBosses:CarrionFlame":148,"infinitespire:Satchel":293,"ChewingGum":26,"Bag of Marbles":74,"Membership Card":112,"Guard_Bracelet":211,"hubris:Potato":126}]},"card_choices":[{"not_picked":["StateDuplicate_purple","MonsterNeedle_purple","Boundary_of_Extermination_purpleEX"],"picked":"SKIP","floor":1},{"not_picked":["infinitespire:UltimateForm","ReplayTheSpireMod:Chaos Vortex"],"picked":"hubris:Fate","floor":4},{"not_picked":["Worldmountain_purple","DimensionStaggered_purple"],"picked":"Mirror_TwoAndThreeElementRealm_purple","floor":5},{"not_picked":["Nest_LightFlightworm_purple","PurpleNeedle_purple","StateDuplicate_purple"],"picked":"SKIP","floor":7},{"not_picked":["Bait_Toxicbait_purple","Mirror_FormAndEmptin_purple"],"picked":"Umbrella_purple","floor":8},{"not_picked":["MeetDecomposer_purple","StateErode_purple"],"picked":"SfantasyHide_purple","floor":11},{"not_picked":["Boundary_ObjectiveBoundary_purple","StateErode_purple"],"picked":"ContainerChange_purple","floor":14},{"not_picked":["Theboundaryofcreation_purpleEX","Know_ledgeAbilityRealm_purple"],"picked":"ProofOfUnderstanding_purple","floor":16},{"not_picked":["PurpleNeedle_purple","Charmbait_purple","SfantasyHide_purple"],"picked":"SKIP","floor":18},{"not_picked":["RuleDissolution_purple","ExistenceContinue_purple","MeetDecomposer_purple"],"picked":"SKIP","floor":21},{"not_picked":["Mirror_TwoAndThreeElementRealm_purple","DimensionStaggered_purple"],"picked":"Yakumo_Ran_purple","floor":23},{"not_picked":["StateErode_purple","ExistenceContinue_purple+1","WatchEyeChange_purple"],"picked":"SKIP","floor":25},{"not_picked":["StateErode_purple","ExistenceContinue_purple+1","WatchEyeChange_purple"],"picked":"SKIP","floor":25},{"not_picked":["Realm_recovery_purpleEX","ExistenceContinue_purple","Boundary_DynamicStaticEquilibrium_purple"],"picked":"SKIP","floor":27},{"not_picked":["StateErode_purple","EighthInstrument_OneDividesIntoTwo_purple","RuleDissolution_purple"],"picked":"SKIP","floor":30},{"not_picked":["StateDuplicate_purple","EighthInstrument_OneDividesIntoTwo_purple","StretchesForeverDream_purple"],"picked":"SKIP","floor":31},{"not_picked":["ContainerChange_purple","Price_of_realm_purpleEX"],"picked":"WangLiang_LineAndCurveDreams_purple","floor":33},{"not_picked":["Mirror_FormAndEmptin_purple","ExistenceContinue_purple"],"picked":"WingOfChimera_purple+1","floor":35}],"player_experience":1237880,"relics_obtained":[{"floor":14,"key":"Blue Doll"},{"floor":23,"key":"Vajra"},{"floor":25,"key":"infinitespire:CursedDice"},{"floor":26,"key":"Grinning Jar"},{"floor":27,"key":"ReplayTheSpireMod:Lightbulb"},{"floor":29,"key":"aspiration:SeaSaltIceCream"},{"floor":30,"key":"Replay:Rubber Ducky"},{"floor":35,"key":"wanderingMiniBosses:ThiefScarf"},{"floor":43,"key":"vexMod:InvisibilityCloak"},{"floor":47,"key":"ReplayFunnel"}],"event_choices":[{"damage_healed":0,"gold_gain":44,"player_choice":"Grab what you can","damage_taken":0,"max_hp_gain":0,"max_hp_loss":0,"event_name":"Creature of the Night","floor":12,"gold_loss":0},{"damage_healed":0,"gold_gain":0,"player_choice":"Ignored","damage_taken":0,"max_hp_gain":0,"max_hp_loss":0,"event_name":"Tomb of Lord Red Mask","floor":37,"gold_loss":0},{"damage_healed":0,"gold_gain":0,"player_choice":"Leave","damage_taken":0,"max_hp_gain":0,"max_hp_loss":0,"event_name":"conspire:Investor","floor":38,"gold_loss":0},{"cards_removed":["Pot Of Greed"],"damage_healed":0,"gold_gain":0,"player_choice":"Card Removal","damage_taken":0,"max_hp_gain":0,"max_hp_loss":0,"event_name":"Wheel of Change","floor":44,"gold_loss":0},{"damage_healed":0,"gold_gain":0,"player_choice":"Ignored","damage_taken":0,"max_hp_gain":0,"max_hp_loss":0,"event_name":"OrinTheCat","floor":45,"gold_loss":0}],"is_beta":false,"boss_relics":[{"not_picked":["Abe\u0027s Treasure","Snecko Eye"],"picked":"Replay:Bronze Core"},{"not_picked":["Runic Pyramid","conspire:RoyalGoblet"],"picked":"potionbrewer:BhaskarasWheel"}],"items_purged_floors":[0],"is_endless":false,"potions_floor_spawned":[5,7,14,21,28,30,31,35],"ascension_level":20}}