{"host":"1tl36azeqm6yhdgj","time":1609157605,"event":{"mods":["AchievementEnabler","BaseMod","Minty Spire (QoL Compilation)","StSLib","The IronCluck","everything is the same but u backflip on backflip"],"gold_per_floor":[111,131,131,131,146,146,176,196,221,178,178,204,219,234,234,310,310,326,376,376],"floor_reached":19,"playtime":576,"items_purged":[],"score":377,"play_id":"0fef5bed-dea1-4c4e-9b8a-5f221d0a81df","local_time":"20201228071325","is_ascension_mode":true,"campfire_choices":[{"data":"Bludgeon","floor":6.0,"key":"SMITH"},{"data":"Barricade","floor":15.0,"key":"SMITH"}],"circlet_count":0,"master_deck":["AscendersBane","Strike_R","Defend_R","Defend_R","Defend_R","Defend_R","Bash","Shrug It Off","Shrug It Off","Bludgeon+1","Inflame","Feel No Pain","Metallicize","Exhume","Heavy Blade+1","Heavy Blade+1","Barricade+1"],"relics":["Burning Blood","NeowsBlessing","Orichalcum","SsserpentHead","Akabeko","Astrolabe"],"acts_visited":["Exordium","TheCity"],"potions_floor_usage":[],"damage_taken":[{"damage":0.0,"enemies":"2 Louse","floor":1.0,"turns":1.0},{"damage":0.0,"enemies":"Cultist","floor":2.0,"turns":1.0},{"damage":0.0,"enemies":"Jaw Worm","floor":5.0,"turns":1.0},{"damage":32.0,"enemies":"Gremlin Nob","floor":7.0,"turns":4.0},{"damage":5.0,"enemies":"Looter","floor":8.0,"turns":2.0},{"damage":0.0,"enemies":"3 Sentries","floor":12.0,"turns":8.0},{"damage":8.0,"enemies":"Gremlin Gang","floor":13.0,"turns":8.0},{"damage":3.0,"enemies":"3 Louse","floor":14.0,"turns":6.0},{"damage":18.0,"enemies":"The Guardian","floor":16.0,"turns":11.0},{"damage":15,"enemies":"Chosen","floor":18,"turns":6},{"damage":59,"enemies":"3 Byrds","floor":19,"turns":7}],"seed_played":"-7449270318123205682","potions_obtained":[{"floor":1.0,"key":"AttackPotion"},{"floor":13.0,"key":"Weak Potion"}],"is_trial":false,"path_per_floor":["M","M","?","?","M","R","E","M","T","?","?","E","M","M","R","B",null,"M","M"],"character_chosen":"IRONCLAD","items_purchased":[],"campfire_rested":0,"item_purchase_floors":[],"current_hp_per_floor":[74,75,68,68,74,74,48,49,49,49,49,55,53,56,56,44,67,58,0,0],"gold":376,"neow_bonus":"THREE_ENEMY_KILL","is_daily":false,"chose_seed":false,"campfire_upgraded":2,"win_rate":0.0,"timestamp":1609157605,"path_taken":["M","M","?","?","?","R","E","M","T","?","?","E","M","M","R","BOSS","M","?"],"items_purchased_type":[],"build_version":"2020-12-22","purchased_purges":0,"victory":false,"max_hp_per_floor":[75,75,75,75,75,75,75,75,75,75,75,75,75,75,75,75,75,75,75,75],"card_choices":[{"not_picked":["Combust","Iron Wave"],"picked":"Shrug It Off","floor":1.0},{"not_picked":["Headbutt","Twin Strike"],"picked":"Shrug It Off","floor":2.0},{"not_picked":["Rupture","Flex"],"picked":"Bludgeon","floor":5.0},{"not_picked":["Cleave","Flex"],"picked":"Barricade","floor":7.0},{"not_picked":["Pommel Strike","Combust"],"picked":"Inflame","floor":8.0},{"not_picked":["Flex","Flame Barrier"],"picked":"Feel No Pain","floor":12.0},{"not_picked":["Headbutt","Sword Boomerang"],"picked":"Metallicize","floor":13.0},{"not_picked":["Blood for Blood","Havoc","Clothesline"],"picked":"SKIP","floor":14.0},{"not_picked":["Bludgeon","Barricade"],"picked":"Exhume","floor":16.0},{"not_picked":["Armaments","Iron Wave","Dual Wield+1"],"picked":"SKIP","floor":18}],"player_experience":1981574,"relics_obtained":[{"floor":7.0,"key":"Orichalcum"},{"floor":12.0,"key":"Akabeko"}],"event_choices":[{"cards_removed":["Strike_R"],"damage_healed":0.0,"max_hp_gain":0.0,"max_hp_loss":0.0,"gold_gain":0.0,"event_name":"Golden Wing","player_choice":"Card Removal","floor":3.0,"gold_loss":0.0,"damage_taken":7.0},{"cards_removed":["Strike_R"],"damage_healed":0.0,"max_hp_gain":0.0,"max_hp_loss":0.0,"gold_gain":0.0,"event_name":"Purifier","player_choice":"Purged","floor":4.0,"gold_loss":0.0,"damage_taken":0.0},{"damage_healed":0.0,"max_hp_gain":0.0,"max_hp_loss":0.0,"gold_gain":0.0,"event_name":"World of Goop","player_choice":"Left Gold","floor":10.0,"gold_loss":43.0,"damage_taken":0.0},{"damage_healed":0.0,"max_hp_gain":0.0,"max_hp_loss":0.0,"gold_gain":0.0,"event_name":"FaceTrader","player_choice":"Trade","floor":11.0,"gold_loss":0.0,"damage_taken":0.0,"relics_obtained":["SsserpentHead"]}],"is_beta":false,"boss_relics":[{"not_picked":["Velvet Choker","SlaversCollar"],"picked":"Astrolabe"}],"items_purged_floors":[],"is_endless":false,"potions_floor_spawned":[1,13],"killed_by":"3 Byrds","ascension_level":17}}