{"host":"4so6zk3ni2nu7g2c","time":1609166380,"event":{"mods":["ATMod(°¢èªMod)","Act Like it!","BaseMod","Gensokyo","Lobotomy","Minty Spire (QoL Compilation)","Prisma Mod","Quick Restart","Replay The Spire","Shop Mod","StSLib","¡¾ÒÅÎï¿¨ÅÆ¡¿REMEMod"],"gold_per_floor":[115,115,125,138,155,168,614,614,614,614,624,640,657,714,714,811,811,831,831,453,464,464,464,499,499,499,499,499,499,510,542,542,646,646,665,677,677,686,713,760,760,795,822,771,340,374,401,169,178,178,178],"floor_reached":52,"playtime":2689,"items_purged":["Scorched"],"score":1156,"play_id":"48843b51-1466-4eed-b851-9ee9c252f7ed","local_time":"20201228223940","is_ascension_mode":true,"campfire_choices":[],"circlet_count":0,"master_deck":["SpecialBullet","SpecialBullet","SpecialBullet","SpecialBullet","SpecialBullet","SpecialBullet","SpecialBullet","SpecialBullet","InformationCode","RecordCode","SecurityCode","UniverseFragment","CrumblingArmor","WristCuter+1","Beak+1","GreenStem+1","Twilight+1","OSAHOGD","Diffraction+1","ControlCode","OldLady","TT2Protocol","SummonCall","TheSmile+1","Horn+1","NothingThere","Ecstasy+1","Gensokyo:CustomPotion","Ecstasy+1","Beak+1","GoldRush+1","TheSmile","TrainingCode"],"relics":["CogitoBucket","RabbitCall","AT_ATBox","REME_ComplimentaryCards","Gensokyo:OccultBall","Gensokyo:Justice","AT_EbonyIvory","HellTrain","Omamori","SacredBark","SkinProphecy","Guide Book","ClockworkSouvenir","Gensokyo:DirgeOfMelancholy","Replay:Rubber Ducky","Nunchaku","CeramicFish","Coffee Dripper","AdjustmentMirror","Gensokyo:TheCrow","AT_SilvercatRing","Mirror","Membership Card","Mummified Hand","Happy Flower","MerchantsRug","Toy Ornithopter","Peace Pipe","ReplayTheSpireMod:Lightbulb"],"acts_visited":["Gensokyo:Gensokyo","Gensokyo:Gensokyoer","Gensokyo:Gensokyoest"],"potions_floor_usage":[],"damage_taken":[{"damage":0.0,"enemies":"Gensokyo:Gryphon","floor":1.0,"turns":1.0},{"damage":0.0,"enemies":"Gensokyo:3_Fairies","floor":3.0,"turns":3.0},{"damage":0.0,"enemies":"Gensokyo:Python","floor":4.0,"turns":2.0},{"damage":0.0,"enemies":"Gensokyo:LivingMonolith","floor":5.0,"turns":2.0},{"damage":8.0,"enemies":"Gensokyo:3_Kodama","floor":6.0,"turns":3.0},{"damage":58.0,"enemies":"Gensokyo:Aya","floor":7.0,"turns":3.0},{"damage":23.0,"enemies":"Gensokyo:VengefulSpirit","floor":11.0,"turns":5.0},{"damage":4.0,"enemies":"Gensokyo:CorruptedTreant","floor":12.0,"turns":2.0},{"damage":5.0,"enemies":"Gensokyo:Kitsune","floor":13.0,"turns":2.0},{"damage":10.0,"enemies":"Gensokyo:Cirno","floor":14.0,"turns":4.0},{"damage":5.0,"enemies":"Gensokyo:Yukari","floor":16.0,"turns":3.0},{"damage":50.0,"enemies":"Gensokyo:3_Dogs","floor":18.0,"turns":4.0},{"damage":5.0,"enemies":"Gensokyo:AngelMirror","floor":21.0,"turns":1.0},{"damage":27.0,"enemies":"Gensokyo:Tenshi","floor":24.0,"turns":2.0},{"damage":0.0,"enemies":"Gensokyo:Chomper_and_Gloop","floor":30.0,"turns":2.0},{"damage":0.0,"enemies":"Gensokyo:Reisen","floor":31.0,"turns":3.0},{"damage":86.0,"enemies":"Gensokyo:Kaguya","floor":33.0,"turns":6.0},{"damage":97.0,"enemies":"Gensokyo:3_Boulders","floor":35.0,"turns":14.0},{"damage":3.0,"enemies":"Gensokyo:3_Bats","floor":36.0,"turns":2.0},{"damage":0.0,"enemies":"Gensokyo:Rafflesia","floor":39.0,"turns":3.0},{"damage":9.0,"enemies":"Gensokyo:Marisa","floor":40.0,"turns":3.0},{"damage":0.0,"enemies":"Gensokyo:Doremy","floor":42.0,"turns":4.0},{"damage":45.0,"enemies":"Gensokyo:Kasen","floor":46.0,"turns":4.0},{"damage":31.0,"enemies":"Gensokyo:AtlasGolem","floor":47.0,"turns":3.0},{"damage":40.0,"enemies":"Gensokyo:Scarlet_Devils","floor":50.0,"turns":6.0},{"damage":170.0,"enemies":"Malkuth","floor":51.0,"turns":6.0},{"damage":22.0,"enemies":"Hod","floor":51.0,"turns":6.0},{"damage":320,"enemies":"Geburah","floor":52,"turns":10},{"damage":209,"enemies":"Binah","floor":52,"turns":5}],"seed_played":"754009200098311752","potions_obtained":[{"floor":1.0,"key":"Weak Potion"},{"floor":4.0,"key":"ColorlessPotion"},{"floor":6.0,"key":"Explosive Potion"},{"floor":12.0,"key":"SpeedPotion"},{"floor":21.0,"key":"Strength Potion"},{"floor":36.0,"key":"Weak Potion"},{"floor":47.0,"key":"Explosive Potion"}],"is_trial":false,"path_per_floor":["M","?","M","M","M","M","E","?","T","R","M","M","M","E","R","B",null,"M","?","COS","M","?","R","E","R","T","R","?","R","M","E","R","B",null,"M","M","?","?","M","E","?","E","T","?","$","E","M","$","R","B",null,null,null],"character_chosen":"Angela","items_purchased":["Membership Card","Mummified Hand","Happy Flower","MerchantsRug","ReplayTheSpireMod:Lightbulb","GoldRush","TheSmile"],"campfire_rested":0,"item_purchase_floors":[45,45,45,45,48,48,48],"current_hp_per_floor":[71,71,79,84,84,84,34,34,34,34,19,23,26,28,28,31,71,37,37,37,40,40,40,17,17,17,17,17,17,21,28,200,118,181,87,92,92,92,100,103,103,145,145,145,145,149,133,133,133,125,228],"gold":178,"neow_bonus":"TWENTY_PERCENT_HP_BONUS","is_daily":false,"chose_seed":false,"campfire_upgraded":0,"win_rate":0.0,"timestamp":1609166380,"path_taken":["M","?","M","M","M","M","E","?","T","R","?","M","M","E","R","BOSS","M","?","COS","M","?","R","E","R","T","R","?","R","?","E","R","BOSS","M","M","?","?","M","E","?","E","T","?","$","E","M","$","R","BOSS"],"items_purchased_type":["Relic","Relic","Relic","Relic","Relic","Card","Card"],"build_version":"2020-12-22","purchased_purges":1,"victory":true,"max_hp_per_floor":[84,84,84,84,84,84,84,84,84,84,84,84,84,84,84,84,84,88,88,88,94,94,94,96,96,96,96,96,96,98,100,200,202,202,206,208,208,208,210,216,216,218,218,218,218,220,222,222,222,224,228],"card_choices":[{"not_picked":["FairyFestival","Laetitia"],"picked":"UniverseFragment","floor":1.0},{"not_picked":["CrimsonScar"],"picked":"CENSORED_ego","floor":1.0},{"not_picked":["MHz","SnowQueen"],"picked":"CrumblingArmor","floor":3.0},{"not_picked":["Soda","Loneliness"],"picked":"SKIP","floor":3.0},{"not_picked":["FeatherOfHonor"],"picked":"WristCuter","floor":4.0},{"not_picked":["Noise","Regret_ego"],"picked":"SKIP","floor":5.0},{"not_picked":["Wingbeat","Regret_ego"],"picked":"SKIP","floor":6.0},{"not_picked":["SoundOfStar","RedEyes"],"picked":"SKIP","floor":7.0},{"not_picked":["MHz","OSAHOGD"],"picked":"Scorched","floor":11.0},{"not_picked":["Moonlight","CherryBlossom"],"picked":"SKIP","floor":11.0},{"not_picked":["RapturousDream"],"picked":"Beak","floor":12.0},{"not_picked":["Soda","Discord"],"picked":"SKIP","floor":13.0},{"not_picked":["Loneliness"],"picked":"GreenStem","floor":14.0},{"not_picked":["CENSORED_ego"],"picked":"Twilight","floor":16.0},{"not_picked":["CherryBlossoms","PunishingBird"],"picked":"OSAHOGD","floor":18.0},{"not_picked":["CUTE"],"picked":"Diffraction","floor":18.0},{"not_picked":["FairyFestival","WallGazer"],"picked":"OldLady","floor":21.0},{"not_picked":["SomewhereSpear","Lantern+1"],"picked":"SKIP","floor":21.0},{"not_picked":["Lantern","MagicBullet"],"picked":"SKIP","floor":24.0},{"not_picked":["Noise","Heaven"],"picked":"SKIP","floor":30.0},{"not_picked":["Mimicry","SomewhereSpear"],"picked":"SKIP","floor":31.0},{"not_picked":["SoundOfStar","ScreamingWedge"],"picked":"SKIP","floor":31.0},{"not_picked":["Adoration"],"picked":"TheSmile","floor":33.0},{"not_picked":["FourthMatchFlame+1","CUTE"],"picked":"SKIP","floor":35.0},{"not_picked":["Regret_ego","ScreamingWedge+1"],"picked":"SKIP","floor":35.0},{"not_picked":["CUTE+1","Loneliness+1"],"picked":"SKIP","floor":36.0},{"not_picked":["CUTE+1","Wingbeat+1"],"picked":"SKIP","floor":36.0},{"not_picked":["Adoration"],"picked":"Horn+1","floor":39.0},{"not_picked":["Loneliness+1","RapturousDream+1"],"picked":"SKIP","floor":39.0},{"not_picked":["WhitesApple","NakedNest"],"picked":"NothingThere","floor":40.0},{"not_picked":["SwordSharpenedByTears"],"picked":"Ecstasy+1","floor":40.0},{"not_picked":["Lantern","Noise"],"picked":"SKIP","floor":40.0},{"not_picked":["Lamp+1","Loneliness"],"picked":"SKIP","floor":42.0},{"not_picked":["Wingbeat","Tough+1"],"picked":"SKIP","floor":42.0},{"not_picked":["CUTE"],"picked":"Ecstasy+1","floor":46.0},{"not_picked":["Pleasure+1","Loneliness"],"picked":"SKIP","floor":46.0},{"not_picked":["RapturousDream"],"picked":"Beak+1","floor":47.0},{"not_picked":["RedEyes+1","Loneliness"],"picked":"SKIP","floor":47.0}],"player_experience":440574,"relics_obtained":[{"floor":3.0,"key":"Gensokyo:OccultBall"},{"floor":7.0,"key":"Gensokyo:OccultBall"},{"floor":7.0,"key":"REME_PuzzleBoxRelic"},{"floor":9.0,"key":"AT_EbonyIvory"},{"floor":14.0,"key":"Omamori"},{"floor":16.0,"key":"Gensokyo:OccultBall"},{"floor":24.0,"key":"Replay:Rubber Ducky"},{"floor":26.0,"key":"Nunchaku"},{"floor":30.0,"key":"Gensokyo:OccultBall"},{"floor":31.0,"key":"CeramicFish"},{"floor":33.0,"key":"Gensokyo:OccultBall"},{"floor":40.0,"key":"AT_SilvercatRing"},{"floor":42.0,"key":"Mirror"},{"floor":46.0,"key":"Toy Ornithopter"}],"event_choices":[],"is_beta":false,"boss_relics":[{"not_picked":["ReplayTheSpireMod:DimensionalGlitch","Runic Pyramid"],"picked":"SacredBark"},{"not_picked":["Empty Cage","REME_ChargedStone"],"picked":"Coffee Dripper"}],"items_purged_floors":[45],"is_endless":false,"potions_floor_spawned":[1,4,6,12,21,36,47],"ascension_level":5}}