{"host":"zdmzy2d4yvl8k6jn","time":1609132257,"event":{"mods":["AchievementEnabler","BaseMod","BetterRewards","Key Reminder","Marisa????????","Minty Spire (QoL Compilation)","Quick Restart","Shop Mod","StSLib","The Runesmith","Unceasing Turn Reminder","[IsaacMod]????"],"gold_per_floor":[14,32,32,56,6,6,181,181,262,281,295,319,319,244,244,244,244],"floor_reached":16,"playtime":436,"items_purged":["Strike_G"],"score":92,"play_id":"efb6fa6b-fb6c-435a-bc04-c1bf83646c44","local_time":"20201228001057","is_ascension_mode":false,"campfire_choices":[{"data":"Blade Dance","floor":6,"key":"SMITH"},{"data":"EpicFetus","floor":8,"key":"SMITH"},{"data":"Backstab","floor":13,"key":"SMITH"},{"floor":15,"key":"REST"}],"circlet_count":0,"master_deck":["Strike_G","Strike_G","Strike_G","Strike_G","Defend_G","Defend_G","Survivor","Neutralize","EpicFetus+1","Blade Dance+1","Doubt","Backstab+1"],"relics":["Ring of the Snake","HushsDoor","TheBean","Golden Idol","Pantograph"],"acts_visited":["Exordium"],"potions_floor_usage":[10,16,16],"damage_taken":[{"damage":2,"enemies":"Cultist","floor":1,"turns":4},{"damage":0,"enemies":"Jaw Worm","floor":2,"turns":4},{"damage":0,"enemies":"Small Slimes","floor":4,"turns":2},{"damage":5,"enemies":"2 Fungi Beasts","floor":10,"turns":3},{"damage":13,"enemies":"Exordium Thugs","floor":11,"turns":3},{"damage":6,"enemies":"Red Slaver","floor":12,"turns":3},{"damage":61,"enemies":"The Guardian","floor":16,"turns":7}],"seed_played":"-2468007521336052004","potions_obtained":[{"floor":1,"key":"Block Potion"},{"floor":4,"key":"AttackPotion"},{"floor":12,"key":"Ancient Potion"}],"is_trial":false,"path_per_floor":["M","M","?","M","?","R","?","R","T","M","M","M","R","$","R","B"],"character_chosen":"THE_SILENT","items_purchased":[],"campfire_rested":1,"item_purchase_floors":[],"current_hp_per_floor":[68,68,65,65,65,65,65,65,65,60,47,41,41,41,60,4,4],"gold":244,"neow_bonus":"REMOVE_TWO","is_daily":false,"chose_seed":false,"campfire_upgraded":3,"win_rate":0.0,"timestamp":1609132257,"path_taken":["M","M","?","M","?","R","?","R","T","M","?","M","R","?","R","BOSS"],"items_purchased_type":[],"build_version":"2020-12-22","purchased_purges":1,"victory":false,"max_hp_per_floor":[70,70,65,65,65,65,65,65,65,65,65,65,65,65,65,65,65],"card_choices":[{"not_picked":[],"picked":"EpicFetus","floor":0},{"not_picked":["Outmaneuver","Deflect","Deadly Poison"],"picked":"SKIP","floor":1},{"not_picked":["Tactician","Sucker Punch"],"picked":"Blade Dance","floor":2},{"not_picked":["Setup","Heel Hook","Venomology"],"picked":"SKIP","floor":4},{"not_picked":["Bane","Finisher"],"picked":"Backstab","floor":10},{"not_picked":["Prepared","Riddle With Holes","Poisoned Stab"],"picked":"SKIP","floor":11},{"not_picked":["Acrobatics","Infinite Blades","Deadly Poison"],"picked":"SKIP","floor":12}],"player_experience":309746,"relics_obtained":[{"floor":9,"key":"Pantograph"}],"event_choices":[{"damage_healed":0,"gold_gain":0,"player_choice":"Lose Max HP","damage_taken":0,"relics_obtained":["Golden Idol"],"max_hp_gain":0,"max_hp_loss":5,"event_name":"Golden Idol","floor":3,"gold_loss":0},{"cards_removed":["Defend_G"],"damage_healed":0,"gold_gain":0,"player_choice":"Card Removal","damage_taken":0,"max_hp_gain":0,"max_hp_loss":0,"event_name":"The Cleric","floor":5,"gold_loss":50},{"damage_healed":0,"gold_gain":175,"player_choice":"AGREE","damage_taken":0,"max_hp_gain":0,"max_hp_loss":0,"event_name":"Liars Game","floor":7,"gold_loss":0,"cards_obtained":["Doubt"]}],"is_beta":false,"boss_relics":[],"items_purged_floors":[14],"is_endless":false,"potions_floor_spawned":[1,4,12],"killed_by":"The Guardian","ascension_level":0}}