{"host":"p34rppyhk302xzzg","time":1609177968,"event":{"mods":["Ascension Reborn","BaseMod","Marisa£®ÏF”Í°°ƒß¿Ì…≥£©","Minty Spire (QoL Compilation)","Quick Restart","READ ME - Guardian Mod","Remilia£®¿Ÿ√◊¿Ú—«£©","SOS£®Àπ∞Õ¥Ô÷Æ◊”£©","StSLib","Td1madao Mod","Youmu£®ªÍ∆«—˝√Œ£©","[IsaacMod]“‘»ˆº‚À˛"],"gold_per_floor":[117,117,132,150,150,181,199,234,284,57,57,23,49,62,62,159,159,176,176,8,8,27,55,74,85,85,10,10,28,5,33,33,134,134,149,149,160,178,23,23,50,50,74,128,138,155,188,188,188,188],"floor_reached":51,"playtime":2317,"items_purged":[],"score":815,"play_id":"b114cbb1-4b2a-4310-afc4-472f194166a6","local_time":"20201229015248","is_ascension_mode":false,"campfire_choices":[{"data":"DoctorFetus","floor":11.0,"key":"SMITH"},{"floor":15.0,"key":"REST"},{"floor":32,"key":"REST"},{"data":"StrangeHalfBody","floor":40,"key":"SMITH"},{"data":"PretaSword","floor":42,"key":"SMITH"},{"floor":49,"key":"REST"}],"circlet_count":0,"master_deck":["Strike_YM+1","Strike_YM+1","Strike_YM","Defend_YM","Defend_YM","Defend_YM+1","Defend_YM","SlashOfPresentWorld","WheelOfPainOfLivingAndDead","DoctorFetus+1","HumanKnowledgeSword","CrescentMoonSlash","SlashOfTheEternalFuture","CherryBlossomFlashing","ThoughtCuttingSword","SpiritCuttingSword","ThreeKonsSevenHakus","HellFireSword","SwordOfBindingDesires","LowerRealmReflectionSlash","StrangeHalfBody+1","EchoesOfTheInclemencyOfAllBeings+1","HeavenGodSword","LowerRealmReflectionSlash+1","FlashingScatteredFlowers","Iron Wave","SlashOfMeditation+1","PretaSword+1","GhostSword+1","FlashingScatteredFlowers","SanzenSekai+1","SwordOfBindingDesires","FlashingScatteredFlowers+1","DeadlyForm","LotusPostureSlash","TransmigrationSlash+1","SwordOfBindingDesires+1","DispleasureOfTheSevenHakus+1","SlashOfAscensionToBuddhahood","LifeCuttingSword","SwordExtraction","ConstancyOfTheConventionalTruth+1"],"relics":["HalfPhantom","HushsDoor","Leech","ChestCloth","FencingExperience","Darkstone Periapt","Omamori","BFFS","TungstenRod","Runic Pyramid","Sling","BookOfRevelations","Matryoshka","SharpPlug","MagicMushroom","ClockworkSouvenir","War Paint","TheBible","Whetstone","Lizard Tail","Toy Ornithopter","PreservedInsect","Juzu Bracelet"],"acts_visited":["Exordium","TheCity","TheBeyond"],"potions_floor_usage":[33,44,44,50,50],"damage_taken":[{"damage":0.0,"enemies":"Cultist","floor":1.0,"turns":4.0},{"damage":0.0,"enemies":"Small Slimes","floor":3.0,"turns":3.0},{"damage":4.0,"enemies":"Jaw Worm","floor":4.0,"turns":3.0},{"damage":14.0,"enemies":"Lagavulin","floor":6.0,"turns":6.0},{"damage":13.0,"enemies":"Exordium Thugs","floor":7.0,"turns":2.0},{"damage":0.0,"enemies":"Gremlin Nob","floor":8.0,"turns":3.0},{"damage":20.0,"enemies":"3 Sentries","floor":13.0,"turns":4.0},{"damage":0.0,"enemies":"Blue Slaver","floor":14.0,"turns":3.0},{"damage":19.0,"enemies":"The Guardian","floor":16.0,"turns":6.0},{"damage":16.0,"enemies":"Spheric Guardian","floor":18.0,"turns":4.0},{"damage":10.0,"enemies":"Shell Parasite","floor":22.0,"turns":3.0},{"damage":28.0,"enemies":"Book of Stabbing","floor":23.0,"turns":4.0},{"damage":0.0,"enemies":"Snake Plant","floor":24.0,"turns":3.0},{"damage":0.0,"enemies":"3 Cultists","floor":25.0,"turns":4.0},{"damage":9.0,"enemies":"Sentry and Sphere","floor":29.0,"turns":4.0},{"damage":24.0,"enemies":"Slavers","floor":31.0,"turns":3.0},{"damage":29,"enemies":"Automaton","floor":33,"turns":8},{"damage":19,"enemies":"3 Shapes","floor":35,"turns":3},{"damage":42,"enemies":"3 Darklings","floor":37,"turns":5},{"damage":9,"enemies":"Sphere and 2 Shapes","floor":38,"turns":3},{"damage":35,"enemies":"Giant Head","floor":41,"turns":7},{"damage":16,"enemies":"2 Orb Walkers","floor":44,"turns":4},{"damage":26,"enemies":"Spire Growth","floor":45,"turns":5},{"damage":12,"enemies":"Jaw Worm Horde","floor":46,"turns":4},{"damage":40,"enemies":"Reptomancer","floor":47,"turns":4},{"damage":50,"enemies":"Awakened One","floor":50,"turns":14}],"seed_played":"-3591836214794721486","potions_obtained":[{"floor":1.0,"key":"CausticAgent"},{"floor":4.0,"key":"PhantomPosion"},{"floor":7.0,"key":"Dexterity Potion"},{"floor":8.0,"key":"Regen Potion"},{"floor":22.0,"key":"LiquidBronze"},{"floor":25.0,"key":"DistilledChaos"},{"floor":31.0,"key":"LiquidMemories"},{"floor":35,"key":"Block Potion"},{"floor":37,"key":"SkillPotion"},{"floor":44,"key":"Explosive Potion"},{"floor":47,"key":"ColorlessPotion"}],"is_trial":false,"path_per_floor":["M","T","M","M","?","E","M","E","T","$","R","$","E","M","R","B",null,"M","?","$","?","M","E","M","M","T","?","?","M","$","E","R","B",null,"M","?","M","M","$","R","E","R","T","?","M","M","E","T","R","B",null],"character_chosen":"YOUMU","items_purchased":["BFFS","SpiritCuttingSword","ThreeKonsSevenHakus","HellFireSword","EchoesOfTheInclemencyOfAllBeings","HeavenGodSword","FlashingScatteredFlowers","Sling","SwordOfBindingDesires","ClockworkSouvenir"],"campfire_rested":3,"item_purchase_floors":[10,10,10,12,17,17,20,20,30,39],"current_hp_per_floor":[82,82,82,79,79,71,59,62,62,62,62,62,46,48,72,59,76,63,63,63,63,56,31,33,36,36,36,36,30,30,8,30,7,83,67,83,44,55,55,55,27,27,27,15,41,33,15,15,39,6],"gold":188,"neow_bonus":"TEN_PERCENT_HP_BONUS","is_daily":false,"chose_seed":false,"campfire_upgraded":3,"win_rate":0.0,"timestamp":1609177968,"path_taken":["M","?","?","M","?","E","M","E","T","?","R","$","E","M","R","BOSS","M","?","$","?","M","E","M","M","T","?","?","M","?","E","R","BOSS","M","?","M","M","?","R","E","R","T","?","M","M","E","?","R","BOSS"],"items_purchased_type":["Relic","Card","Card","Card","Card","Card","Card","Relic","Card","Relic"],"build_version":"2020-12-22","purchased_purges":0,"victory":true,"max_hp_per_floor":[82,82,82,82,82,82,82,82,82,82,82,82,82,82,82,82,76,76,76,76,76,76,76,76,76,76,76,76,76,76,76,76,76,83,83,83,83,83,83,83,83,83,83,83,83,83,83,83,83,83],"card_choices":[{"not_picked":[],"picked":"DoctorFetus","floor":0.0},{"not_picked":["SpiritCuttingSword","AsTheSilentNirvana"],"picked":"HumanKnowledgeSword","floor":1.0},{"not_picked":["SpiritCuttingSword","ReincarnationSword"],"picked":"CrescentMoonSlash","floor":3.0},{"not_picked":["TwoHundredYojanaInOneSlash","HumanRealmSword"],"picked":"SlashOfMeditation","floor":4.0},{"not_picked":["SlashOfMeditation","HumanKnowledgeSword"],"picked":"SlashOfTheEternalFuture","floor":6.0},{"not_picked":["PhosphoricSlash","ConstancyOfTheConventionalTruth"],"picked":"CherryBlossomFlashing","floor":7.0},{"not_picked":["ConstancyOfTheConventionalTruth","HesitationCuttingSword"],"picked":"ThoughtCuttingSword","floor":8.0},{"not_picked":["HellFireSword","SlashOfDepartureFromHesitation"],"picked":"SwordOfBindingDesires","floor":13.0},{"not_picked":["CherryBlossomFlashing","HellFireSword"],"picked":"LowerRealmReflectionSlash","floor":14.0},{"not_picked":["SlashOfTheEternalFuture","IrresoluteSoul"],"picked":"StrangeHalfBody","floor":16.0},{"not_picked":["SanzenSekai","TwoHundredYojanaInOneSlash+1"],"picked":"LowerRealmReflectionSlash+1","floor":18.0},{"not_picked":["LowerRealmReflectionSlash+1","SlashOfAscensionToBuddhahood"],"picked":"SlashOfMeditation+1","floor":22.0},{"not_picked":["DispleasureOfTheSevenHakus","PhosphoricSlash"],"picked":"PretaSword","floor":23.0},{"not_picked":["LowerRealmReflectionSlash","HellGodSword"],"picked":"GhostSword+1","floor":24.0},{"not_picked":["HeartExcerptSlash","SlashOfMeditation"],"picked":"FlashingScatteredFlowers","floor":25.0},{"not_picked":["FlashingScatteredFlowers","PretaSword"],"picked":"SanzenSekai+1","floor":29.0},{"not_picked":["HumanKnowledgeSword","ConstancyOfTheConventionalTruth"],"picked":"FlashingScatteredFlowers+1","floor":31.0},{"not_picked":["CelestialStarSword","WickedSoul"],"picked":"DeadlyForm","floor":33},{"not_picked":["HumanKnowledgeSword","DispleasureOfTheSevenHakus"],"picked":"LotusPostureSlash","floor":35},{"not_picked":["PhosphoricSlash+1","BloodOfAsura+1"],"picked":"TransmigrationSlash+1","floor":37},{"not_picked":["SlashOfMeditation","LowerRealmReflectionSlash+1"],"picked":"SwordOfBindingDesires+1","floor":38},{"not_picked":["DoubleWheelOfPain+1","FantasyOfEnteringEnlightenment+1"],"picked":"DispleasureOfTheSevenHakus+1","floor":41},{"not_picked":["HumanKnowledgeSword","SpiritCuttingSword+1"],"picked":"SlashOfAscensionToBuddhahood","floor":44},{"not_picked":["IrresoluteSoul","DoubleWheelOfPain"],"picked":"LifeCuttingSword","floor":45},{"not_picked":["HellGodSword","SwordOfBindingDesires"],"picked":"SwordExtraction","floor":46},{"not_picked":["HumanKnowledgeSword","KarmicPunishmentOfTheIdleAndUnfocused+1"],"picked":"ConstancyOfTheConventionalTruth+1","floor":47}],"player_experience":39860,"relics_obtained":[{"floor":2.0,"key":"ChestCloth"},{"floor":6.0,"key":"FencingExperience"},{"floor":8.0,"key":"Darkstone Periapt"},{"floor":9.0,"key":"Omamori"},{"floor":13.0,"key":"TungstenRod"},{"floor":23.0,"key":"BookOfRevelations"},{"floor":26.0,"key":"Matryoshka"},{"floor":31.0,"key":"SharpPlug"},{"floor":41,"key":"War Paint"},{"floor":43,"key":"TheBible"},{"floor":43,"key":"Whetstone"},{"floor":44,"key":"Lizard Tail"},{"floor":47,"key":"Toy Ornithopter"},{"floor":48,"key":"PreservedInsect"},{"floor":48,"key":"Juzu Bracelet"}],"event_choices":[{"damage_healed":0.0,"max_hp_gain":0.0,"max_hp_loss":0.0,"gold_gain":0.0,"event_name":"The Cleric","player_choice":"Leave","floor":5.0,"gold_loss":0.0,"damage_taken":0.0},{"damage_healed":0.0,"max_hp_gain":0.0,"max_hp_loss":0.0,"gold_gain":0.0,"event_name":"Vampires","player_choice":"Ignored","floor":19.0,"gold_loss":0.0,"damage_taken":0.0},{"cards_removed":["Strike_YM"],"damage_healed":0.0,"max_hp_gain":0.0,"max_hp_loss":0.0,"gold_gain":0.0,"event_name":"NoteForYourself","player_choice":"Took Card","floor":21.0,"gold_loss":0.0,"damage_taken":0.0,"cards_obtained":["Iron Wave"]},{"cards_removed":["SlashOfMeditation"],"damage_healed":0.0,"max_hp_gain":0.0,"max_hp_loss":0.0,"gold_gain":0.0,"event_name":"Beggar","player_choice":"Gave Gold","floor":27.0,"gold_loss":75.0,"damage_taken":0.0},{"damage_healed":0.0,"max_hp_gain":0.0,"max_hp_loss":0.0,"gold_gain":0.0,"event_name":"Forgotten Altar","player_choice":"Smashed Altar","floor":28.0,"gold_loss":0.0,"damage_taken":0.0,"cards_obtained":["Decay"]},{"damage_healed":21,"gold_gain":0,"player_choice":"Writhe","damage_taken":0,"max_hp_gain":0,"max_hp_loss":0,"event_name":"Winding Halls","floor":36,"gold_loss":0,"cards_obtained":["Writhe"]},{"damage_healed":0,"gold_gain":0,"player_choice":"Fight","damage_taken":0,"max_hp_gain":0,"max_hp_loss":0,"event_name":"Mysterious Sphere","floor":44,"gold_loss":0}],"is_beta":false,"boss_relics":[{"not_picked":["Ectoplasm","ChampionBelt"],"picked":"Runic Pyramid"},{"not_picked":[]},{"not_picked":["Calling Bell","Runic Dome"],"picked":"MagicMushroom"},{"not_picked":[]}],"items_purged_floors":[],"is_endless":false,"potions_floor_spawned":[1,4,7,8,22,25,31,35,37,44,47],"ascension_level":0}}