{"host":"7tkrmasug91pv8cz","time":1609141422,"event":{"mods":["2.2 Compatiblity","AchievementEnabler","Ascension Reborn","BaseMod","CapriCore","DeckTracker","Hermit","Koishi","Marisa£¨Ùöéë¡¡Øª×âÞÞ£©","Minty Spire (QoL Compilation)","Permanent Neow","StSLib","SuperFastMode","The Alterego","The Cursed","The Dragon Tamer","The Gatherer","The Immortal"],"gold_per_floor":[122,122,134,154,176,176,218,218,249,249,287,287,287,303,303,418,418,437,450,472,485,485,522,552,601,615,666,692,706,720,748,762,895,909,945,973,374,396,428,465,481,481,481,518,536,536,43,67,67,67,67,67,67,105,105],"floor_reached":56,"playtime":2659,"items_purged":["Searing Blow"],"score":425,"play_id":"dc274e2c-87fc-4343-8e27-ab284df7fe87","local_time":"20201228164342","is_ascension_mode":true,"campfire_choices":[{"data":"Evolve","floor":6,"key":"SMITH"},{"data":"Reaper","floor":8,"key":"SMITH"},{"floor":10,"key":"RECALL"},{"data":"Dark Embrace","floor":13,"key":"SMITH"},{"data":"Berserk","floor":15,"key":"SMITH"},{"data":"Fiend Fire","floor":30,"key":"SMITH"},{"data":"Feel No Pain","floor":32,"key":"SMITH"},{"data":"Pommel Strike","floor":42,"key":"SMITH"},{"data":"Deep Breath","floor":49,"key":"SMITH"},{"data":"Juggernaut","floor":52,"key":"SMITH"}],"circlet_count":0,"master_deck":["Strike_R+1","Defend_R+1","Defend_R+1","Defend_R+1","Defend_R+1","Bash+1","Evolve+1","Feel No Pain+1","Bloodletting+1","Reaper+1","Reckless Charge+1","Dark Embrace+1","Berserk+1","Hemokinesis","Fiend Fire+1","Power Through+1","Second Wind+1","Shrug It Off+1","Twin Strike","Shockwave+1","Sentinel+1","Inflame+1","Pommel Strike+1","Offering","Havoc+1","Pommel Strike+1","Master of Strategy","Deep Breath+1","Juggernaut+1","Pommel Strike+1","Inflame+1","Bludgeon","Corruption"],"relics":["Burning Blood","Anchor","Tiny Chest","MealTicket","Kunai","Eternal Feather","Magic Flower","Black Star","Pear","Paper Frog","Oddly Smooth Stone","War Paint","MawBank","Nunchaku","Incense Burner","Bag of Marbles","Shuriken","Ornamental Fan","Red Skull","alterego_mod:SomeoneToFightFor","Unceasing Top","Mark of Pain","Question Card","Mercury Hourglass","Bag of Preparation","Bottled Tornado","Gremlin Horn","The Courier","Ancient Tea Set","Toxic Egg 2","Bird Faced Urn","Mummified Hand","Bronze Scales","Centennial Puzzle","InkBottle","Lantern","Orichalcum"],"acts_visited":["Exordium","TheCity","TheBeyond","TheEnding"],"potions_floor_usage":[16,16,16,45],"damage_taken":[{"damage":1,"enemies":"Jaw Worm","floor":1,"turns":2},{"damage":0,"enemies":"Cultist","floor":3,"turns":2},{"damage":3,"enemies":"Small Slimes","floor":4,"turns":2},{"damage":0,"enemies":"Looter","floor":5,"turns":2},{"damage":11,"enemies":"Gremlin Nob","floor":7,"turns":3},{"damage":6,"enemies":"Lagavulin","floor":11,"turns":4},{"damage":0,"enemies":"Blue Slaver","floor":14,"turns":3},{"damage":25,"enemies":"Hexaghost","floor":16,"turns":5},{"damage":13,"enemies":"3 Byrds","floor":18,"turns":5},{"damage":2,"enemies":"Chosen","floor":19,"turns":3},{"damage":3,"enemies":"Sentry and Sphere","floor":20,"turns":4},{"damage":4,"enemies":"Snake Plant","floor":21,"turns":3},{"damage":5,"enemies":"Book of Stabbing","floor":23,"turns":4},{"damage":4,"enemies":"Cultist and Chosen","floor":24,"turns":4},{"damage":50,"enemies":"Gremlin Leader","floor":25,"turns":4},{"damage":8,"enemies":"Book of Stabbing","floor":27,"turns":4},{"damage":3,"enemies":"Shelled Parasite and Fungi","floor":28,"turns":3},{"damage":3,"enemies":"Centurion and Healer","floor":31,"turns":4},{"damage":18,"enemies":"Automaton","floor":33,"turns":5},{"damage":10,"enemies":"3 Shapes","floor":35,"turns":3},{"damage":8,"enemies":"3 Darklings","floor":36,"turns":3},{"damage":25,"enemies":"Sphere and 2 Shapes","floor":38,"turns":3},{"damage":6,"enemies":"Reptomancer","floor":40,"turns":2},{"damage":10,"enemies":"Jaw Worm Horde","floor":41,"turns":2},{"damage":22,"enemies":"Nemesis","floor":44,"turns":3},{"damage":11,"enemies":"Transient","floor":45,"turns":5},{"damage":0,"enemies":"3 Darklings","floor":48,"turns":1},{"damage":9,"enemies":"Donu and Deca","floor":50,"turns":2},{"damage":9,"enemies":"Shield and Spear","floor":54,"turns":1},{"damage":4,"enemies":"The Heart","floor":55,"turns":3}],"seed_played":"-3074157534684511865","potions_obtained":[{"floor":1,"key":"LiquidBronze"},{"floor":3,"key":"Block Potion"},{"floor":3,"key":"Strength Potion"},{"floor":16,"key":"Weak Potion"},{"floor":18,"key":"SpeedPotion"},{"floor":18,"key":"Fire Potion"},{"floor":20,"key":"Fire Potion"},{"floor":20,"key":"SteroidPotion"},{"floor":23,"key":"GamblersBrew"},{"floor":28,"key":"GamblersBrew"},{"floor":38,"key":"DistilledChaos"},{"floor":45,"key":"Fruit Juice"},{"floor":45,"key":"PowerPotion"},{"floor":54,"key":"PowerPotion"}],"is_trial":false,"path_per_floor":["M","?","M","M","M","R","E","R","T","R","E","T","R","M","R","B",null,"M","M","M","M","?","E","M","E","T","E","M","?","R","M","R","B",null,"M","M","$","M","T","E","M","R","T","E","M","?","$","M","R","B",null,"R","$","E","B",null],"character_chosen":"IRONCLAD","items_purchased":["Question Card","Mercury Hourglass","Master of Strategy","Deep Breath","Bronze Scales","Centennial Puzzle","InkBottle","Bludgeon"],"campfire_rested":0,"item_purchase_floors":[37,37,37,37,47,47,47,47],"current_hp_per_floor":[68,68,76,81,85,85,82,82,82,82,85,85,85,85,85,89,90,100,100,100,100,100,100,100,62,62,83,100,100,100,100,100,101,105,105,105,105,102,102,105,105,105,105,101,110,104,104,104,104,109,109,109,109,109,114],"gold":105,"neow_bonus":"TRANSFORM_TWO_CARDS","is_daily":false,"chose_seed":false,"campfire_upgraded":9,"win_rate":0.0,"timestamp":1609141422,"path_taken":["M","?","M","M","?","R","E","R","T","R","E","?","R","M","R","BOSS","M","M","M","M","?","E","M","E","T","E","M","?","R","M","R","BOSS","M","M","$","M","?","E","?","R","T","E","M","?","$","M","R","BOSS","R","$","E","BOSS"],"items_purchased_type":["Relic","Relic","Card","Card","Relic","Relic","Relic","Card"],"build_version":"2020-12-22","purchased_purges":1,"victory":true,"max_hp_per_floor":[85,85,85,85,85,85,85,85,85,85,85,85,85,85,85,90,90,100,100,100,100,100,100,100,100,100,100,100,100,100,100,100,105,105,105,105,105,105,105,105,105,105,105,105,110,104,104,104,104,109,109,109,109,109,114],"card_choices":[{"not_picked":["Perfected Strike+1","Havoc","Clash"],"picked":"SKIP","floor":1},{"not_picked":["Sword Boomerang","Thunderclap+1"],"picked":"Feel No Pain","floor":3},{"not_picked":["Infernal Blade+1","Iron Wave"],"picked":"Bloodletting+1","floor":4},{"not_picked":["Entrench","Rage","Feel No Pain"],"picked":"SKIP","floor":5},{"not_picked":["Intimidate","Iron Wave"],"picked":"Reaper","floor":7},{"not_picked":["Wild Strike","Burning Pact"],"picked":"Reckless Charge+1","floor":7},{"not_picked":["Uppercut","Blood for Blood"],"picked":"Dark Embrace","floor":11},{"not_picked":["Fire Breathing+1","Wild Strike"],"picked":"Berserk","floor":11},{"not_picked":["Armaments+1","Combust"],"picked":"Hemokinesis","floor":14},{"not_picked":["Berserk","Limit Break"],"picked":"Fiend Fire","floor":16},{"not_picked":["Clothesline+1","Cleave+1"],"picked":"Power Through+1","floor":18},{"not_picked":["Iron Wave+1","Perfected Strike+1"],"picked":"Second Wind+1","floor":19},{"not_picked":["Clash","Armaments"],"picked":"Shrug It Off","floor":20},{"not_picked":["Headbutt+1","Sever Soul","Flex+1"],"picked":"SKIP","floor":21},{"not_picked":["Wild Strike","Clash+1","Power Through"],"picked":"SKIP","floor":23},{"not_picked":["Pommel Strike+1","Wild Strike"],"picked":"Shockwave+1","floor":24},{"not_picked":["Barricade","Dropkick"],"picked":"Sentinel+1","floor":25},{"not_picked":["True Grit+1","Thunderclap"],"picked":"Inflame+1","floor":27},{"not_picked":["Entrench+1","Iron Wave+1"],"picked":"Pommel Strike+1","floor":28},{"not_picked":["Entrench+1","Cleave+1","Wild Strike"],"picked":"SKIP","floor":31},{"not_picked":["Bludgeon","Double Tap"],"picked":"Offering","floor":33},{"not_picked":["Reckless Charge+1","Wild Strike+1"],"picked":"Havoc+1","floor":35},{"not_picked":["Havoc+1","Iron Wave+1"],"picked":"Pommel Strike","floor":36},{"not_picked":["Pommel Strike","Perfected Strike+1","True Grit+1"],"picked":"Juggernaut","floor":38},{"not_picked":["Headbutt","Burning Pact","Sword Boomerang","Battle Trance+1"],"picked":"SKIP","floor":40},{"not_picked":["Dropkick+1","Burning Pact+1","Reckless Charge","Iron Wave+1"],"picked":"SKIP","floor":41},{"not_picked":["Thunderclap","Sentinel+1","Body Slam+1"],"picked":"Pommel Strike+1","floor":44},{"not_picked":["Wild Strike+1","Blood for Blood","Spot Weakness+1"],"picked":"Inflame+1","floor":45},{"not_picked":["Sentinel+1","Whirlwind","Clothesline+1","Entrench+1"],"picked":"SKIP","floor":48},{"not_picked":["Flex+1","Iron Wave+1","Cleave"],"picked":"Corruption","floor":54}],"player_experience":140758,"relics_obtained":[{"floor":7,"key":"Anchor"},{"floor":9,"key":"Tiny Chest"},{"floor":11,"key":"MealTicket"},{"floor":12,"key":"Kunai"},{"floor":12,"key":"Eternal Feather"},{"floor":16,"key":"Magic Flower"},{"floor":18,"key":"Pear"},{"floor":20,"key":"Paper Frog"},{"floor":21,"key":"Oddly Smooth Stone"},{"floor":23,"key":"War Paint"},{"floor":23,"key":"MawBank"},{"floor":25,"key":"Nunchaku"},{"floor":25,"key":"Incense Burner"},{"floor":26,"key":"Bag of Marbles"},{"floor":26,"key":"Shuriken"},{"floor":27,"key":"Ornamental Fan"},{"floor":27,"key":"Red Skull"},{"floor":33,"key":"Unceasing Top"},{"floor":39,"key":"Bag of Preparation"},{"floor":39,"key":"Bottled Tornado"},{"floor":40,"key":"Gremlin Horn"},{"floor":40,"key":"The Courier"},{"floor":43,"key":"Ancient Tea Set"},{"floor":43,"key":"Toxic Egg 2"},{"floor":44,"key":"Bird Faced Urn"},{"floor":44,"key":"Mummified Hand"},{"floor":54,"key":"Lantern"},{"floor":54,"key":"Orichalcum"}],"event_choices":[{"cards_removed":["Anger"],"damage_healed":0,"gold_gain":0,"player_choice":"Purged","damage_taken":0,"max_hp_gain":0,"max_hp_loss":0,"event_name":"Purifier","floor":2,"gold_loss":0},{"damage_healed":0,"gold_gain":0,"cards_transformed":["Strike_R","Strike_R"],"player_choice":"Became Test Subject","damage_taken":0,"max_hp_gain":0,"max_hp_loss":0,"event_name":"Drug Dealer","floor":22,"gold_loss":0,"cards_obtained":["Twin Strike","Searing Blow"]},{"damage_healed":0,"gold_gain":0,"player_choice":"Choice 2","damage_taken":0,"relics_obtained":["alterego_mod:SomeoneToFightFor"],"max_hp_gain":0,"max_hp_loss":0,"event_name":"Secret Garden","floor":29,"gold_loss":0},{"damage_healed":0,"gold_gain":0,"player_choice":"Max HP","damage_taken":0,"max_hp_gain":0,"max_hp_loss":6,"event_name":"Winding Halls","floor":46,"gold_loss":0}],"is_beta":false,"boss_relics":[{"not_picked":["Pandora\u0027s Box","Black Blood"],"picked":"Black Star"},{"not_picked":["SlaversCollar","Runic Cube"],"picked":"Mark of Pain"}],"items_purged_floors":[37],"is_endless":false,"potions_floor_spawned":[3,14,18,20,24,28,33,41,45,48],"ascension_level":-20}}