{"host":"grli52lbdph2722t","time":1609159953,"event":{"mods":["AchievementEnabler","BaseMod","Downfall","Minty Spire (QoL Compilation)","Quick Restart","StSLib"],"gold_per_floor":[99,99,99,117,127,127,154,188,208,220,320,320,245,275,293,398,398,398,398,398,398,398,398,398,398,398,15,15,15,15,15,15,15,15,15,0,0,0,0,0,0,0,0,0,0,0,0,0,0,0,0,0,0,0,0],"floor_reached":56,"playtime":3369,"items_purged":["champ:Strike"],"score":1814,"play_id":"60878ec0-d554-4957-8a2b-4e2623e7909a","local_time":"20201228135233","is_ascension_mode":true,"campfire_choices":[{"floor":1.0,"key":"RECALL"},{"data":"champ:Devastate","floor":13.0,"key":"SMITH"},{"data":"champ:StrikeOfGenius","floor":18.0,"key":"SMITH"},{"floor":25.0,"key":"DIG"},{"floor":28.0,"key":"DIG"},{"floor":35,"key":"DIG"},{"floor":43,"key":"DIG"},{"floor":45,"key":"DIG"},{"floor":54,"key":"DIG"}],"circlet_count":0,"master_deck":["champ:Strike","champ:Strike","champ:Defend","champ:Defend","champ:Defend","champ:Defend","champ:Execute","champ:Taunt+1","champ:EnragedBash","champ:BerserkersShout","champ:Haymaker","champ:AdrenalArmor","champ:GladiatorsShout","champ:Devastate+1","champ:EnGarde","champ:FocusedGladiator","champ:BerserkerStyle","champ:StrikeOfGenius+1","champ:Lariat","champ:Balance","RitualDagger","champ:StrikeOfGenius+1","champ:IronFortress","champ:AdrenalArmor","champ:VampiricStrike","champ:MurderStrike","champ:CheapShot","champ:VampiricStrike","champ:HoldFirm","champ:FocusedGladiator+1","champ:VampiricStrike","champ:ShieldWall+1","champ:EnchantCrown","champ:StanceDance","champ:LastStand","champ:BringItOn+1","champ:GladiatorStyle"],"relics":["Coffee Dripper","downfall:ShatteredFragment","champ:LiftRelic","Pen Nib","champ:GladiatorsBookOfMartialProwess","WristBlade","downfall:HeartBlessingRed","Ice Cream","downfall:Hecktoplasm","Shovel","FossilizedHelix","Sundial","ClockworkSouvenir","Bag of Marbles","Runic Pyramid","Bottled Flame","Prayer Wheel","downfall:HeartBlessingBlue","Thread and Needle","Old Coin","downfall:HeartBlessingGreen","TungstenRod","Ancient Tea Set","StoneCalendar","Eternal Feather"],"acts_visited":["Exordium","TheCity","TheBeyond","TheEnding"],"potions_floor_usage":[31,42,55,55],"damage_taken":[{"damage":7.0,"enemies":"Jaw Worm","floor":4.0,"turns":3.0},{"damage":5.0,"enemies":"2 Louse","floor":5.0,"turns":2.0},{"damage":25.0,"enemies":"3 Sentries","floor":8.0,"turns":6.0},{"damage":2.0,"enemies":"Cultist","floor":9.0,"turns":2.0},{"damage":14.0,"enemies":"3 Louse","floor":10.0,"turns":3.0},{"damage":36.0,"enemies":"3 Louse","floor":11.0,"turns":5.0},{"damage":25.0,"enemies":"Gremlin Nob","floor":14.0,"turns":3.0},{"damage":12.0,"enemies":"Large Slime","floor":15.0,"turns":4.0},{"damage":60.0,"enemies":"downfall:Silent","floor":16.0,"turns":6.0},{"damage":41.0,"enemies":"3 Byrds","floor":19.0,"turns":5.0},{"damage":16.0,"enemies":"Chosen","floor":20.0,"turns":3.0},{"damage":17.0,"enemies":"Book of Stabbing","floor":23.0,"turns":4.0},{"damage":38.0,"enemies":"Snecko","floor":26.0,"turns":4.0},{"damage":10.0,"enemies":"downfall:FleeingMerchant","floor":27.0,"turns":4.0},{"damage":40.0,"enemies":"Sentry and Sphere","floor":29.0,"turns":4.0},{"damage":21.0,"enemies":"Centurion and Healer","floor":30.0,"turns":5.0},{"damage":25,"enemies":"Gremlin Leader","floor":31,"turns":4},{"damage":0,"enemies":"Snake Plant","floor":32,"turns":4},{"damage":69,"enemies":"downfall:Ironclad","floor":33,"turns":5},{"damage":19,"enemies":"downfall:FleeingMerchant","floor":36,"turns":4},{"damage":6,"enemies":"Orb Walker","floor":38,"turns":2},{"damage":79,"enemies":"3 Darklings","floor":40,"turns":8},{"damage":19,"enemies":"Reptomancer","floor":42,"turns":5},{"damage":85,"enemies":"Nemesis","floor":44,"turns":5},{"damage":65,"enemies":"Reptomancer","floor":47,"turns":6},{"damage":22,"enemies":"Maw","floor":48,"turns":6},{"damage":10,"enemies":"Writhing Mass","floor":49,"turns":3},{"damage":21,"enemies":"downfall:Defect","floor":50,"turns":7},{"damage":84,"enemies":"downfall:CharBossMerchant","floor":52,"turns":8},{"damage":52,"enemies":"downfall:NeowBoss","floor":55,"turns":16}],"seed_played":"-1010135614080879443","potions_obtained":[{"floor":4.0,"key":"FairyPotion"},{"floor":11.0,"key":"Ancient Potion"},{"floor":14.0,"key":"FairyPotion"},{"floor":15.0,"key":"Strength Potion"},{"floor":16.0,"key":"DuplicationPotion"},{"floor":20.0,"key":"hexamod:EctoCoolerPotion"},{"floor":31,"key":"Regen Potion"},{"floor":33,"key":"DuplicationPotion"},{"floor":40,"key":"AttackPotion"},{"floor":47,"key":"DuplicationPotion"}],"is_trial":false,"path_per_floor":["R","?","?","M","M","?","T","E","M","M","?","?","R","E","M","B",null,"R","M","M","?","?","E","T","R","M","$","R","M","M","E","M","B",null,"R","$","?","M","?","M","T","E","R","E","R","$","E","M","M","B",null,"E","$","R","B",null],"character_chosen":"THE_CHAMP","items_purchased":["champ:VampiricStrike","ClockworkSouvenir"],"campfire_rested":0,"item_purchase_floors":[27,27],"current_hp_per_floor":[81,54,54,52,52,52,52,45,45,37,17,17,17,40,38,27,74,74,60,60,54,54,44,44,44,29,34,34,49,35,37,55,10,73,73,90,90,89,89,96,96,96,106,87,87,87,76,106,106,106,106,84,84,84,111],"gold":0,"neow_bonus":"BOSS_RELIC","is_daily":false,"chose_seed":false,"campfire_upgraded":2,"win_rate":0.0,"timestamp":1609159953,"path_taken":["R","?","?","?","M","?","T","E","M","M","?","?","R","E","M","BOSS","R","M","?","?","?","E","T","R","?","?","R","M","?","E","M","BOSS","R","?","?","?","?","?","T","E","R","E","R","$","E","M","M","BOSS","E","$","R","BOSS"],"items_purchased_type":["Card","Relic"],"build_version":"2020-12-22","purchased_purges":1,"victory":true,"max_hp_per_floor":[90,90,90,90,90,90,90,90,90,90,90,90,90,90,90,90,90,90,90,90,90,90,90,90,90,90,90,90,92,92,92,94,94,94,94,96,96,96,96,96,96,96,106,106,106,106,106,106,106,106,106,106,106,106,111],"card_choices":[{"not_picked":["champ:Balance","champ:FlashCut"],"picked":"champ:EnragedBash","floor":4.0},{"not_picked":["champ:RisingSlash","champ:BladeFlurry"],"picked":"champ:BerserkersShout","floor":5.0},{"not_picked":["champ:Shatter","champ:RisingSlash"],"picked":"champ:Haymaker","floor":8.0},{"not_picked":["champ:PreciseThrust","champ:CalledShot"],"picked":"champ:AdrenalArmor","floor":9.0},{"not_picked":["champ:Shatter","champ:FlashCut"],"picked":"champ:GladiatorsShout","floor":10.0},{"not_picked":["champ:DefensiveShout","champ:FalseCounter"],"picked":"champ:Devastate","floor":11.0},{"not_picked":["champ:EnragedBash","champ:FocusedBerserking"],"picked":"champ:FocusedGladiator","floor":14.0},{"not_picked":["champ:BringItOn","champ:Encircle"],"picked":"champ:BerserkerStyle","floor":15.0},{"not_picked":["champ:ShieldSlam","champ:SwordThrow"],"picked":"champ:StrikeOfGenius","floor":16.0},{"not_picked":["champ:CrookedStrike","champ:BringItOn"],"picked":"champ:Lariat","floor":19.0},{"not_picked":["champ:DefensiveShout","champ:FanOfKnives"],"picked":"champ:Balance","floor":20.0},{"not_picked":["champ:EnragedBash","champ:SwordSigil"],"picked":"champ:IronFortress","floor":23.0},{"not_picked":["champ:CrookedStrike","champ:PerfectedStrike+1"],"picked":"champ:AdrenalArmor","floor":26.0},{"not_picked":["champ:BerserkersShout","champ:GutPunch","champ:PerfectedStrike"],"picked":"SKIP","floor":27.0},{"not_picked":["champ:Circumvent","champ:ViciousMockery","champ:PerfectedStrike"],"picked":"Singing Bowl","floor":29.0},{"not_picked":["champ:FlashCut","champ:AdrenalArmor+1"],"picked":"champ:MurderStrike","floor":30.0},{"not_picked":["champ:FalseCounter","champ:ViciousMockery+1"],"picked":"champ:CheapShot","floor":31},{"not_picked":["champ:CrookedStrike","champ:StanceDance","champ:FanOfKnives"],"picked":"Singing Bowl","floor":32},{"not_picked":["champ:HeavySlash","champ:IgnorePain"],"picked":"champ:VampiricStrike","floor":33},{"not_picked":["champ:BerserkersShout+1","champ:PerfectedStrike","champ:FlashCut"],"picked":"Singing Bowl","floor":36},{"not_picked":["champ:FlashCut","champ:GladiatorsShout"],"picked":"champ:FocusedGladiator+1","floor":38},{"not_picked":["champ:BladeFlurry+1","champ:HeartStrike+1"],"picked":"champ:ShieldWall+1","floor":40},{"not_picked":["champ:BladeFlurry","champ:FaceSlap","champ:PerfectedStrike+1"],"picked":"SKIP","floor":42},{"not_picked":["champ:SkillfulDodge+1","champ:Circumvent+1"],"picked":"champ:EnchantCrown","floor":44},{"not_picked":["champ:Circumvent","champ:ShieldSigil+1"],"picked":"champ:StanceDance","floor":47},{"not_picked":["champ:FanOfKnives","champ:ArenaPreparation"],"picked":"champ:FightOn","floor":48},{"not_picked":["champ:CrookedStrike","champ:Backstep+1"],"picked":"champ:LastStand","floor":48},{"not_picked":["champ:HeartStrike","champ:GutPunch"],"picked":"champ:BringItOn+1","floor":49},{"not_picked":["champ:BerserkerStyle","champ:PerfectedStrike","champ:GladiatorsShout"],"picked":"SKIP","floor":49},{"not_picked":["champ:Lariat+1","champ:FaceSlap"],"picked":"champ:GladiatorStyle","floor":52}],"player_experience":4875763,"relics_obtained":[{"floor":7.0,"key":"Pen Nib"},{"floor":8.0,"key":"champ:GladiatorsBookOfMartialProwess"},{"floor":11.0,"key":"WristBlade"},{"floor":14.0,"key":"Ice Cream"},{"floor":23.0,"key":"Shovel"},{"floor":24.0,"key":"FossilizedHelix"},{"floor":25.0,"key":"Sundial"},{"floor":28.0,"key":"Singing Bowl"},{"floor":31,"key":"Bag of Marbles"},{"floor":35,"key":"Bottled Flame"},{"floor":42,"key":"Prayer Wheel"},{"floor":43,"key":"Thread and Needle"},{"floor":44,"key":"Old Coin"},{"floor":45,"key":"TungstenRod"},{"floor":47,"key":"Ancient Tea Set"},{"floor":52,"key":"StoneCalendar"},{"floor":54,"key":"Eternal Feather"}],"event_choices":[{"damage_healed":0.0,"max_hp_gain":0.0,"max_hp_loss":0.0,"gold_gain":0.0,"event_name":"Upgrade Shrine","player_choice":"Upgraded","floor":3.0,"gold_loss":0.0,"damage_taken":0.0,"cards_upgraded":["champ:Taunt"]},{"damage_healed":0.0,"max_hp_gain":0.0,"max_hp_loss":0.0,"gold_gain":0.0,"cards_transformed":["champ:Strike"],"event_name":"Transmorgrifier","player_choice":"Transformed","floor":12.0,"gold_loss":0.0,"damage_taken":0.0,"cards_obtained":["champ:EnGarde"]},{"damage_healed":0.0,"max_hp_gain":0.0,"max_hp_loss":0.0,"gold_gain":0.0,"event_name":"Duplicator","player_choice":"Copied","floor":22.0,"gold_loss":0.0,"damage_taken":0.0,"cards_obtained":["champ:StrikeOfGenius"]}],"is_beta":false,"boss_relics":[{"not_picked":["Astrolabe","SacredBark"],"picked":"downfall:Hecktoplasm"},{"not_picked":["champ:PowerArmor","Cursed Key"],"picked":"Runic Pyramid"}],"items_purged_floors":[27],"is_endless":false,"potions_floor_spawned":[4,11,14,15,16,20,26,30,31,32,33,38,40,47,48],"ascension_level":8}}