{"host":"gy28cvaawxgarp7n","time":1609156600,"event":{"mods":["BaseMod","Conspire","Downfall","Minty Spire (QoL Compilation)","StSLib"],"gold_per_floor":[99,114,289,289,307,339,363,377,396,429,354,366,366,397,408,408,408,408],"floor_reached":16,"playtime":669,"items_purged":[],"score":128,"play_id":"2b3ceafb-9910-4282-815a-af2f1f5a863a","local_time":"20201228195640","is_ascension_mode":true,"campfire_choices":[{"data":"Slimebound:Split","floor":1,"key":"SMITH"},{"data":"Slimebound:Equalize","floor":11,"key":"SMITH"},{"data":"Slimebound:LeadByExample","floor":13,"key":"SMITH"}],"circlet_count":0,"master_deck":["Slimebound:Strike_Slimebound","Slimebound:Strike_Slimebound","Slimebound:Strike_Slimebound","Slimebound:Tackle","Slimebound:Defend_Slimebound","Slimebound:Defend_Slimebound","Slimebound:Defend_Slimebound","Slimebound:Split+1","Slimebound:CorrosiveSpit","Slimebound:SlimeSpikes","Slimebound:SamplingLick","Doubt","Slimebound:LeadByExample+1","Slimebound:LivingWall","Slimebound:Equalize+1","Slimebound:Recollect","Slimebound:GrowthPunch","Slimebound:ForwardTackle+1","Slimebound:MassFeed+1","Slimebound:LeechEnergy+1"],"relics":["Slimebound:AbsorbEndCombat","Boot","Smiling Mask","Molten Egg 2","downfall:HeartBlessingGreen","Anchor"],"acts_visited":["Exordium"],"potions_floor_usage":[9,15],"damage_taken":[{"damage":9,"enemies":"Cultist","floor":2,"turns":4},{"damage":10,"enemies":"Small Slimes","floor":5,"turns":2},{"damage":47,"enemies":"3 Sentries","floor":6,"turns":10},{"damage":14,"enemies":"Jaw Worm","floor":8,"turns":5},{"damage":12,"enemies":"Exordium Wildlife","floor":9,"turns":4},{"damage":24,"enemies":"Lagavulin","floor":10,"turns":7},{"damage":11,"enemies":"3 Louse","floor":12,"turns":2},{"damage":22,"enemies":"Gremlin Nob","floor":14,"turns":4},{"damage":3,"enemies":"Large Slime","floor":15,"turns":4},{"damage":80,"enemies":"downfall:Defect","floor":16,"turns":6}],"seed_played":"8403481060718516468","potions_obtained":[{"floor":6,"key":"Fire Potion"},{"floor":8,"key":"ColorlessPotion"},{"floor":9,"key":"FearPotion"},{"floor":15,"key":"Fire Potion"}],"is_trial":false,"path_per_floor":["R","M","?","?","M","E","T","M","M","E","R","M","R","E","M","B"],"character_chosen":"SLIMEBOUND","items_purchased":[],"campfire_rested":0,"item_purchase_floors":[],"current_hp_per_floor":[60,60,60,60,60,30,30,30,38,38,38,43,43,49,66,0,0,0],"gold":408,"neow_bonus":"THREE_CARDS","is_daily":false,"chose_seed":false,"campfire_upgraded":3,"win_rate":0.0,"timestamp":1609156600,"path_taken":["R","M","?","?","M","E","T","M","M","E","R","?","R","E","M","BOSS"],"items_purchased_type":[],"build_version":"2020-12-22","purchased_purges":0,"victory":false,"max_hp_per_floor":[60,60,60,60,60,60,60,60,60,60,60,60,60,64,72,72,72,72],"card_choices":[{"not_picked":["Slimebound:ComboTackle","Slimebound:ForwardTackle"],"picked":"Slimebound:SlimeSpikes","floor":0},{"not_picked":["Slimebound:LeechEnergy","Slimebound:SlimeTap"],"picked":"Slimebound:SamplingLick","floor":2},{"not_picked":["Slimebound:ForwardTackle","Slimebound:GoopSpray"],"picked":"Slimebound:LivingWall","floor":5},{"not_picked":["Slimebound:GrowthPunch","Slimebound:BestDefense"],"picked":"Slimebound:Equalize","floor":6},{"not_picked":["Slimebound:PressTheAttack","Slimebound:ItLooksTasty"],"picked":"Slimebound:Recollect","floor":8},{"not_picked":["Slimebound:LeechEnergy","Slimebound:Gluttony"],"picked":"Slimebound:GrowthPunch","floor":9},{"not_picked":["Slimebound:SplitLeeching","Slimebound:GrowthPunch+1"],"picked":"Slimebound:ForwardTackle+1","floor":10},{"not_picked":["Slimebound:SlimeBarrage+1","Slimebound:GoopSpray"],"picked":"Slimebound:MassFeed+1","floor":12},{"not_picked":["Slimebound:Schlurp","Slimebound:ServeAndProtect"],"picked":"Slimebound:LeechEnergy+1","floor":14},{"not_picked":["Slimebound:SplitAcid","Slimebound:SplitMire","Slimebound:PressTheAttack+1"],"picked":"SKIP","floor":15}],"player_experience":172501,"relics_obtained":[{"floor":6,"key":"Boot"},{"floor":7,"key":"Smiling Mask"},{"floor":10,"key":"Molten Egg 2"},{"floor":14,"key":"Anchor"}],"event_choices":[{"damage_healed":0,"gold_gain":0,"cards_transformed":["Slimebound:Defend_Slimebound"],"player_choice":"Transformed","damage_taken":0,"max_hp_gain":0,"max_hp_loss":0,"event_name":"Transmorgrifier","floor":4,"gold_loss":0,"cards_obtained":["Slimebound:LeadByExample"]}],"is_beta":false,"boss_relics":[],"items_purged_floors":[],"is_endless":false,"potions_floor_spawned":[6,8,9,15],"killed_by":"downfall:Defect","ascension_level":1}}