{"host":"4izqype2b9ama7cy","time":1609151409,"event":{"mods":["AchievementEnabler","BaseMod","Better Altar","Better Match","Better Note","Better Sensory Stone","Better Skull","Better Third Choice","Better Vampires","Block Reminder","Challenge The Spire","Conspire","Gremlin Skip","Highlight Path","Infinite Spire","Marked Mod","Minty Spire (QoL Compilation)","Replay The Spire","Spicy Shops","StSLib","Wandering Minibosses","everything is the same but u backflip on backflip"],"gold_per_floor":[119,119,129,129,143,174,174,174,174,174,174,26,46,40,47,62,62,142,142,86,104,104,26,26,32,32,32,32,39,815,832,832,847,847,950,950,968,1012,1042,80,98,98,125,125,193,207,217,231,261,261,261,261,261],"floor_reached":52,"playtime":3255,"items_purged":[],"score":779,"play_id":"d255ff20-8efa-4f6b-b781-dfb72439800b","local_time":"20201228023009","is_ascension_mode":true,"campfire_choices":[{"data":"Perfected Strike","floor":7,"key":"SMITH"},{"data":"Bash","floor":10,"key":"SMITH"},{"data":"ReplayTheSpireMod:LeadingStrike","floor":17,"key":"SMITH"},{"data":"Replay:Many Hands","floor":32,"key":"SMITH"},{"data":"Anger","floor":34,"key":"SMITH"},{"data":"Heavy Blade","floor":42,"key":"SMITH"},{"floor":44,"key":"REST"},{"floor":51,"key":"REST"}],"circlet_count":0,"master_deck":["Strike_R","Strike_R","Strike_R","Strike_R","Strike_R","Defend_R","Defend_R","Defend_R","Defend_R","Bash+1","Twin Strike+1","Battle Trance","Perfected Strike+1","Double Tap","ReplayTheSpireMod:LeadingStrike+1","Cleave","Anger+1","Flex","Replay:Many Hands+1","CurseOfTheBell","ReplayTheSpireMod:Strike From Hell+1","Twin Strike+1","Carnage","ReplayTheSpireMod:Strike From Hell","Perfected Strike+1","Body Slam+1","Clash+1","Pommel Strike+1","Demonic Infusion+1","Perfected Strike+1","Anger+1","True Grit+1","Delirium","Heavy Blade+1","Inflame","Shockwave+1","Wild Strike","Flex+1","Flex+1","Whirlwind","Cleave+1","Perfected Strike+1"],"relics":["Burning Blood","NeowsBlessing","Ring of Hypnosis","Replay:Bottled Eggs","Thread and Needle","Blue Doll","Calling Bell","Orichalcum","Replay:Accelerometer","WingedGreaves","Replay:Wax Seal","Onion Ring","wanderingMiniBosses:MasterThiefsPresence","Philosopher\u0027s Stone","Replay:Bottled Steam","Strawberry","ReplayTheSpireMod:CursedCoin","Medical Kit","conspire:DeflatedDodgeball","Replay:Mystery Machine","War Paint","Peace Pipe","Pen Nib","conspire:DecoderRing","ReplayTheSpireMod:Shallot"],"acts_visited":["Exordium","TheCity","TheBeyond"],"potions_floor_usage":[6,18,20,20,31,43,43,52,52,52],"damage_taken":[{"damage":0,"enemies":"Small Slimes","floor":1,"turns":1},{"damage":0,"enemies":"2 Louse","floor":3,"turns":1},{"damage":0,"enemies":"Jaw Worm","floor":5,"turns":1},{"damage":33,"enemies":"3 Sentries","floor":6,"turns":11},{"damage":0,"enemies":"3 Louse","floor":13,"turns":3},{"damage":0,"enemies":"Blue Slaver","floor":14,"turns":5},{"damage":5,"enemies":"Large Slime","floor":15,"turns":5},{"damage":8,"enemies":"3 Louse","floor":16,"turns":2},{"damage":23,"enemies":"Fading Forest","floor":18,"turns":11},{"damage":0,"enemies":"conspire:FuzzyDice","floor":20,"turns":7},{"damage":4,"enemies":"Shell Parasite","floor":21,"turns":3},{"damage":21,"enemies":"Shelled Parasite and Fungi","floor":24,"turns":5},{"damage":5,"enemies":"Centurion and Healer","floor":25,"turns":5},{"damage":12,"enemies":"Chosen and Byrds","floor":29,"turns":3},{"damage":0,"enemies":"Snake Plant","floor":30,"turns":4},{"damage":11,"enemies":"conspire:HollyBat","floor":31,"turns":9},{"damage":0,"enemies":"Centurion and Healer","floor":33,"turns":3},{"damage":36,"enemies":"Collector","floor":35,"turns":4},{"damage":0,"enemies":"Orb Walker","floor":37,"turns":1},{"damage":19,"enemies":"conspire:MimicChest","floor":39,"turns":4},{"damage":16,"enemies":"3 Shapes","floor":41,"turns":1},{"damage":33,"enemies":"Nightmare","floor":43,"turns":5},{"damage":11,"enemies":"Writhing Mass","floor":46,"turns":3},{"damage":0,"enemies":"3 Darklings","floor":47,"turns":2},{"damage":0,"enemies":"Maw","floor":48,"turns":5},{"damage":23,"enemies":"Nemesis","floor":49,"turns":3},{"damage":99,"enemies":"Awakened One","floor":52,"turns":5}],"seed_played":"-7247011238840607664","potions_obtained":[{"floor":5,"key":"LifebloodPotion"},{"floor":13,"key":"Strength Potion"},{"floor":15,"key":"Elixir"},{"floor":18,"key":"Fire Potion"},{"floor":25,"key":"Doom Potion"},{"floor":29,"key":"Block Potion"},{"floor":31,"key":"Venom Potion"},{"floor":41,"key":"ColorlessPotion"},{"floor":43,"key":"Reflective Coating"},{"floor":47,"key":"PowerPotion"}],"is_trial":false,"path_per_floor":["M","?","M","?","M","E","R","PTL","PTL","R","T","$","M","M","M","M","R","B",null,"M","M","?","$","M","M","?","?","T","M","M","M","R","M","R","B",null,"M","?","?","$","M","R","NM","R","T","M","M","M","E","?","R","B"],"character_chosen":"IRONCLAD","items_purchased":["Blue Doll","Replay:Wax Seal","ReplayTheSpireMod:CursedCoin","Medical Kit","conspire:DeflatedDodgeball","Replay:Mystery Machine","War Paint","Peace Pipe","Heavy Blade","Inflame"],"campfire_rested":2,"item_purchase_floors":[12,23,40,40,40,40,40,40,40,40],"current_hp_per_floor":[80,80,80,80,80,53,53,53,53,53,53,53,59,65,66,64,64,55,80,80,80,80,80,65,66,66,66,66,60,66,61,61,67,67,37,80,80,80,74,74,64,64,37,63,63,58,64,70,53,53,79,0,0],"gold":261,"neow_bonus":"THREE_ENEMY_KILL","is_daily":false,"chose_seed":false,"campfire_upgraded":6,"win_rate":0.0,"timestamp":1609151409,"path_taken":["M","?","M","?","?","E","R","PTL","PTL","R","T","$","M","M","M","M","R","BOSS","M","M","?","$","M","M","?","?","T","M","M","M","R","M","R","BOSS","M","?","?","$","M","R","NM","R","T","M","M","?","E","?","R","BOSS"],"items_purchased_type":["Relic","Relic","Relic","Relic","Relic","Relic","Relic","Relic","Card","Card"],"build_version":"2020-12-22","purchased_purges":0,"victory":false,"max_hp_per_floor":[80,80,80,80,80,80,80,80,80,80,80,80,80,80,80,80,80,80,80,80,80,80,80,80,80,80,80,80,80,80,80,80,80,80,80,80,80,80,87,87,87,87,87,87,87,87,87,87,87,87,87,87,87],"card_choices":[{"not_picked":["ReplayTheSpireMod:Strike From Hell","Havoc"],"picked":"Twin Strike","floor":1},{"not_picked":["Iron Wave","Body Slam"],"picked":"Battle Trance","floor":3},{"not_picked":["Rupture","Cleave"],"picked":"Perfected Strike","floor":5},{"not_picked":["Clothesline","Sword Boomerang"],"picked":"Double Tap","floor":6},{"not_picked":["Pummel","Run Through"],"picked":"ReplayTheSpireMod:LeadingStrike","floor":13},{"not_picked":["True Grit","Ghostly Armor"],"picked":"Cleave","floor":14},{"not_picked":["Perfected Strike","Armaments"],"picked":"Anger","floor":15},{"not_picked":["Uppercut","ReplayTheSpireMod:Limb From Limb"],"picked":"Flex","floor":16},{"not_picked":["Eclipse","conspire:HitWhereItHurts"],"picked":"Replay:Many Hands","floor":18},{"not_picked":["Searing Blow","Power Through+1"],"picked":"ReplayTheSpireMod:Strike From Hell+1","floor":20},{"not_picked":["Iron Wave","Sword Boomerang"],"picked":"Twin Strike+1","floor":21},{"not_picked":["Havoc","Feel No Pain"],"picked":"Carnage","floor":24},{"not_picked":["Shrug It Off","Flame Barrier"],"picked":"ReplayTheSpireMod:Strike From Hell","floor":25},{"not_picked":["Thunderclap","Headbutt"],"picked":"Perfected Strike+1","floor":29},{"not_picked":["Burning Pact+1","Berserk"],"picked":"Body Slam+1","floor":30},{"not_picked":["Sword Boomerang","Shrug It Off+1"],"picked":"Clash+1","floor":31},{"not_picked":["Body Slam","Second Wind"],"picked":"Pommel Strike+1","floor":33},{"not_picked":["Brutality","Double Tap"],"picked":"Demonic Infusion","floor":35},{"not_picked":["Spot Weakness+1","Havoc+1"],"picked":"Perfected Strike+1","floor":37},{"not_picked":["Shockwave","Warcry"],"picked":"Anger+1","floor":38},{"not_picked":["Fiend Fire","Rupture+1"],"picked":"True Grit","floor":39},{"not_picked":["Sentinel","Sever Soul"],"picked":"Shockwave+1","floor":41},{"not_picked":["conspire:Charge","Battle Trance+1"],"picked":"Wild Strike","floor":43},{"not_picked":["Shockwave","Reckless Charge+1"],"picked":"Flex+1","floor":46},{"not_picked":["Sword Boomerang","Body Slam"],"picked":"Flex+1","floor":47},{"not_picked":["Sentinel","Dropkick"],"picked":"Whirlwind","floor":48},{"not_picked":["ReplayTheSpireMod:Corrosion Curse+1","ReplayTheSpireMod:Limb From Limb+1"],"picked":"Cleave+1","floor":49}],"player_experience":296746,"relics_obtained":[{"floor":2,"key":"Ring of Hypnosis"},{"floor":6,"key":"Replay:Bottled Eggs"},{"floor":11,"key":"Thread and Needle"},{"floor":19,"key":"Orichalcum"},{"floor":19,"key":"Replay:Accelerometer"},{"floor":19,"key":"WingedGreaves"},{"floor":28,"key":"Onion Ring"},{"floor":30,"key":"wanderingMiniBosses:MasterThiefsPresence"},{"floor":38,"key":"Replay:Bottled Steam"},{"floor":39,"key":"Strawberry"},{"floor":43,"key":"Pen Nib"},{"floor":45,"key":"conspire:DecoderRing"},{"floor":49,"key":"ReplayTheSpireMod:Shallot"}],"event_choices":[{"damage_healed":0,"gold_gain":0,"player_choice":"Ignored","damage_taken":0,"max_hp_gain":0,"max_hp_loss":0,"event_name":"Ghosts","floor":22,"gold_loss":0},{"damage_healed":0,"gold_gain":0,"player_choice":"Leave","damage_taken":0,"max_hp_gain":0,"max_hp_loss":0,"event_name":"conspire:Investor","floor":26,"gold_loss":0},{"damage_healed":0,"gold_gain":0,"player_choice":"Copied","damage_taken":0,"max_hp_gain":0,"max_hp_loss":0,"event_name":"Duplicator","floor":50,"gold_loss":0,"cards_obtained":["Perfected Strike"]}],"is_beta":false,"boss_relics":[{"not_picked":["Cursed Key","Sozu"],"picked":"Calling Bell"},{"not_picked":["conspire:RoyalGoblet","Busted Crown"],"picked":"Philosopher\u0027s Stone"}],"items_purged_floors":[],"is_endless":true,"potions_floor_spawned":[5,13,15,18,25,29,31,35,41,43,47,49],"killed_by":"Awakened One","ascension_level":4}}