{"host":"2se5dq1do2gp0x9k","time":1609135725,"event":{"mods":["AchievementEnabler","BaseMod","Block Reminder","Colored Map","Colored Powertips","Minty Spire (QoL Compilation)","Relic Stats","StSLib","SuperFastMode"],"gold_per_floor":[114,134,284,123,143,143,174,184,211,243,243,243,275,286,286,357,357,373,384,397,397,397,397],"floor_reached":22,"playtime":785,"items_purged":["Doubt"],"score":412,"play_id":"08e44b1a-b5f2-424a-b973-8740f8153c12","local_time":"20201227220845","is_ascension_mode":true,"campfire_choices":[{"data":"Uppercut","floor":6,"key":"SMITH"},{"floor":11,"key":"REST"},{"data":"Armaments","floor":15,"key":"SMITH"}],"circlet_count":0,"master_deck":["AscendersBane","Strike_R","Strike_R","Strike_R","Strike_R","Strike_R","Defend_R","Defend_R","Defend_R","Defend_R","Bash","Wild Strike","Wild Strike","Battle Trance","Uppercut+1","Perfected Strike","Burning Pact","Inflame","Armaments+1","Limit Break","Fire Breathing","Power Through","Parasite"],"relics":["Burning Blood","Potion Belt","Nunchaku","Regal Pillow","PreservedInsect","Bag of Preparation","Cursed Key","Blood Vial"],"acts_visited":["Exordium","TheCity"],"potions_floor_usage":[10,10,12,16,16,19],"damage_taken":[{"damage":9,"enemies":"2 Louse","floor":1,"turns":4},{"damage":12,"enemies":"Small Slimes","floor":2,"turns":3},{"damage":2,"enemies":"Cultist","floor":5,"turns":4},{"damage":25,"enemies":"Lagavulin","floor":7,"turns":7},{"damage":8,"enemies":"Large Slime","floor":8,"turns":3},{"damage":35,"enemies":"3 Sentries","floor":10,"turns":7},{"damage":6,"enemies":"Gremlin Nob","floor":13,"turns":3},{"damage":14,"enemies":"Red Slaver","floor":14,"turns":4},{"damage":35,"enemies":"The Guardian","floor":16,"turns":15},{"damage":41,"enemies":"3 Byrds","floor":18,"turns":6},{"damage":13,"enemies":"2 Thieves","floor":19,"turns":4},{"damage":12,"enemies":"Centurion and Healer","floor":20,"turns":5},{"damage":24,"enemies":"3 Cultists","floor":22,"turns":4}],"seed_played":"-1133148005981587819","potions_obtained":[{"floor":1,"key":"EntropicBrew"},{"floor":5,"key":"Ancient Potion"},{"floor":12,"key":"Fruit Juice"},{"floor":12,"key":"Fire Potion"},{"floor":14,"key":"ColorlessPotion"},{"floor":16,"key":"SpeedPotion"},{"floor":19,"key":"Fruit Juice"}],"is_trial":false,"path_per_floor":["M","M","?","$","M","R","E","M","T","E","R","?","E","M","R","B",null,"M","M","M","T","M"],"character_chosen":"IRONCLAD","items_purchased":["Battle Trance"],"campfire_rested":1,"item_purchase_floors":[4],"current_hp_per_floor":[65,59,59,59,63,63,44,42,42,13,50,55,55,47,47,18,65,30,28,22,22,0,0],"gold":397,"neow_bonus":"RANDOM_COMMON_RELIC","is_daily":false,"chose_seed":false,"campfire_upgraded":2,"win_rate":0.0,"timestamp":1609135725,"path_taken":["M","M","?","$","M","R","E","M","T","E","R","?","E","M","R","BOSS","M","M","M","?","M"],"items_purchased_type":["Card"],"build_version":"2020-12-22","purchased_purges":1,"victory":false,"max_hp_per_floor":[75,75,75,75,75,75,75,75,75,75,75,80,80,80,80,80,80,80,85,85,85,85,85],"relic_stats":{"Blood Vial":2,"Nunchaku":[7],"Regal Pillow":15,"counters":[13,69],"PreservedInsect":23,"Bag of Preparation":[12],"Cursed Key":1,"obtain_stats":[{"Potion Belt":0,"Blood Vial":21,"Nunchaku":7,"Regal Pillow":9,"PreservedInsect":10,"Bag of Preparation":13,"Cursed Key":17,"Burning Blood":0},{"Potion Belt":0,"Blood Vial":12,"Nunchaku":4,"Regal Pillow":5,"PreservedInsect":6,"Bag of Preparation":7,"Cursed Key":9,"Burning Blood":0},{"Potion Belt":0,"Blood Vial":65,"Nunchaku":18,"Regal Pillow":21,"PreservedInsect":28,"Bag of Preparation":31,"Cursed Key":50,"Burning Blood":0}],"Burning Blood":72},"card_choices":[{"not_picked":["Rupture","Feel No Pain"],"picked":"Wild Strike","floor":1},{"not_picked":["Rage","Dropkick"],"picked":"Wild Strike","floor":2},{"not_picked":["Twin Strike","Heavy Blade"],"picked":"Uppercut","floor":5},{"not_picked":["Clothesline","True Grit"],"picked":"Perfected Strike","floor":7},{"not_picked":["Pummel","Havoc"],"picked":"Burning Pact","floor":8},{"not_picked":["Bludgeon","Havoc"],"picked":"Inflame","floor":10},{"not_picked":["Thunderclap","Heavy Blade","Havoc"],"picked":"SKIP","floor":13},{"not_picked":["Flame Barrier","Metallicize"],"picked":"Armaments","floor":14},{"not_picked":["Bludgeon","Impervious"],"picked":"Limit Break","floor":16},{"not_picked":["Dropkick","Flex"],"picked":"Fire Breathing","floor":18},{"not_picked":["Flex","Wild Strike"],"picked":"Power Through","floor":19},{"not_picked":["Sever Soul","Perfected Strike","Heavy Blade"],"picked":"SKIP","floor":20}],"player_experience":3624343,"relics_obtained":[{"floor":7,"key":"Nunchaku"},{"floor":9,"key":"Regal Pillow"},{"floor":10,"key":"PreservedInsect"},{"floor":13,"key":"Bag of Preparation"},{"floor":21,"key":"Blood Vial"}],"event_choices":[{"damage_healed":0,"gold_gain":150,"player_choice":"AGREE","damage_taken":0,"max_hp_gain":0,"max_hp_loss":0,"event_name":"Liars Game","floor":3,"gold_loss":0,"cards_obtained":["Doubt"]},{"damage_healed":0,"gold_gain":0,"player_choice":"Got Potions","damage_taken":0,"max_hp_gain":0,"max_hp_loss":0,"event_name":"Lab","floor":12,"gold_loss":0}],"is_beta":false,"boss_relics":[{"not_picked":["Tiny House","Ectoplasm"],"picked":"Cursed Key"}],"items_purged_floors":[4],"is_endless":false,"potions_floor_spawned":[1,5,14,16,19],"killed_by":"3 Cultists","ascension_level":20}}