{"host":"2se5dq1do2gp0x9k","time":1609120673,"event":{"mods":["AchievementEnabler","BaseMod","Block Reminder","Colored Map","Colored Powertips","Minty Spire (QoL Compilation)","Relic Stats","StSLib","SuperFastMode"],"gold_per_floor":[111,55,71,83,83,83,83],"floor_reached":6,"playtime":114,"items_purged":[],"score":72,"play_id":"1d47635e-5aff-4ca5-925a-b4b0f274a44d","local_time":"20201227175753","is_ascension_mode":true,"campfire_choices":[],"circlet_count":0,"master_deck":["AscendersBane","Strike_B","Strike_B","Strike_B","Strike_B","Defend_B","Defend_B","Defend_B","Defend_B","Zap","Dualcast","Compile Driver","Hologram","Coolheaded","Compile Driver"],"relics":["Cracked Core","NeowsBlessing","Golden Idol"],"acts_visited":["Exordium"],"potions_floor_usage":[6],"damage_taken":[{"damage":0,"enemies":"2 Louse","floor":1,"turns":1},{"damage":0,"enemies":"Small Slimes","floor":3,"turns":1},{"damage":0,"enemies":"Jaw Worm","floor":4,"turns":1},{"damage":78,"enemies":"Gremlin Nob","floor":6,"turns":4}],"seed_played":"-3362463389344097180","potions_obtained":[{"floor":4,"key":"Block Potion"}],"is_trial":false,"path_per_floor":["M","$","M","M","?","E"],"character_chosen":"DEFECT","items_purchased":["Hologram"],"campfire_rested":0,"item_purchase_floors":[2],"current_hp_per_floor":[64,64,64,64,64,0,0],"gold":83,"neow_bonus":"THREE_ENEMY_KILL","is_daily":false,"chose_seed":false,"campfire_upgraded":0,"win_rate":0.0,"timestamp":1609120673,"path_taken":["M","$","M","M","?","E"],"items_purchased_type":["Card"],"build_version":"2020-12-22","purchased_purges":0,"victory":false,"max_hp_per_floor":[71,71,71,71,64,64,64],"relic_stats":{"counters":[4,7],"Golden Idol":0,"obtain_stats":[{"NeowsBlessing":0,"Golden Idol":5,"Cracked Core":0},{"NeowsBlessing":0,"Golden Idol":3,"Cracked Core":0},{"NeowsBlessing":0,"Golden Idol":3,"Cracked Core":0}]},"card_choices":[{"not_picked":["Scrape","Conserve Battery"],"picked":"Compile Driver","floor":1},{"not_picked":["Self Repair","Tempest"],"picked":"Coolheaded","floor":3},{"not_picked":["Redo","Reprogram"],"picked":"Compile Driver","floor":4}],"player_experience":3618021,"relics_obtained":[],"event_choices":[{"damage_healed":0,"gold_gain":0,"player_choice":"Lose Max HP","damage_taken":0,"relics_obtained":["Golden Idol"],"max_hp_gain":0,"max_hp_loss":7,"event_name":"Golden Idol","floor":5,"gold_loss":0}],"is_beta":false,"boss_relics":[],"items_purged_floors":[],"is_endless":false,"potions_floor_spawned":[4],"killed_by":"Gremlin Nob","ascension_level":20}}