{"host":"bg8va46pgqgvtzim","time":1609163236,"event":{"mods":["BaseMod","Minty Spire (QoL Compilation)","Quick Restart","StSLib","SuperFastMode"],"gold_per_floor":[109,109,124,124,142,176,251,264,290,323,323,654,673,698,698,797,797,825,825,825,843,866,907,907,938,985,1005,1031,1060,1060,1071,1071,1182,1182,1201,981,981,1010,1028,1028,1055,1071,1071,1110,1173,1200,1228,697,697,697,697,697,49,92,92],"floor_reached":56,"playtime":1557,"items_purged":["Strike_P+1","Defend_P+1","Vengeance+1"],"score":1583,"play_id":"3d40a8c7-2661-42a0-9136-d14908335919","local_time":"20201228214716","is_ascension_mode":true,"campfire_choices":[{"data":"Eruption","floor":11.0,"key":"SMITH"},{"data":"CrushJoints","floor":15.0,"key":"SMITH"},{"data":"Wallop","floor":24.0,"key":"SMITH"},{"floor":30.0,"key":"REST"},{"data":"FlurryOfBlows","floor":32.0,"key":"SMITH"},{"data":"Pray","floor":40.0,"key":"SMITH"},{"floor":49.0,"key":"RECALL"},{"data":"EmptyMind","floor":52,"key":"SMITH"}],"circlet_count":0,"master_deck":["Eruption+1","Vigilance+1","FlurryOfBlows+1","Prostrate+1","CrushJoints+1","Ragnarok+1","WheelKick+1","FlurryOfBlows+1","LessonLearned+1","ClearTheMind+1","SandsOfTime+1","Study+1","Wallop+1","Meditate+1","Tantrum+1","Prostrate+1","Vault+1","Pray+1","TalkToTheHand+1","Purity+1","Master of Strategy+1","MentalFortress+1","Fasting2+1","Adaptation+1","WaveOfTheHand+1","Omniscience+1","Study+1","EmptyMind+1","Devotion","Secret Technique","Adaptation","TalkToTheHand"],"relics":["PureWater","Anchor","Akabeko","Strawberry","Old Coin","CeramicFish","VioletLotus","Question Card","Damaru","MealTicket","Incense Burner","Philosopher\u0027s Stone","OrangePellets","TeardropLocket","Gremlin Horn","Prayer Wheel","Potion Belt","Orrery","Bottled Tornado","Calipers"],"acts_visited":["Exordium","TheCity","TheBeyond","TheEnding"],"potions_floor_usage":[50,55,55,55,55,55,55,55,55,55,55,55,55],"damage_taken":[{"damage":1.0,"enemies":"Jaw Worm","floor":1.0,"turns":3.0},{"damage":6.0,"enemies":"Small Slimes","floor":3.0,"turns":3.0},{"damage":0.0,"enemies":"Cultist","floor":5.0,"turns":2.0},{"damage":0.0,"enemies":"Lagavulin","floor":6.0,"turns":4.0},{"damage":0.0,"enemies":"Large Slime","floor":8.0,"turns":2.0},{"damage":10.0,"enemies":"3 Sentries","floor":10.0,"turns":5.0},{"damage":1.0,"enemies":"Lagavulin","floor":12.0,"turns":3.0},{"damage":0.0,"enemies":"3 Louse","floor":13.0,"turns":2.0},{"damage":5.0,"enemies":"3 Sentries","floor":14.0,"turns":4.0},{"damage":26.0,"enemies":"Hexaghost","floor":16.0,"turns":5.0},{"damage":2.0,"enemies":"Shell Parasite","floor":18.0,"turns":2.0},{"damage":0.0,"enemies":"Chosen","floor":22.0,"turns":4.0},{"damage":8.0,"enemies":"Gremlin Leader","floor":23.0,"turns":4.0},{"damage":26.0,"enemies":"Slavers","floor":25.0,"turns":3.0},{"damage":9.0,"enemies":"Sentry and Sphere","floor":27.0,"turns":4.0},{"damage":2.0,"enemies":"Centurion and Healer","floor":28.0,"turns":4.0},{"damage":3.0,"enemies":"Gremlin Leader","floor":29.0,"turns":4.0},{"damage":0.0,"enemies":"Shelled Parasite and Fungi","floor":31.0,"turns":2.0},{"damage":14.0,"enemies":"Collector","floor":33.0,"turns":5.0},{"damage":3.0,"enemies":"3 Shapes","floor":35.0,"turns":3.0},{"damage":4.0,"enemies":"3 Darklings","floor":38.0,"turns":4.0},{"damage":0.0,"enemies":"Giant Head","floor":41.0,"turns":5.0},{"damage":0.0,"enemies":"Transient","floor":42.0,"turns":6.0},{"damage":0.0,"enemies":"Reptomancer","floor":44.0,"turns":3.0},{"damage":22.0,"enemies":"2 Orb Walkers","floor":45.0,"turns":2.0},{"damage":1.0,"enemies":"Jaw Worm Horde","floor":46.0,"turns":3.0},{"damage":0.0,"enemies":"Nemesis","floor":47.0,"turns":4.0},{"damage":5,"enemies":"Time Eater","floor":50,"turns":4},{"damage":0,"enemies":"Shield and Spear","floor":54,"turns":3},{"damage":0,"enemies":"The Heart","floor":55,"turns":5}],"seed_played":"-5617689899738074823","potions_obtained":[{"floor":3.0,"key":"Ancient Potion"},{"floor":6.0,"key":"BottledMiracle"},{"floor":12.0,"key":"EntropicBrew"},{"floor":14.0,"key":"GamblersBrew"},{"floor":28.0,"key":"GamblersBrew"},{"floor":42.0,"key":"ColorlessPotion"},{"floor":46.0,"key":"EntropicBrew"}],"is_trial":false,"path_per_floor":["M","?","M","?","M","E","?","M","T","E","R","E","M","E","R","B",null,"M","?","?","?","M","E","R","E","T","M","M","E","R","M","R","B",null,"M","$","?","M","?","R","E","M","T","E","?","M","E","$","R","B",null,"R","$","E","B",null],"character_chosen":"WATCHER","items_purchased":["OrangePellets","Orrery","EmptyMind","Devotion","Block Potion","ColorlessPotion","Bottled Tornado","Strength Potion","Secret Technique","Adaptation"],"campfire_rested":1,"item_purchase_floors":[36,48,48,48,48,48,53,53,53,53],"current_hp_per_floor":[64,69,63,63,63,63,56,56,56,53,53,52,52,47,47,21,77,75,75,75,75,75,67,67,41,41,32,30,27,50,50,50,36,77,74,77,77,73,63,63,63,63,63,63,41,40,40,55,55,50,77,77,77,77,77],"gold":92,"neow_bonus":"TRANSFORM_TWO_CARDS","is_daily":false,"chose_seed":false,"campfire_upgraded":6,"win_rate":0.0,"timestamp":1609163236,"path_taken":["M","?","M","?","M","E","?","M","T","E","R","E","M","E","R","BOSS","M","?","?","?","M","E","R","E","T","M","M","E","R","M","R","BOSS","M","$","?","M","?","R","E","M","T","E","?","M","E","$","R","BOSS","R","$","E","BOSS"],"items_purchased_type":["Relic","Relic","Card","Card","Potion","Potion","Relic","Potion","Card","Card"],"build_version":"2020-12-22","purchased_purges":3,"victory":true,"max_hp_per_floor":[65,70,70,70,70,70,70,70,70,77,77,77,77,77,77,77,77,77,77,77,77,77,77,77,77,77,77,77,77,77,77,77,77,77,77,77,77,77,77,77,77,77,77,77,77,77,77,77,77,77,77,77,77,77,77],"card_choices":[{"not_picked":["SashWhip","ThirdEye"],"picked":"Prostrate","floor":1.0},{"not_picked":["SashWhip","ClearTheMind"],"picked":"CrushJoints","floor":3.0},{"not_picked":["EmptyFist","FlyingSleeves"],"picked":"Vengeance","floor":5.0},{"not_picked":["Conclude","Worship"],"picked":"WheelKick","floor":6.0},{"not_picked":["CrushJoints","Protect"],"picked":"FlurryOfBlows","floor":8.0},{"not_picked":["FlyingSleeves","BowlingBash","Nirvana"],"picked":"SKIP","floor":10.0},{"not_picked":["ConjureBlade","Evaluate"],"picked":"LessonLearned","floor":12.0},{"not_picked":["EmptyFist","CutThroughFate"],"picked":"ClearTheMind","floor":13.0},{"not_picked":["Vengeance","WaveOfTheHand","CrushJoints"],"picked":"SKIP","floor":14.0},{"not_picked":["Protect","DeceiveReality"],"picked":"SandsOfTime+1","floor":18.0},{"not_picked":["InnerPeace","WaveOfTheHand"],"picked":"Meditate","floor":22.0},{"not_picked":["Collect","SignatureMove+1"],"picked":"Tantrum+1","floor":23.0},{"not_picked":["PathToVictory","Indignation","SashWhip","CrushJoints"],"picked":"SKIP","floor":25.0},{"not_picked":["ReachHeaven","Consecrate+1","FlurryOfBlows","PathToVictory"],"picked":"SKIP","floor":27.0},{"not_picked":["FollowUp","CarveReality","CutThroughFate"],"picked":"Prostrate+1","floor":28.0},{"not_picked":["Swivel","Alpha","LikeWater","FlurryOfBlows"],"picked":"SKIP","floor":29.0},{"not_picked":["WheelKick+1","CarveReality","Wireheading","Consecrate"],"picked":"SKIP","floor":31.0},{"not_picked":["Brilliance","LessonLearned","DevaForm"],"picked":"Vault","floor":33.0},{"not_picked":["Prostrate+1","BowlingBash+1","FlyingSleeves+1"],"picked":"Pray","floor":35.0},{"not_picked":["Study","FollowUp","Indignation"],"picked":"TalkToTheHand","floor":38.0},{"not_picked":["Panache","Panacea","The Bomb"],"picked":"Purity","floor":39.0},{"not_picked":["Secret Weapon","Trip","Impatience"],"picked":"Master of Strategy","floor":39.0},{"not_picked":["Evaluate+1","CrushJoints","SashWhip","Consecrate"],"picked":"SKIP","floor":41.0},{"not_picked":["JustLucky","EmptyFist","Crescendo+1","PathToVictory"],"picked":"SKIP","floor":42.0},{"not_picked":["Worship+1","Vengeance","Protect+1"],"picked":"MentalFortress+1","floor":44.0},{"not_picked":["SashWhip+1","BowlingBash","CutThroughFate+1"],"picked":"Fasting2","floor":45.0},{"not_picked":["Devotion","EmptyBody+1","FlyingSleeves"],"picked":"Adaptation+1","floor":46.0},{"not_picked":["JustLucky","FlyingSleeves","SashWhip","PathToVictory"],"picked":"SKIP","floor":46.0},{"not_picked":["BowlingBash","ReachHeaven+1","EmptyFist+1","CutThroughFate+1"],"picked":"SKIP","floor":47.0},{"not_picked":["Tantrum+1","LessonLearned","Worship+1"],"picked":"WaveOfTheHand+1","floor":48.0},{"not_picked":["Evaluate","Conclude+1","ThirdEye+1"],"picked":"Omniscience","floor":48.0},{"not_picked":["SashWhip","WindmillStrike","ThirdEye+1"],"picked":"Study+1","floor":48.0},{"not_picked":["Crescendo+1","SignatureMove+1","ReachHeaven"],"picked":"TalkToTheHand","floor":54}],"player_experience":2193417,"relics_obtained":[{"floor":6.0,"key":"Anchor"},{"floor":9.0,"key":"Akabeko"},{"floor":10.0,"key":"Strawberry"},{"floor":12.0,"key":"Old Coin"},{"floor":14.0,"key":"CeramicFish"},{"floor":23.0,"key":"Question Card"},{"floor":25.0,"key":"Damaru"},{"floor":26.0,"key":"MealTicket"},{"floor":29.0,"key":"Incense Burner"},{"floor":41.0,"key":"TeardropLocket"},{"floor":44.0,"key":"Gremlin Horn"},{"floor":45.0,"key":"Prayer Wheel"},{"floor":47.0,"key":"Potion Belt"},{"floor":54,"key":"Calipers"}],"event_choices":[{"damage_healed":0.0,"max_hp_gain":5.0,"max_hp_loss":0.0,"gold_gain":0.0,"event_name":"Big Fish","player_choice":"Donut","floor":2.0,"gold_loss":0.0,"damage_taken":0.0},{"damage_healed":0.0,"max_hp_gain":0.0,"max_hp_loss":0.0,"gold_gain":0.0,"cards_transformed":["Defend_P"],"event_name":"Living Wall","player_choice":"Change","floor":4.0,"gold_loss":0.0,"damage_taken":0.0,"cards_obtained":["Ragnarok"]},{"damage_healed":0.0,"max_hp_gain":0.0,"max_hp_loss":0.0,"gold_gain":75.0,"event_name":"FaceTrader","player_choice":"Touch","floor":7.0,"gold_loss":0.0,"damage_taken":7.0},{"cards_removed":["Strike_P"],"damage_healed":0.0,"max_hp_gain":0.0,"max_hp_loss":0.0,"gold_gain":0.0,"event_name":"Back to Basics","player_choice":"Elegance","floor":19.0,"gold_loss":0.0,"damage_taken":0.0},{"damage_healed":0.0,"max_hp_gain":0.0,"max_hp_loss":0.0,"gold_gain":0.0,"event_name":"Ghosts","player_choice":"Ignored","floor":20.0,"gold_loss":0.0,"damage_taken":0.0},{"damage_healed":0.0,"max_hp_gain":0.0,"max_hp_loss":0.0,"gold_gain":0.0,"cards_transformed":["Strike_P","Defend_P"],"event_name":"Drug Dealer","player_choice":"Became Test Subject","floor":21.0,"gold_loss":0.0,"damage_taken":0.0,"cards_obtained":["Study","Wallop"]},{"cards_removed":["Wireheading"],"damage_healed":0.0,"max_hp_gain":0.0,"max_hp_loss":0.0,"gold_gain":0.0,"event_name":"Falling","player_choice":"Removed Power","floor":37.0,"gold_loss":0.0,"damage_taken":0.0},{"damage_healed":0.0,"max_hp_gain":0.0,"max_hp_loss":0.0,"gold_gain":0.0,"event_name":"SensoryStone","player_choice":"Memory 3","floor":39.0,"gold_loss":0.0,"damage_taken":10.0},{"damage_healed":0.0,"max_hp_gain":0.0,"max_hp_loss":0.0,"gold_gain":0.0,"event_name":"Mysterious Sphere","player_choice":"Fight","floor":45.0,"gold_loss":0.0,"damage_taken":0.0}],"is_beta":false,"boss_relics":[{"not_picked":["Empty Cage","Cursed Key"],"picked":"VioletLotus"},{"not_picked":["Runic Dome","Astrolabe"],"picked":"Philosopher\u0027s Stone"}],"items_purged_floors":[36,48,53],"is_endless":false,"potions_floor_spawned":[3,6,12,14,16,18,28,33,35,42,45,46],"ascension_level":1}}