{"host":"31s8hzukbhz1k6i6","time":1609199477,"event":{"mods":["BaseMod","Colored Map","Minty Spire (QoL Compilation)","Relic Stats","UnlockEverythingMod"],"gold_per_floor":[365,380,390,30,30,30,55,70,70,95,95,95,127,147,147,147,147],"floor_reached":16,"playtime":603,"items_purged":["Strike_G"],"score":180,"play_id":"3d50a7fc-d3aa-484e-8bca-62aace3f70f8","local_time":"20201228155117","is_ascension_mode":true,"campfire_choices":[{"data":"Crippling Poison","floor":6.0,"key":"SMITH"},{"floor":11.0,"key":"REST"},{"data":"Flechettes","floor":15.0,"key":"SMITH"}],"circlet_count":0,"master_deck":["AscendersBane","Strike_G","Strike_G","Strike_G","Defend_G","Defend_G","Defend_G","Defend_G","Defend_G","Survivor","Neutralize+1","Crippling Poison+1","Bane","Bouncing Flask","Backstab+1","Poisoned Stab","Deadly Poison","Flechettes+1"],"relics":["Ring of the Snake","Bottled Lightning","Shuriken","HornCleat","Letter Opener","Tiny Chest"],"acts_visited":["Exordium"],"potions_floor_usage":[16,16],"damage_taken":[{"damage":2.0,"enemies":"2 Louse","floor":1.0,"turns":3.0},{"damage":0.0,"enemies":"Small Slimes","floor":2.0,"turns":4.0},{"damage":0.0,"enemies":"Cultist","floor":3.0,"turns":4.0},{"damage":12.0,"enemies":"Lagavulin","floor":7.0,"turns":5.0},{"damage":4.0,"enemies":"Large Slime","floor":8.0,"turns":6.0},{"damage":9.0,"enemies":"Gremlin Nob","floor":10.0,"turns":4.0},{"damage":3.0,"enemies":"3 Sentries","floor":13.0,"turns":9.0},{"damage":5.0,"enemies":"Red Slaver","floor":14.0,"turns":3.0},{"damage":28,"enemies":"Slime Boss","floor":16,"turns":6}],"seed_played":"-3655640893837593916","potions_obtained":[{"floor":1.0,"key":"LiquidBronze"},{"floor":7.0,"key":"Dexterity Potion"},{"floor":13.0,"key":"SkillPotion"},{"floor":14.0,"key":"Fruit Juice"}],"is_trial":false,"path_per_floor":["M","M","M","$","?","R","E","M","T","E","R","?","E","M","R","B"],"character_chosen":"THE_SILENT","items_purchased":["Bottled Lightning","Backstab"],"campfire_rested":1,"item_purchase_floors":[4,4],"current_hp_per_floor":[43,43,43,43,29,29,17,13,13,4,25,25,22,17,17,0,0],"gold":147,"neow_bonus":"TWO_FIFTY_GOLD","is_daily":false,"chose_seed":false,"campfire_upgraded":2,"win_rate":0.0,"timestamp":1609199477,"path_taken":["M","M","M","$","?","R","E","M","T","E","R","?","E","M","R","BOSS"],"items_purchased_type":["Relic","Card"],"build_version":"2020-12-22","purchased_purges":1,"victory":false,"max_hp_per_floor":[70,70,70,70,70,70,70,70,70,70,70,70,70,70,70,75,75],"relic_stats":{"counters":[9,44],"Shuriken":[6],"Tiny Chest":0,"Letter Opener":[20],"obtain_stats":[{"HornCleat":9,"Shuriken":7,"Tiny Chest":13,"Bottled Lightning":4,"Letter Opener":10,"Ring of the Snake":0},{"HornCleat":5,"Shuriken":4,"Tiny Chest":7,"Bottled Lightning":3,"Letter Opener":6,"Ring of the Snake":0},{"HornCleat":22,"Shuriken":16,"Tiny Chest":35,"Bottled Lightning":11,"Letter Opener":26,"Ring of the Snake":0}],"Ring of the Snake":[18]},"card_choices":[{"not_picked":["Choke","Cloak And Dagger"],"picked":"Crippling Poison","floor":1.0},{"not_picked":["Dagger Throw","Prepared"],"picked":"Bane","floor":2.0},{"not_picked":["Prepared","Concentrate"],"picked":"Bouncing Flask","floor":3.0},{"not_picked":["Night Terror","Underhanded Strike","Reflex"],"picked":"SKIP","floor":7.0},{"not_picked":["Prepared","Sucker Punch"],"picked":"Poisoned Stab","floor":8.0},{"not_picked":["Grand Finale","Deflect","Infinite Blades"],"picked":"SKIP","floor":10.0},{"not_picked":["Backstab","Deflect"],"picked":"Flechettes","floor":13.0},{"not_picked":["Dagger Throw","Quick Slash","Backstab"],"picked":"SKIP","floor":14.0}],"player_experience":63263,"relics_obtained":[{"floor":7.0,"key":"Shuriken"},{"floor":9.0,"key":"HornCleat"},{"floor":10.0,"key":"Letter Opener"},{"floor":13.0,"key":"Tiny Chest"}],"event_choices":[{"damage_healed":0.0,"max_hp_gain":0.0,"max_hp_loss":0.0,"gold_gain":0.0,"event_name":"Shining Light","player_choice":"Entered Light","floor":5.0,"gold_loss":0.0,"damage_taken":14.0,"cards_upgraded":["Neutralize","Backstab"]},{"damage_healed":0.0,"max_hp_gain":0.0,"max_hp_loss":0.0,"gold_gain":0.0,"cards_transformed":["Strike_G"],"event_name":"Transmorgrifier","player_choice":"Transformed","floor":12.0,"gold_loss":0.0,"damage_taken":0.0,"cards_obtained":["Deadly Poison"]}],"is_beta":false,"boss_relics":[],"items_purged_floors":[4],"is_endless":false,"potions_floor_spawned":[1,7,13,14],"killed_by":"Slime Boss","ascension_level":10}}