{"host":"areou1to5q11ox5u","time":1609168165,"event":{"mods":["AchievementEnabler","Act Like it!","BaseMod","Bestiary","Block Reminder","Colored Map","Colored Powertips","DeckTracker","Downfall","Elementarium","Highlight Path","Infinite Spire","Minty Spire (QoL Compilation)","Permanent Neow","Random Character Button","Relic Sorter","Relic Stats","StSLib","The Construct","The Jungle"],"gold_per_floor":[115,127,139,156,173,173,202,202,229,9,29,49,49,49,49],"floor_reached":14,"playtime":1493,"items_purged":[],"score":94,"play_id":"99d65b50-0e23-4a9f-86a8-26bfcdaa3692","local_time":"20201228160925","is_ascension_mode":false,"campfire_choices":[{"data":"construct:OneWayMirror","floor":6,"key":"SMITH"},{"floor":8,"key":"REST"}],"circlet_count":0,"master_deck":["construct:Strike_Gold","construct:Strike_Gold","construct:Strike_Gold","construct:Strike_Gold","construct:Strike_Gold","construct:Defend_Gold","construct:Defend_Gold","construct:Defend_Gold","construct:Defend_Gold","construct:Defend_Gold","construct:AttackMode","construct:DefenseMode","construct:MassProduction","construct:SweepLaser","construct:Forcefield","construct:Stasis","construct:OneWayMirror+1","construct:FocusedBeam","construct:HyperBeam","construct:Stasis","construct:MetalShell","construct:Analyze","Iron Wave"],"relics":["construct:Cogwheel","Happy Flower","Pen Nib"],"acts_visited":["Exordium"],"potions_floor_usage":[],"damage_taken":[{"damage":4.0,"enemies":"Jaw Worm","floor":1.0,"turns":4.0},{"damage":6.0,"enemies":"Cultist","floor":2.0,"turns":3.0},{"damage":7.0,"enemies":"2 Louse","floor":3.0,"turns":2.0},{"damage":22.0,"enemies":"Lots of Slimes","floor":4.0,"turns":6.0},{"damage":4.0,"enemies":"Gremlin Gang","floor":5.0,"turns":6.0},{"damage":35,"enemies":"Lagavulin","floor":7,"turns":9},{"damage":10,"enemies":"2 Fungi Beasts","floor":11,"turns":4},{"damage":4,"enemies":"Blue Slaver","floor":12,"turns":4},{"damage":26,"enemies":"Gremlin Nob","floor":14,"turns":4}],"seed_played":"6407926333976381097","potions_obtained":[{"floor":1.0,"key":"Energy Potion"},{"floor":2.0,"key":"LiquidBronze"},{"floor":3.0,"key":"LiquidMemories"}],"is_trial":false,"path_per_floor":["M","M","M","M","M","R","E","R","T","$","M","M","?","E"],"character_chosen":"THE_CONSTRUCT_MOD","items_purchased":["construct:HyperBeam","construct:Stasis"],"campfire_rested":1,"item_purchase_floors":[10,10],"current_hp_per_floor":[81,75,68,46,42,42,7,32,32,32,22,18,18,0,0],"gold":49,"neow_bonus":"ONE_RANDOM_RARE_CARD","is_daily":false,"chose_seed":false,"campfire_upgraded":1,"win_rate":0.0,"timestamp":1609168165,"path_taken":["M","M","M","M","M","R","E","R","T","$","M","M","?","E"],"items_purchased_type":["Card","Card"],"build_version":"2020-12-22","purchased_purges":0,"victory":false,"max_hp_per_floor":[85,85,85,85,85,85,85,85,85,85,85,85,85,85,85],"relic_stats":{"Happy Flower":[4],"counters":[9,42],"Pen Nib":[1],"obtain_stats":[{"Happy Flower":7,"construct:Cogwheel":0,"Pen Nib":9},{"Happy Flower":6,"construct:Cogwheel":0,"Pen Nib":6},{"Happy Flower":30,"construct:Cogwheel":0,"Pen Nib":30}]},"card_choices":[{"not_picked":["construct:CriticalHit","construct:SaveState"],"picked":"construct:SweepLaser","floor":1.0},{"not_picked":["construct:PowerUp","construct:FierceBash"],"picked":"construct:Forcefield","floor":2.0},{"not_picked":["construct:Overcharge","construct:Dampening"],"picked":"construct:Stasis","floor":3.0},{"not_picked":["construct:ClusterMines","construct:Overcharge"],"picked":"construct:VentSteam","floor":4.0},{"not_picked":["construct:Enhance","construct:SyphonStrike"],"picked":"construct:OneWayMirror","floor":5.0},{"not_picked":["construct:Multistage","construct:Failsafe"],"picked":"construct:FocusedBeam","floor":7},{"not_picked":["construct:Backfire","construct:Boost"],"picked":"construct:MetalShell","floor":11},{"not_picked":["construct:ClusterMines","construct:SweepLaser"],"picked":"construct:Analyze","floor":12}],"player_experience":39916,"relics_obtained":[{"floor":7,"key":"Happy Flower"},{"floor":9,"key":"Pen Nib"}],"event_choices":[{"cards_removed":["construct:VentSteam"],"damage_healed":0,"gold_gain":0,"player_choice":"Took Card","damage_taken":0,"max_hp_gain":0,"max_hp_loss":0,"event_name":"NoteForYourself","floor":13,"gold_loss":0,"cards_obtained":["Iron Wave"]}],"is_beta":false,"boss_relics":[],"items_purged_floors":[],"is_endless":false,"potions_floor_spawned":[1,2,3],"killed_by":"Gremlin Nob","ascension_level":0}}