{"host":"x4eg333i40dafwq4","time":1609123733,"event":{"mods":["AchievementEnabler","BaseMod","Bestiary","Colored Powertips","Minty Spire (QoL Compilation)","Relic Stats"],"gold_per_floor":[118,118,137,137,151,151,151,176,176,191,201,201,201],"floor_reached":12,"playtime":547,"items_purged":[],"score":152,"play_id":"accca587-eadc-4023-aef4-83258f0a31ea","local_time":"20201227214853","is_ascension_mode":true,"campfire_choices":[{"floor":6,"key":"REST"}],"circlet_count":0,"master_deck":["AscendersBane","Strike_B+1","Strike_B+1","Strike_B","Defend_B","Defend_B","Defend_B","Defend_B","Zap","Dualcast","Beam Cell","Defragment+1","Go for the Eyes","BootSequence","Ball Lightning","Barrage"],"relics":["Cracked Core","Oddly Smooth Stone","Mummified Hand","MealTicket"],"acts_visited":[],"potions_floor_usage":[8,12],"damage_taken":[{"damage":4,"enemies":"2 Louse","floor":1,"turns":3},{"damage":6,"enemies":"Small Slimes","floor":3,"turns":3},{"damage":0,"enemies":"Jaw Worm","floor":5,"turns":4},{"damage":23,"enemies":"Lagavulin","floor":8,"turns":6},{"damage":6,"enemies":"Exordium Thugs","floor":10,"turns":3},{"damage":0,"enemies":"Blue Slaver","floor":11,"turns":3},{"damage":34,"enemies":"Gremlin Nob","floor":12,"turns":3}],"seed_played":"6938699908217382196","potions_obtained":[{"floor":3,"key":"DistilledChaos"},{"floor":11,"key":"Strength Potion"}],"is_trial":false,"path_per_floor":["M","?","M","?","M","R","?","E","T","M","M","E"],"character_chosen":"DEFECT","items_purchased":[],"campfire_rested":1,"item_purchase_floors":[],"current_hp_per_floor":[60,39,33,33,33,54,47,24,24,18,18,0,0],"gold":201,"neow_bonus":"RANDOM_COMMON_RELIC","is_daily":false,"chose_seed":false,"campfire_upgraded":0,"win_rate":0.0,"timestamp":1609123733,"path_taken":["M","?","M","?","M","R","?","E","T","M","M","E"],"items_purchased_type":[],"build_version":"2020-12-22","purchased_purges":0,"victory":false,"max_hp_per_floor":[71,71,71,71,71,71,71,71,71,71,71,71,71],"relic_stats":{"counters":[7,25],"Mummified Hand":[3],"MealTicket":0,"obtain_stats":[{"Mummified Hand":8,"Oddly Smooth Stone":0,"MealTicket":9,"Cracked Core":0},{"Mummified Hand":4,"Oddly Smooth Stone":0,"MealTicket":4,"Cracked Core":0},{"Mummified Hand":16,"Oddly Smooth Stone":0,"MealTicket":16,"Cracked Core":0}]},"card_choices":[{"not_picked":["Conserve Battery","Fusion"],"picked":"Beam Cell","floor":1},{"not_picked":["Force Field","Coolheaded"],"picked":"Defragment","floor":3},{"not_picked":["Streamline","Turbo"],"picked":"Go for the Eyes","floor":5},{"not_picked":["Meteor Strike","Leap"],"picked":"BootSequence","floor":8},{"not_picked":["Conserve Battery","Sweeping Beam"],"picked":"Ball Lightning","floor":10},{"not_picked":["Sweeping Beam","Recycle"],"picked":"Barrage","floor":11}],"player_experience":1424339,"relics_obtained":[{"floor":8,"key":"Mummified Hand"},{"floor":9,"key":"MealTicket"}],"event_choices":[{"damage_healed":0,"gold_gain":0,"player_choice":"Entered Light","damage_taken":21,"max_hp_gain":0,"max_hp_loss":0,"event_name":"Shining Light","floor":2,"gold_loss":0,"cards_upgraded":["Strike_B","Strike_B"]},{"damage_healed":0,"gold_gain":0,"player_choice":"Grow","damage_taken":0,"max_hp_gain":0,"max_hp_loss":0,"event_name":"Living Wall","floor":4,"gold_loss":0,"cards_upgraded":["Defragment"]},{"cards_removed":["Strike_B"],"damage_healed":0,"gold_gain":0,"player_choice":"Card Removal","damage_taken":7,"max_hp_gain":0,"max_hp_loss":0,"event_name":"Golden Wing","floor":7,"gold_loss":0}],"is_beta":false,"boss_relics":[],"items_purged_floors":[],"is_endless":false,"potions_floor_spawned":[3,11],"killed_by":"Gremlin Nob","ascension_level":18}}