{"host":"i09pxcjttd31eh4q","time":1609168397,"event":{"mods":["AchievementEnabler","BaseMod","Colored Map","Keyboard Shortcuts","Minty Spire (QoL Compilation)","StSLib","SuperFastMode"],"gold_per_floor":[115,134,134,134,57,85,102,27,27,65,77,89,116,128,140,226,238,265,294,306,56,56,56,91,108,131,44,44,44,44,62,62,137,137,149,149,40,50,62,78,89,114,138,138,138],"floor_reached":44,"playtime":1124,"items_purged":["Defend_B","Strike_B"],"score":982,"play_id":"3eae46e5-aa34-465e-a686-376861c3cbb2","local_time":"20201229001317","is_ascension_mode":true,"campfire_choices":[{"data":"Loop","floor":11.0,"key":"SMITH"},{"data":"Zap","floor":15.0,"key":"SMITH"},{"data":"Biased Cognition","floor":23.0,"key":"SMITH"},{"floor":28.0,"key":"REST"},{"data":"Echo Form","floor":30.0,"key":"SMITH"},{"data":"Coolheaded","floor":32.0,"key":"SMITH"}],"circlet_count":0,"master_deck":["AscendersBane","Defend_B","Defend_B","Defend_B","Zap+1","Dualcast","Cold Snap","Coolheaded+1","Biased Cognition+1","Loop+1","Hologram+1","Undo+1","Chill+1","BootSequence+1","Echo Form+1","Ball Lightning+1","Redo+1","White Noise+1","Chaos+1","Loop","Finesse+1","Flash of Steel","Redo+1","Self Repair"],"relics":["Cracked Core","NeowsBlessing","Ornamental Fan","Toxic Egg 2","MawBank","Matryoshka","Empty Cage","TheAbacus","Toy Ornithopter","Cables","Inserter","Juzu Bracelet","Lantern","Bag of Preparation"],"acts_visited":["Exordium","TheCity","TheBeyond"],"potions_floor_usage":[44],"damage_taken":[{"damage":0.0,"enemies":"Cultist","floor":1.0,"turns":1.0},{"damage":0.0,"enemies":"Small Slimes","floor":2.0,"turns":1.0},{"damage":0.0,"enemies":"Lagavulin","floor":6.0,"turns":1.0},{"damage":0.0,"enemies":"2 Louse","floor":7.0,"turns":3.0},{"damage":31.0,"enemies":"Gremlin Nob","floor":10.0,"turns":4.0},{"damage":3.0,"enemies":"Exordium Thugs","floor":13.0,"turns":5.0},{"damage":17.0,"enemies":"Hexaghost","floor":16.0,"turns":12.0},{"damage":22.0,"enemies":"3 Byrds","floor":18.0,"turns":7.0},{"damage":0.0,"enemies":"Chosen","floor":19.0,"turns":8.0},{"damage":30.0,"enemies":"Slavers","floor":24.0,"turns":6.0},{"damage":0.0,"enemies":"Sentry and Sphere","floor":25.0,"turns":4.0},{"damage":0.0,"enemies":"Snecko","floor":31.0,"turns":5.0},{"damage":27.0,"enemies":"Automaton","floor":33.0,"turns":9.0},{"damage":14.0,"enemies":"Orb Walker","floor":35.0,"turns":4.0},{"damage":0.0,"enemies":"3 Shapes","floor":38.0,"turns":5.0},{"damage":0.0,"enemies":"Maw","floor":39.0,"turns":6.0},{"damage":0.0,"enemies":"Sphere and 2 Shapes","floor":40.0,"turns":9.0},{"damage":18.0,"enemies":"3 Darklings","floor":41.0,"turns":6.0},{"damage":15.0,"enemies":"Nemesis","floor":42.0,"turns":6.0},{"damage":59,"enemies":"Reptomancer","floor":44,"turns":2}],"seed_played":"3103745802874795135","potions_obtained":[{"floor":6.0,"key":"SteroidPotion"},{"floor":7.0,"key":"FearPotion"},{"floor":10.0,"key":"CultistPotion"},{"floor":12.0,"key":"Weak Potion"},{"floor":16.0,"key":"CultistPotion"},{"floor":18.0,"key":"GamblersBrew"},{"floor":25.0,"key":"BlessingOfTheForge"},{"floor":33.0,"key":"ColorlessPotion"},{"floor":40.0,"key":"PotionOfCapacity"}],"is_trial":false,"path_per_floor":["M","M","?","?","$","E","M","$","T","E","R","?","M","?","R","B",null,"M","M","?","$","?","R","E","M","T","$","R","?","R","M","R","B",null,"M","?","$","M","M","M","M","E","T","E"],"character_chosen":"DEFECT","items_purchased":["Loop","TheAbacus","Chaos+1","FairyPotion"],"campfire_rested":1,"item_purchase_floors":[5,21,27,37],"current_hp_per_floor":[64,64,64,59,59,59,59,59,59,28,28,28,25,30,30,13,60,38,38,16,16,32,32,2,7,7,7,31,31,31,31,31,14,64,50,40,40,40,40,40,22,14,14,0,0],"gold":138,"neow_bonus":"THREE_ENEMY_KILL","is_daily":false,"chose_seed":false,"campfire_upgraded":5,"win_rate":0.0,"timestamp":1609168397,"path_taken":["M","?","?","?","$","E","?","?","T","E","R","?","?","?","R","BOSS","M","M","?","$","?","R","E","M","T","$","R","?","R","M","R","BOSS","M","?","$","M","M","M","M","E","T","E"],"items_purchased_type":["Card","Relic","Card","Potion"],"build_version":"2020-12-22","purchased_purges":2,"victory":false,"max_hp_per_floor":[71,71,71,71,71,71,71,71,71,71,71,71,71,76,76,76,76,76,76,81,81,81,81,81,81,81,81,81,81,81,81,81,81,81,81,81,81,81,81,81,81,81,81,81,81],"card_choices":[{"not_picked":["Stack","Beam Cell"],"picked":"Cold Snap","floor":1.0},{"not_picked":["Scrape","Turbo"],"picked":"Coolheaded","floor":2.0},{"not_picked":["Reprogram+1","Skim+1"],"picked":"Hologram+1","floor":6.0},{"not_picked":["Stack+1","Conserve Battery+1"],"picked":"Undo+1","floor":7.0},{"not_picked":["Consume+1","Go for the Eyes"],"picked":"Chill+1","floor":10.0},{"not_picked":["Steam Power+1","Double Energy+1"],"picked":"BootSequence+1","floor":13.0},{"not_picked":["Electrodynamics","Thunder Strike"],"picked":"Echo Form","floor":16.0},{"not_picked":["BootSequence+1","Leap+1"],"picked":"Ball Lightning+1","floor":18.0},{"not_picked":["Hologram+1","Go for the Eyes","Cold Snap"],"picked":"SKIP","floor":19.0},{"not_picked":["Auto Shields+1","Cold Snap"],"picked":"Redo+1","floor":24.0},{"not_picked":["Tempest+1","Coolheaded+1"],"picked":"White Noise+1","floor":25.0},{"not_picked":["Genetic Algorithm+1","Cold Snap","Sweeping Beam"],"picked":"SKIP","floor":31.0},{"not_picked":["Cold Snap","Lockon"],"picked":"Loop","floor":35.0},{"not_picked":["Panacea+1","Enlightenment+1"],"picked":"Finesse+1","floor":36.0},{"not_picked":["Good Instincts+1","Dramatic Entrance"],"picked":"Flash of Steel","floor":36.0},{"not_picked":["Rebound","Conserve Battery+1","Sweeping Beam"],"picked":"SKIP","floor":38.0},{"not_picked":["Conserve Battery+1","Leap+1","Melter"],"picked":"SKIP","floor":39.0},{"not_picked":["Stack+1","FTL"],"picked":"Redo+1","floor":40.0},{"not_picked":["Leap+1","Go for the Eyes"],"picked":"Self Repair","floor":41.0},{"not_picked":["Coolheaded+1","Go for the Eyes","Compile Driver"],"picked":"SKIP","floor":42.0}],"player_experience":783761,"relics_obtained":[{"floor":6.0,"key":"Toxic Egg 2"},{"floor":9.0,"key":"MawBank"},{"floor":10.0,"key":"Matryoshka"},{"floor":24.0,"key":"Toy Ornithopter"},{"floor":26.0,"key":"Cables"},{"floor":42.0,"key":"Juzu Bracelet"},{"floor":43.0,"key":"Lantern"},{"floor":43.0,"key":"Bag of Preparation"}],"event_choices":[{"damage_healed":0.0,"max_hp_gain":0.0,"max_hp_loss":0.0,"gold_gain":0.0,"cards_transformed":["Strike_B"],"event_name":"Living Wall","player_choice":"Change","floor":3.0,"gold_loss":0.0,"damage_taken":0.0,"cards_obtained":["Biased Cognition"]},{"damage_healed":0.0,"max_hp_gain":0.0,"max_hp_loss":0.0,"gold_gain":0.0,"event_name":"Scrap Ooze","player_choice":"Success","floor":4.0,"gold_loss":0.0,"damage_taken":5.0,"relics_obtained":["Ornamental Fan"]},{"damage_healed":0.0,"max_hp_gain":0.0,"max_hp_loss":0.0,"gold_gain":0.0,"event_name":"Lab","player_choice":"Got Potions","floor":12.0,"gold_loss":0.0,"damage_taken":0.0},{"damage_healed":0.0,"max_hp_gain":5.0,"max_hp_loss":0.0,"gold_gain":0.0,"event_name":"Big Fish","player_choice":"Donut","floor":14.0,"gold_loss":0.0,"damage_taken":0.0},{"damage_healed":0.0,"max_hp_gain":5.0,"max_hp_loss":0.0,"gold_gain":0.0,"event_name":"Forgotten Altar","player_choice":"Shed Blood","floor":20.0,"gold_loss":0.0,"damage_taken":27.0},{"damage_healed":16.0,"max_hp_gain":0.0,"max_hp_loss":0.0,"gold_gain":0.0,"event_name":"The Library","player_choice":"Heal","floor":22.0,"gold_loss":0.0,"damage_taken":0.0},{"damage_healed":0.0,"max_hp_gain":0.0,"max_hp_loss":0.0,"gold_gain":0.0,"event_name":"Vampires","player_choice":"Ignored","floor":29.0,"gold_loss":0.0,"damage_taken":0.0},{"damage_healed":0.0,"max_hp_gain":0.0,"max_hp_loss":0.0,"gold_gain":0.0,"event_name":"SensoryStone","player_choice":"Memory 3","floor":36.0,"gold_loss":0.0,"damage_taken":10.0}],"is_beta":false,"boss_relics":[{"not_picked":["SacredBark","FrozenCore"],"picked":"Empty Cage"},{"not_picked":["Philosopher\u0027s Stone","Nuclear Battery"],"picked":"Inserter"}],"items_purged_floors":[8,21],"is_endless":false,"potions_floor_spawned":[6,7,10,16,18,24,25,33,38,39,40,42],"killed_by":"Reptomancer","ascension_level":20}}