{"host":"hgkb2zpbo2dcws21","time":1609159225,"event":{"mods":["AchievementEnabler","BaseMod","Colored Map","Colored Powertips","Custom Start","DeckTracker","KOR Keyword Fix","Minty Spire (QoL Compilation)","Relic Stats","StSLib","SuperFastMode"],"gold_per_floor":[111,128,53,53,72,72,98,98,121,121,121],"floor_reached":10,"playtime":169,"items_purged":["Strike_P"],"score":119,"play_id":"b806d4c9-2f34-4d8a-b5db-a13089e7c16e","local_time":"20201228214025","is_ascension_mode":true,"campfire_choices":[{"data":"Eruption","floor":6,"key":"SMITH"},{"floor":8,"key":"REST"}],"circlet_count":0,"master_deck":["AscendersBane","Strike_P","Strike_P","Strike_P","Defend_P","Defend_P","Defend_P","Defend_P","Eruption+1","Vigilance","FearNoEvil"],"relics":["VioletLotus","Strawberry","Toy Ornithopter"],"acts_visited":["Exordium"],"potions_floor_usage":[10],"damage_taken":[{"damage":0,"enemies":"Cultist","floor":1,"turns":2},{"damage":1,"enemies":"2 Louse","floor":2,"turns":4},{"damage":12,"enemies":"Small Slimes","floor":5,"turns":3},{"damage":24,"enemies":"3 Sentries","floor":7,"turns":10},{"damage":55,"enemies":"Lagavulin","floor":10,"turns":5}],"seed_played":"-4193733842057206060","potions_obtained":[{"floor":1,"key":"Ancient Potion"},{"floor":5,"key":"DuplicationPotion"}],"is_trial":false,"path_per_floor":["M","M","$","?","M","R","E","R","T","E"],"character_chosen":"WATCHER","items_purchased":[],"campfire_rested":1,"item_purchase_floors":[],"current_hp_per_floor":[61,60,60,56,44,44,27,49,49,0,0],"gold":121,"neow_bonus":"BOSS_RELIC","is_daily":false,"chose_seed":false,"campfire_upgraded":1,"win_rate":0.0,"timestamp":1609159225,"path_taken":["M","?","$","?","?","R","E","R","T","E"],"items_purchased_type":[],"build_version":"2020-12-22","purchased_purges":1,"victory":false,"max_hp_per_floor":[68,68,68,68,68,68,75,75,75,75,75],"relic_stats":{"counters":[5,24],"VioletLotus":[5],"obtain_stats":[{"Strawberry":7,"VioletLotus":0,"PureWater":0,"Toy Ornithopter":9},{"Strawberry":4,"VioletLotus":0,"PureWater":0,"Toy Ornithopter":4},{"Strawberry":19,"VioletLotus":0,"PureWater":0,"Toy Ornithopter":19}],"Toy Ornithopter":5},"card_choices":[{"not_picked":["Indignation","ThirdEye"],"picked":"FearNoEvil","floor":1},{"not_picked":["EmptyBody","DeceiveReality","EmptyFist"],"picked":"SKIP","floor":2},{"not_picked":["ClearTheMind","Evaluate","FlurryOfBlows"],"picked":"SKIP","floor":5},{"not_picked":["Prostrate","Halt","WreathOfFlame"],"picked":"SKIP","floor":7}],"player_experience":1114189,"relics_obtained":[{"floor":7,"key":"Strawberry"},{"floor":9,"key":"Toy Ornithopter"}],"event_choices":[{"damage_healed":0,"gold_gain":0,"player_choice":"Bought 0 Potions","damage_taken":0,"max_hp_gain":0,"max_hp_loss":0,"event_name":"The Woman in Blue","floor":4,"gold_loss":0}],"is_beta":false,"boss_relics":[],"items_purged_floors":[3],"is_endless":false,"potions_floor_spawned":[1,5],"killed_by":"Lagavulin","ascension_level":16}}