{"host":"69bxgjr0sv0a6xc4","time":1609168286,"event":{"mods":["Act Like it!","BaseMod","Better Altar","Better Match","Better Note","Better Sensory Stone","Better Skull","Better Third Choice","BetterRewards","DeckTracker","Downfall","Friendly Minions","Hermit","Hubris","Jorbs\u0027s Wanderer Trilogy","Minty Spire (QoL Compilation)","Relic Stats","Spicy Shops","StSLib","The Animator","The Bladedancer","Unceasing Turn Reminder","Waifu the Spire","Wandering Minibosses"],"gold_per_floor":[99,115,131,131,149,149,195,211,244,261,316,316,316,316],"floor_reached":12,"playtime":797,"items_purged":[],"score":80,"play_id":"f1fe3216-7e0f-469f-b048-ab5c9504181d","local_time":"20201228161126","is_ascension_mode":false,"campfire_choices":[{"data":"champ:Taunt","floor":1,"key":"SMITH"},{"data":"champ:BladeFlurry","floor":6,"key":"SMITH"}],"circlet_count":0,"master_deck":["champ:Strike","champ:Strike","champ:Strike","champ:Strike","champ:Defend","champ:Defend","champ:Defend","champ:Defend","champ:Execute","champ:Taunt+1","champ:GladiatorStyle","champ:EnragedBash","champ:BladeFlurry+1","champ:FanOfKnives","champ:Lariat","champ:DeathBlow"],"relics":["hubris:CrackedHourglass","MealTicket","hubris:DisguiseKit"],"acts_visited":["Exordium"],"potions_floor_usage":[9,10,12],"damage_taken":[{"damage":14,"enemies":"2 Louse","floor":2,"turns":3},{"damage":3,"enemies":"Small Slimes","floor":3,"turns":3},{"damage":6,"enemies":"Cultist","floor":5,"turns":4},{"damage":10,"enemies":"2 Fungi Beasts","floor":8,"turns":4},{"damage":49,"enemies":"3 Sentries","floor":9,"turns":8},{"damage":10,"enemies":"Gremlin Gang","floor":10,"turns":4},{"damage":33,"enemies":"3 Sentries","floor":11,"turns":7},{"damage":56,"enemies":"Lagavulin","floor":12,"turns":5}],"seed_played":"-309725044353719802","potions_obtained":[{"floor":5,"key":"ColorlessPotion"},{"floor":8,"key":"SkillPotion"},{"floor":11,"key":"SteroidPotion"}],"is_trial":false,"path_per_floor":["R","M","M","?","M","R","T","M","E","M","?","E"],"character_chosen":"THE_CHAMP","items_purchased":[],"campfire_rested":0,"item_purchase_floors":[],"current_hp_per_floor":[90,86,83,83,83,83,83,75,52,44,26,0,0,0],"gold":316,"neow_bonus":"BOSS_RELIC","is_daily":false,"chose_seed":false,"campfire_upgraded":2,"win_rate":0.0,"timestamp":1609168286,"path_taken":["R","M","M","?","M","R","T","M","E","M","?","E"],"items_purchased_type":[],"build_version":"2020-12-22","purchased_purges":0,"victory":false,"max_hp_per_floor":[90,90,90,90,90,90,90,90,90,90,90,90,90,90],"relic_stats":{"counters":[8,38],"MealTicket":0,"obtain_stats":[{"hubris:DisguiseKit":11,"champ:ChampionCrown":0,"MealTicket":9,"hubris:CrackedHourglass":0},{"hubris:DisguiseKit":7,"champ:ChampionCrown":0,"MealTicket":5,"hubris:CrackedHourglass":0},{"hubris:DisguiseKit":33,"champ:ChampionCrown":0,"MealTicket":22,"hubris:CrackedHourglass":0}]},"card_choices":[{"not_picked":["champ:Backstep","champ:FocusedDefense"],"picked":"champ:GladiatorStyle","floor":2},{"not_picked":["champ:GladiatorsShout","champ:DefensiveShout"],"picked":"champ:EnragedBash","floor":3},{"not_picked":["champ:Backstep","champ:TornadoPunch"],"picked":"champ:BladeFlurry","floor":5},{"not_picked":["champ:BladeFlurry","champ:FanOfKnives","champ:EnragedBash"],"picked":"SKIP","floor":8},{"not_picked":["champ:FocusedDefense","champ:BladeFlurry"],"picked":"champ:FanOfKnives","floor":9},{"not_picked":["champ:BringItOn","champ:Duel"],"picked":"champ:Lariat","floor":10},{"not_picked":["champ:DefensiveShout","champ:Haymaker"],"picked":"champ:DeathBlow","floor":11}],"player_experience":925342,"relics_obtained":[{"floor":9,"key":"MealTicket"},{"floor":11,"key":"hubris:DisguiseKit"}],"event_choices":[],"is_beta":false,"boss_relics":[],"items_purged_floors":[],"is_endless":false,"potions_floor_spawned":[5,8,11],"killed_by":"Lagavulin","ascension_level":0}}