{"host":"cjhtzh7tp54jdfyv","time":1609181789,"event":{"mods":["AchievementEnabler","BaseMod","Colored Map","Colored Powertips","Curses Come First","DeckTracker","Filter the Spire","Hermit","Minty Spire (QoL Compilation)","RNG Fix","Relic Sorter","Relic Stats","StSLib","The Cursed","The Disciple","The Marked","UnlockEverythingMod","Waifu the Spire","ojb\u0027s Better Paths Mod","ojb\u0027s Info Mod"],"gold_per_floor":[209,221,221,23,43,43,59,137,162,193,216,230,273,287,287,380,380,403,417,417,417],"floor_reached":20,"playtime":1475,"items_purged":[],"score":376,"play_id":"dda8e891-78ce-4fce-bb24-e3c6397bf62a","local_time":"20201228135629","is_ascension_mode":true,"campfire_choices":[{"data":"TheCursedMod:CursedMace","floor":6,"key":"SMITH"},{"data":"TheCursedMod:FleshFromBone","floor":15,"key":"SMITH"}],"circlet_count":0,"master_deck":["AscendersBane","TheCursedMod:Strike_TheCursed","TheCursedMod:Strike_TheCursed","TheCursedMod:Strike_TheCursed","TheCursedMod:Strike_TheCursed","TheCursedMod:Defend_TheCursed","TheCursedMod:Defend_TheCursed","TheCursedMod:Defend_TheCursed","TheCursedMod:Defend_TheCursed","TheCursedMod:CursedWand","TheCursedMod:CleanUpWorkshop","TheCursedMod:Dregs","TheCursedMod:CursedMace+1","Injury","TheCursedMod:HellsGateOpen","TheCursedMod:SoulCrush","TheCursedMod:CursedShiv","TheCursedMod:Neurasthenia","TheCursedMod:CursedBlade","TheCursedMod:SpitefulStrike","TheCursedMod:FleshFromBone+1","TheCursedMod:DemonSword","TheCursedMod:Wield+1","TheCursedMod:Grudge+1"],"relics":["TheCursedMod:BlackMagic101","Golden Idol","OrangePellets","Mercury Hourglass","Blood Vial","Nunchaku","Question Card","TheCursedMod:OminousMark"],"acts_visited":["Exordium","TheCity"],"potions_floor_usage":[11,13],"damage_taken":[{"damage":0,"enemies":"2 Louse","floor":1,"turns":4},{"damage":4,"enemies":"Cultist","floor":2,"turns":4},{"damage":2,"enemies":"Jaw Worm","floor":5,"turns":4},{"damage":8,"enemies":"Blue Slaver","floor":7,"turns":2},{"damage":27,"enemies":"Gremlin Nob","floor":10,"turns":4},{"damage":7,"enemies":"Exordium Thugs","floor":11,"turns":4},{"damage":0,"enemies":"2 Fungi Beasts","floor":12,"turns":2},{"damage":5,"enemies":"3 Sentries","floor":13,"turns":4},{"damage":8,"enemies":"Large Slime","floor":14,"turns":4},{"damage":1,"enemies":"The Guardian","floor":16,"turns":10},{"damage":16,"enemies":"Chosen","floor":18,"turns":5},{"damage":17,"enemies":"2 Thieves","floor":19,"turns":4},{"damage":37,"enemies":"Shelled Parasite and Fungi","floor":20,"turns":3}],"seed_played":"-9182898900958684339","potions_obtained":[{"floor":1,"key":"Regen Potion"},{"floor":5,"key":"Dexterity Potion"},{"floor":10,"key":"Energy Potion"}],"is_trial":false,"path_per_floor":["M","M","?","$","M","R","M","T","T","E","M","M","E","M","R","B",null,"M","M","M"],"character_chosen":"THE_CURSED","items_purchased":["OrangePellets","TheCursedMod:HellsGateOpen"],"campfire_rested":0,"item_purchase_floors":[4,4],"current_hp_per_floor":[64,60,60,60,58,58,50,50,50,25,32,34,31,25,25,26,60,46,31,0,0],"gold":417,"neow_bonus":"HUNDRED_GOLD","is_daily":false,"chose_seed":false,"campfire_upgraded":2,"win_rate":0.0,"timestamp":1609181789,"path_taken":["M","M","?","$","M","R","M","?","T","E","M","M","E","M","R","BOSS","M","M","M"],"items_purchased_type":["Relic","Card"],"build_version":"2020-12-22","purchased_purges":0,"victory":false,"max_hp_per_floor":[71,71,71,71,71,71,71,71,71,71,71,71,71,71,71,71,71,71,71,71,71],"relic_stats":{"Blood Vial":18,"OrangePellets":[2],"Nunchaku":[7],"counters":[13,54],"Golden Idol":60,"Question Card":4,"obtain_stats":[{"Blood Vial":9,"TheCursedMod:BlackMagic101":0,"OrangePellets":4,"Nunchaku":10,"TheCursedMod:OminousMark":17,"Golden Idol":3,"Question Card":13,"Mercury Hourglass":8},{"Blood Vial":4,"TheCursedMod:BlackMagic101":0,"OrangePellets":2,"Nunchaku":5,"TheCursedMod:OminousMark":10,"Golden Idol":2,"Question Card":8,"Mercury Hourglass":4},{"Blood Vial":14,"TheCursedMod:BlackMagic101":0,"OrangePellets":8,"Nunchaku":18,"TheCursedMod:OminousMark":42,"Golden Idol":8,"Question Card":28,"Mercury Hourglass":14}],"Mercury Hourglass":[144]},"card_choices":[{"not_picked":["TheCursedMod:CursedAmulet","TheCursedMod:RapidMovement","TheCursedMod:FleshFromBone"],"picked":"SKIP","floor":1},{"not_picked":["TheCursedMod:CursedBoomerang","TheCursedMod:WearCloak"],"picked":"TheCursedMod:CursedMace","floor":2},{"not_picked":["TheCursedMod:RavingStaff","TheCursedMod:CursedBoomerang"],"picked":"TheCursedMod:SoulCrush","floor":5},{"not_picked":["TheCursedMod:CursedAmulet","TheCursedMod:SmokeScreen"],"picked":"TheCursedMod:CursedShiv","floor":7},{"not_picked":["TheCursedMod:CircleOfAbyss","TheCursedMod:SmokeScreen"],"picked":"TheCursedMod:Neurasthenia","floor":10},{"not_picked":["TheCursedMod:WearCloak","TheCursedMod:CursedShiv"],"picked":"TheCursedMod:CursedBlade","floor":11},{"not_picked":["TheCursedMod:Obscuration","TheCursedMod:FleshFromBone"],"picked":"TheCursedMod:SpitefulStrike","floor":12},{"not_picked":["TheCursedMod:CursedRelics","TheCursedMod:RapidMovement"],"picked":"TheCursedMod:FleshFromBone","floor":13},{"not_picked":["TheCursedMod:SpitefulStrike","TheCursedMod:CursedMace","TheCursedMod:Mangle","TheCursedMod:EmpowerCircles"],"picked":"SKIP","floor":14},{"not_picked":["TheCursedMod:CircleOfAbyss","TheCursedMod:UltimatePain","TheCursedMod:CollectTribute"],"picked":"TheCursedMod:DemonSword","floor":16},{"not_picked":["TheCursedMod:TacticalStrike","TheCursedMod:SpreadPlague","TheCursedMod:SmokeScreen+1"],"picked":"TheCursedMod:Wield+1","floor":18},{"not_picked":["TheCursedMod:CursedAmulet","TheCursedMod:CircleOfFlame","TheCursedMod:SurpriseAttack"],"picked":"TheCursedMod:Grudge+1","floor":19}],"player_experience":4474329,"relics_obtained":[{"floor":8,"key":"Mercury Hourglass"},{"floor":9,"key":"Blood Vial"},{"floor":10,"key":"Nunchaku"},{"floor":13,"key":"Question Card"}],"event_choices":[{"damage_healed":0,"gold_gain":0,"player_choice":"Take Wound","damage_taken":0,"relics_obtained":["Golden Idol"],"max_hp_gain":0,"max_hp_loss":0,"event_name":"Golden Idol","floor":3,"gold_loss":0,"cards_obtained":["Injury"]}],"is_beta":false,"boss_relics":[{"not_picked":["Busted Crown","SacredBark"],"picked":"TheCursedMod:OminousMark"}],"items_purged_floors":[],"is_endless":false,"potions_floor_spawned":[1,5,10],"killed_by":"Shelled Parasite and Fungi","ascension_level":20}}