{"host":"5fasz840ryq7obdf","time":1609126007,"event":{"mods":["AchievementEnabler","BaseMod","Bestiary","Better Altar","Better Skull","Better Third Choice","BetterRewards","Block Reminder","Colored Powertips","Curses Come First","Highlight Path","Minty Spire (QoL Compilation)","Quick Restart","Rare Cards Sparkle","Relic Stats","Replay The Spire","Shop Mod","Spicy Shops","StSLib","SuperFastMode"],"gold_per_floor":[128,93,4,4,43,43,104,104,104,155,155,213,245,320,320,428,482,513,513,553,597,597,653,653,696,745,810,810,845,884,945,945,1069,1069,1114,1163,1242,1316,1375,1444,1444,1504,1529,1591,953,1012,1096,1143,1143,1193,1249,1249,1249,166,233,173],"floor_reached":57,"playtime":3093,"items_purged":["Strike_G","Strike_G","Defend_G","Defend_G","Injury","CommonCold","Glass Knife+1"],"score":3971,"play_id":"bf620850-c697-494f-b6d0-b79a9522244c","local_time":"20201228032647","is_ascension_mode":true,"campfire_choices":[{"floor":6,"key":"REST"},{"data":"Neutralize","floor":8,"key":"SMITH"},{"data":"Cloak And Dagger","floor":8,"key":"SMITH"},{"data":"Backstab","floor":11,"key":"SMITH"},{"data":"Accuracy","floor":11,"key":"SMITH"},{"data":"Cloak And Dagger","floor":15,"key":"SMITH"},{"data":"Finisher","floor":15,"key":"SMITH"},{"data":"ReplayTheSpireMod:Private Reserves","floor":24,"key":"SMITH"},{"data":"Blade Dance","floor":24,"key":"SMITH"},{"floor":28,"key":"RECALL"},{"data":"Glass Knife","floor":32,"key":"SMITH"},{"data":"Skewer","floor":32,"key":"SMITH"},{"floor":41,"key":"REST"},{"floor":49,"key":"DIG"},{"floor":53,"key":"DIG"}],"circlet_count":0,"master_deck":["AscendersBane","Survivor+1","Neutralize+1","ReplayTheSpireMod:Private Reserves+1","Accuracy+1","Blade Dance+1","Well Laid Plans+1","Cloak And Dagger+1","Infinite Blades+1","Infinite Blades+1","Well Laid Plans+1","After Image+1","Finisher+1","Footwork+1","Sadistic Nature+1","Cloak And Dagger+1","Cloak And Dagger+1","Backflip+1","Skewer+1","Backstab+1","Hidden Blade+1","Prepared+1","Burst+1","Footwork+1","Prepared+1","Toxin Wave+1","Terror+1","Envenom+1","Leg Sweep+1","Calculated Gamble+1","Cloak And Dagger+1","Envenom+1","Expertise+1","Doppelganger+1","ReplayTheSpireMod:Scrap Shanks+1","Storm of Steel+1","Tools of the Trade+1","Infinite Blades+1","Blade Dance+1","Cloak And Dagger+1","Hidden Blade+1","Backflip+1","Acrobatics+1","ReplayTheSpireMod:Shiv Toss+1","Accuracy+1","Replay:Bag of Tricks+1","PanicButton+1","ReplayTheSpireMod:Scrap Shanks+1","Dodge and Roll+1","Infinite Blades+1","Malaise+1","Noxious Fumes+1","ReplayUltimateDefense+1","Dodge and Roll+1"],"relics":["Ring of the Snake","Ornamental Fan","Oddly Smooth Stone","Membership Card","CeramicFish","Frozen Egg 2","TungstenRod","Vampiric Spirits","Replay:Arrowhead","Blue Doll","Shuriken","HandDrill","Sling","Replay:Bandana","Orrery","Snake Skull","TwistedFunnel","Bag of Preparation","Toxic Egg 2","Paper Crane","ReplayTheSpireMod:TigerMarble","Boot","Replay:Grab Bag","ChewingGum","Painkiller Herb","Pandora\u0027s Box","HoveringKite","Nloth\u0027s Gift","Gremlin Horn","War Paint","Molten Egg 2","Byrd Skull","SlaversCollar","Tingsha","Ring of Misfortune","Ring of Greed","Replay:Wax Seal","Tiny Chest","Golden Egg","Juzu Bracelet","Happy Flower","Omamori","Shovel","Counterbalance","Pen Nib","Vajra","Replay:Bottled Flurry","Nunchaku","Calipers","Snack Pack","ClockworkSouvenir","Toolbox","Orichalcum","Incense Burner"],"acts_visited":["Exordium","TheCity","TheBeyond","TheEnding"],"potions_floor_usage":[12,23,34,56,56],"damage_taken":[{"damage":9,"enemies":"2 Louse","floor":1,"turns":3},{"damage":3,"enemies":"Small Slimes","floor":5,"turns":3},{"damage":0,"enemies":"Gremlin Nob","floor":7,"turns":3},{"damage":2,"enemies":"Lagavulin","floor":10,"turns":4},{"damage":0,"enemies":"Gremlin Nob","floor":12,"turns":2},{"damage":0,"enemies":"Jaw Worm","floor":13,"turns":1},{"damage":0,"enemies":"Slime Boss","floor":16,"turns":4},{"damage":8,"enemies":"2 Thieves","floor":18,"turns":2},{"damage":0,"enemies":"Shell Parasite","floor":20,"turns":2},{"damage":1,"enemies":"Centurion and Healer","floor":21,"turns":2},{"damage":0,"enemies":"Slavers","floor":23,"turns":2},{"damage":0,"enemies":"Snecko","floor":25,"turns":2},{"damage":0,"enemies":"Gremlin Leader","floor":27,"turns":3},{"damage":0,"enemies":"Snake Plant","floor":29,"turns":3},{"damage":0,"enemies":"Chosen and Byrds","floor":30,"turns":2},{"damage":0,"enemies":"Book of Stabbing","floor":31,"turns":2},{"damage":0,"enemies":"Automaton","floor":33,"turns":3},{"damage":0,"enemies":"3 Darklings","floor":35,"turns":1},{"damage":0,"enemies":"3 Shapes","floor":36,"turns":2},{"damage":0,"enemies":"2 Orb Walkers","floor":37,"turns":2},{"damage":0,"enemies":"Maw","floor":38,"turns":3},{"damage":0,"enemies":"R_Hoarder","floor":40,"turns":2},{"damage":0,"enemies":"Spire Growth","floor":42,"turns":2},{"damage":0,"enemies":"Giant Head","floor":44,"turns":2},{"damage":0,"enemies":"R_Hoarder","floor":46,"turns":3},{"damage":0,"enemies":"Transient","floor":47,"turns":3},{"damage":0,"enemies":"Reptomancer","floor":48,"turns":2},{"damage":0,"enemies":"Donu and Deca","floor":50,"turns":4},{"damage":0,"enemies":"Replay:Hell Engine","floor":51,"turns":2},{"damage":0,"enemies":"Shield and Spear","floor":55,"turns":2},{"damage":39,"enemies":"The Heart","floor":56,"turns":6}],"seed_played":"1662745683215763825","potions_obtained":[{"floor":7,"key":"Weak Potion"},{"floor":10,"key":"Dexterity Potion"},{"floor":18,"key":"Strength Potion"},{"floor":23,"key":"SteroidPotion"},{"floor":33,"key":"Fruit Juice"},{"floor":35,"key":"LifebloodPotion"},{"floor":37,"key":"Block Potion"},{"floor":42,"key":"Swift Potion"}],"is_trial":false,"path_per_floor":["M","?","$","?","M","R","E","R","T","E","R","E","M","?","R","B",null,"?","?","?","?","?","E","T","?","T","E","T","?","?","E","T","B",null,"?","?","?","?","?","E","T","?","T","E","T","E","?","E","T","B","B",null,"T","T","E","B",null],"character_chosen":"THE_SILENT","items_purchased":["Ornamental Fan","Oddly Smooth Stone","ReplayTheSpireMod:Private Reserves","Accuracy","Membership Card","CeramicFish","Frozen Egg 2","TungstenRod","Blade Dance","Well Laid Plans+1","Vampiric Spirits","Replay:Arrowhead","Blue Doll","Shuriken","HandDrill","Sling","Cloak And Dagger","Infinite Blades+1","Replay:Bandana","Orrery","Sadistic Nature+1","Snake Skull","TwistedFunnel","Mirror","Cloak And Dagger+1","Bag of Preparation","Accuracy+1","Happy Flower","Replay:Bag of Tricks+1","Omamori","Shovel","PanicButton+1","Nunchaku","Calipers","Snack Pack","ClockworkSouvenir","Malaise+1","Toolbox","Noxious Fumes+1","Milkshake","ReplayUltimateDefense+1","Dodge and Roll+1","Orichalcum"],"campfire_rested":2,"item_purchase_floors":[0,0,0,0,0,0,0,0,0,0,0,0,0,0,0,0,0,0,0,0,0,0,0,0,3,3,45,45,45,45,45,45,54,54,54,54,54,54,54,54,54,54,54],"current_hp_per_floor":[8,24,24,15,15,34,37,37,37,35,35,39,49,39,39,42,60,58,58,64,65,65,66,66,66,66,66,66,66,66,66,66,66,71,71,71,71,71,71,71,71,71,71,71,71,71,71,71,71,71,71,71,71,71,71,44],"gold":173,"neow_bonus":"","is_daily":false,"chose_seed":false,"campfire_upgraded":10,"win_rate":0.0,"timestamp":1609126007,"path_taken":["M","?","$","?","M","R","E","R","T","E","R","E","M","?","R","BOSS","?","?","?","?","?","E","T","?","T","E","T","?","?","E","T","BOSS","?","?","?","?","?","E","T","?","T","E","T","E","?","E","T","BOSS","BOSS","T","T","E","BOSS"],"items_purchased_type":["Relic","Relic","Card","Card","Relic","Relic","Relic","Relic","Card","Card","Relic","Relic","Relic","Relic","Relic","Relic","Card","Card","Relic","Relic","Card","Relic","Relic","Relic","Card","Relic","Card","Relic","Card","Relic","Relic","Card","Relic","Relic","Relic","Relic","Card","Relic","Card","Potion","Card","Card","Relic"],"build_version":"2020-12-22","purchased_purges":7,"victory":true,"max_hp_per_floor":[66,66,66,66,66,66,66,66,66,66,66,66,66,66,66,66,66,66,66,66,66,66,66,66,66,66,66,66,66,66,66,66,66,71,71,71,71,71,71,71,71,71,71,71,71,71,71,71,71,71,71,71,71,71,71,71],"relic_stats":{"Gremlin Horn":[15,15],"Happy Flower":[36],"counters":[356,1324],"CeramicFish":477,"HoveringKite":[41],"Tingsha":[236],"Snake Skull":[574],"Pen Nib":[9],"Bag of Preparation":[62],"Juzu Bracelet":0,"War Paint":["Backflip","Survivor"],"Orichalcum":[6],"Boot":[25],"Nunchaku":[5],"Shovel":2,"Ornamental Fan":[428],"Shuriken":[107],"Pandora\u0027s Box":["Footwork","Prepared","Glass Knife","Toxin Wave","Terror","Envenom"],"Tiny Chest":0,"HandDrill":[18],"Nloth\u0027s Gift":8,"obtain_stats":[{"TwistedFunnel":19,"Golden Egg":40,"Replay:Accelerometer":10,"Vampiric Spirits":4,"Spirit Poop":5,"Whetstone":40,"Ginger":0,"Bottled Tornado":0,"Sling":0,"Boot":3,"Old Coin":39,"Blood Vial":48,"Replay:Wanted Poster":36,"Replay:Ringing Soul":40,"Sundial":11,"MealTicket":0,"HandDrill":2,"Replay:Bottled Flurry":53,"Kunai":26,"Replay:Wax Seal":0,"Replay:Bottled Steam":12,"Pear":27,"Blue Candle":41,"Counterbalance":39,"Tingsha":0,"Eternal Feather":26,"Pen Nib":36,"Paper Crane":36,"Akabeko":2,"SlaversCollar":17,"Bird Faced Urn":6,"ReplayTheSpireMod:Ring of Collecting":47,"Pandora\u0027s Box":17,"Kintsugi":34,"Unceasing Top":0,"Ring of the Serpent":17,"Lantern":23,"Regal Pillow":28,"Singing Bowl":36,"Torii":25,"Blue Doll":0,"Painkiller Herb":17,"Bag of Preparation":6,"Replay:Multitool":11,"Smiling Mask":20,"Cursed Key":34,"Pet Ghost":23,"Replay:Rubber Ducky":21,"Matryoshka":8,"Ring of Fangs":25,"Shovel":45,"Ninja Scroll":10,"Ring of Peace":22,"Toolbox":54,"Chemical X":0,"Replay:Bottled Eggs":12,"InkBottle":21,"Ring of the Snake":0,"Potion Belt":9,"Lee\u0027s Waffle":0,"The Specimen":17,"Golden Idol":2,"Basket Of Snakes":5,"PreservedInsect":9,"The Courier":28,"Omamori":0,"Ring of Greed":47,"Frozen Egg 2":17,"MawBank":14,"Replay:Arrowhead":0,"Busted Crown":17,"Ornamental Fan":54,"Bloody Idol":19,"Ring of Misfortune":39,"Orrery":0,"Turnip":0,"Art of War":40,"Durian":42,"Garlic":23,"Bottled Lightning":26,"Toy Ornithopter":9,"Ice Cream":0,"Tiny House":17,"Calipers":43,"Gremlin Horn":0,"CeramicFish":44,"Vajra":0,"HoveringKite":34,"Sozu":34,"Centennial Puzzle":22,"Lizard Tail":38,"DollysMirror":25,"Strawberry":46,"Prayer Wheel":17,"Philosopher\u0027s Stone":34,"Toxic Egg 2":7,"Byrd Skull":13,"Girya":44,"Happy Flower":0,"Ring of Hypnosis":38,"ReplayTheSpireMod:CursedCoin":48,"Astrolabe":17,"Replay:Grab Bag":17,"Oddly Smooth Stone":11,"Letter Opener":40,"Replay:Kaleidoscope":28,"War Paint":0,"Question Card":17,"Du-Vu Doll":13,"Bottled Flame":32,"Replay:Baseball":40,"ReplayTheSpireMod:Shallot":9,"Shuriken":25,"Bronze Scales":26,"Onion Ring":0,"Molten Egg 2":9,"ReplayTheSpireMod:TigerMarble":44,"Nloth\u0027s Gift":22,"Grinning Jar":15,"Mirror":40,"ReplayTheSpireMod:DimensionalGlitch":34,"Pocketwatch":14,"Meat on the Bone":0,"Darkstone Periapt":9,"ReplayFunnel":15,"ReplayTheSpireMod:Ring of Exchange":25,"Snake Skull":0,"Juzu Bracelet":30,"Incense Burner":0,"Sizzling Blood":12,"Replay:Mystery Machine":55,"Empty Cage":34,"ClockworkSouvenir":54,"Frozen Eye":10,"Nunchaku":43,"Dream Catcher":26,"Replay:Bandana":14,"Tough Bandages":14,"Mummified Hand":31,"Pantograph":55,"Tiny Chest":6,"Red Mask":36,"Replay:Bottled Snecko":10,"Runic Pyramid":17,"Gremlin Food":26,"BargainBundle":0,"ReplayTheSpireMod:Ninjato":0,"Replay:Towering Pillar of Hats":0,"Guide Book":0,"Orichalcum":55,"Medical Kit":46,"White Beast Statue":19,"Mercury Hourglass":8,"Calling Bell":17,"Strange Spoon":0,"Anchor":55,"Pondfish Scales":42,"Ring of Fury":22,"ChewingGum":17,"Bag of Marbles":49,"Snack Pack":0,"Coffee Dripper":17,"Membership Card":8,"TungstenRod":0},{"TwistedFunnel":77,"Golden Egg":144,"Replay:Accelerometer":270,"Vampiric Spirits":153,"Spirit Poop":68,"Whetstone":88,"Ginger":127,"Bottled Tornado":42,"Sling":29,"Boot":43,"Old Coin":317,"Blood Vial":27,"Replay:Wanted Poster":141,"Replay:Ringing Soul":201,"Sundial":37,"MealTicket":32,"HandDrill":97,"Replay:Bottled Flurry":354,"Kunai":16,"Replay:Wax Seal":150,"Replay:Bottled Steam":217,"Pear":83,"Blue Candle":88,"Counterbalance":172,"Tingsha":29,"Eternal Feather":251,"Pen Nib":21,"Paper Crane":21,"Akabeko":33,"SlaversCollar":247,"Bird Faced Urn":184,"ReplayTheSpireMod:Ring of Collecting":205,"Pandora\u0027s Box":332,"Kintsugi":169,"Unceasing Top":29,"Ring of the Serpent":40,"Lantern":14,"Regal Pillow":17,"Singing Bowl":86,"Torii":110,"Blue Doll":127,"Painkiller Herb":332,"Bag of Preparation":4,"Replay:Multitool":302,"Smiling Mask":51,"Cursed Key":85,"Pet Ghost":138,"Replay:Rubber Ducky":136,"Matryoshka":46,"Ring of Fangs":224,"Shovel":349,"Ninja Scroll":131,"Ring of Peace":248,"Toolbox":354,"Chemical X":296,"Replay:Bottled Eggs":132,"InkBottle":51,"Ring of the Snake":0,"Potion Belt":46,"Lee\u0027s Waffle":96,"The Specimen":105,"Golden Idol":1,"Basket Of Snakes":153,"PreservedInsect":70,"The Courier":83,"Omamori":96,"Ring of Greed":205,"Frozen Egg 2":105,"MawBank":39,"Replay:Arrowhead":150,"Busted Crown":187,"Ornamental Fan":125,"Bloody Idol":248,"Ring of Misfortune":346,"Orrery":29,"Turnip":296,"Art of War":61,"Durian":174,"Garlic":224,"Bottled Lightning":82,"Toy Ornithopter":5,"Ice Cream":96,"Tiny House":9,"Calipers":89,"Gremlin Horn":0,"CeramicFish":25,"Vajra":0,"HoveringKite":20,"Sozu":313,"Centennial Puzzle":79,"Lizard Tail":117,"DollysMirror":110,"Strawberry":146,"Prayer Wheel":76,"Philosopher\u0027s Stone":115,"Toxic Egg 2":36,"Byrd Skull":158,"Girya":290,"Happy Flower":96,"Ring of Hypnosis":285,"ReplayTheSpireMod:CursedCoin":175,"Astrolabe":134,"Replay:Grab Bag":332,"Oddly Smooth Stone":7,"Letter Opener":24,"Replay:Kaleidoscope":225,"War Paint":32,"Question Card":76,"Du-Vu Doll":74,"Bottled Flame":140,"Replay:Baseball":318,"ReplayTheSpireMod:Shallot":214,"Shuriken":16,"Bronze Scales":110,"Onion Ring":127,"Molten Egg 2":155,"ReplayTheSpireMod:TigerMarble":145,"Nloth\u0027s Gift":335,"Grinning Jar":159,"Mirror":231,"ReplayTheSpireMod:DimensionalGlitch":283,"Pocketwatch":8,"Meat on the Bone":66,"Darkstone Periapt":46,"ReplayFunnel":159,"ReplayTheSpireMod:Ring of Exchange":224,"Snake Skull":32,"Juzu Bracelet":18,"Incense Burner":96,"Sizzling Blood":302,"Replay:Mystery Machine":265,"Empty Cage":58,"ClockworkSouvenir":354,"Frozen Eye":131,"Nunchaku":24,"Dream Catcher":55,"Replay:Bandana":219,"Tough Bandages":273,"Mummified Hand":114,"Pantograph":126,"Tiny Chest":45,"Red Mask":59,"Replay:Bottled Snecko":243,"Runic Pyramid":50,"Gremlin Food":139,"BargainBundle":127,"ReplayTheSpireMod:Ninjato":127,"Replay:Towering Pillar of Hats":150,"Guide Book":179,"Orichalcum":95,"Medical Kit":291,"White Beast Statue":77,"Mercury Hourglass":5,"Calling Bell":76,"Strange Spoon":210,"Anchor":178,"Pondfish Scales":232,"Ring of Fury":248,"ChewingGum":332,"Bag of Marbles":147,"Snack Pack":179,"Coffee Dripper":220,"Membership Card":36,"TungstenRod":325},{"TwistedFunnel":427,"Golden Egg":660,"Replay:Accelerometer":1067,"Vampiric Spirits":686,"Spirit Poop":395,"Whetstone":467,"Ginger":613,"Bottled Tornado":241,"Sling":179,"Boot":244,"Old Coin":1200,"Blood Vial":148,"Replay:Wanted Poster":648,"Replay:Ringing Soul":817,"Sundial":209,"MealTicket":186,"HandDrill":504,"Replay:Bottled Flurry":1316,"Kunai":93,"Replay:Wax Seal":681,"Replay:Bottled Steam":877,"Pear":450,"Blue Candle":467,"Counterbalance":729,"Tingsha":179,"Eternal Feather":986,"Pen Nib":120,"Paper Crane":120,"Akabeko":190,"SlaversCollar":973,"Bird Faced Urn":760,"ReplayTheSpireMod:Ring of Collecting":833,"Pandora\u0027s Box":1265,"Kintsugi":726,"Unceasing Top":179,"Ring of the Serpent":230,"Lantern":82,"Regal Pillow":97,"Singing Bowl":460,"Torii":544,"Blue Doll":613,"Painkiller Herb":1265,"Bag of Preparation":20,"Replay:Multitool":1142,"Smiling Mask":286,"Cursed Key":456,"Pet Ghost":640,"Replay:Rubber Ducky":637,"Matryoshka":260,"Ring of Fangs":898,"Shovel":1302,"Ninja Scroll":622,"Ring of Peace":975,"Toolbox":1316,"Chemical X":1126,"Replay:Bottled Eggs":625,"InkBottle":286,"Ring of the Snake":0,"Potion Belt":260,"Lee\u0027s Waffle":501,"The Specimen":525,"Golden Idol":2,"Basket Of Snakes":686,"PreservedInsect":401,"The Courier":450,"Omamori":501,"Ring of Greed":833,"Frozen Egg 2":525,"MawBank":219,"Replay:Arrowhead":681,"Busted Crown":775,"Ornamental Fan":602,"Bloody Idol":975,"Ring of Misfortune":1296,"Orrery":179,"Turnip":1126,"Art of War":353,"Durian":733,"Garlic":898,"Bottled Lightning":446,"Toy Ornithopter":24,"Ice Cream":501,"Tiny House":46,"Calipers":472,"Gremlin Horn":0,"CeramicFish":136,"Vajra":0,"HoveringKite":115,"Sozu":1183,"Centennial Puzzle":435,"Lizard Tail":569,"DollysMirror":544,"Strawberry":664,"Prayer Wheel":425,"Philosopher\u0027s Stone":563,"Toxic Egg 2":204,"Byrd Skull":700,"Girya":1110,"Happy Flower":501,"Ring of Hypnosis":1099,"ReplayTheSpireMod:CursedCoin":734,"Astrolabe":632,"Replay:Grab Bag":1265,"Oddly Smooth Stone":32,"Letter Opener":132,"Replay:Kaleidoscope":902,"War Paint":186,"Question Card":425,"Du-Vu Doll":415,"Bottled Flame":645,"Replay:Baseball":1205,"ReplayTheSpireMod:Shallot":869,"Shuriken":93,"Bronze Scales":544,"Onion Ring":613,"Molten Egg 2":694,"ReplayTheSpireMod:TigerMarble":663,"Nloth\u0027s Gift":1271,"Grinning Jar":701,"Mirror":922,"ReplayTheSpireMod:DimensionalGlitch":1094,"Pocketwatch":39,"Meat on the Bone":392,"Darkstone Periapt":260,"ReplayFunnel":701,"ReplayTheSpireMod:Ring of Exchange":898,"Snake Skull":186,"Juzu Bracelet":102,"Incense Burner":501,"Sizzling Blood":1142,"Replay:Mystery Machine":1051,"Empty Cage":333,"ClockworkSouvenir":1316,"Frozen Eye":622,"Nunchaku":132,"Dream Catcher":308,"Replay:Bandana":881,"Tough Bandages":1072,"Mummified Hand":557,"Pantograph":606,"Tiny Chest":254,"Red Mask":338,"Replay:Bottled Snecko":960,"Runic Pyramid":281,"Gremlin Food":642,"BargainBundle":613,"ReplayTheSpireMod:Ninjato":613,"Replay:Towering Pillar of Hats":681,"Guide Book":749,"Orichalcum":496,"Medical Kit":1112,"White Beast Statue":427,"Mercury Hourglass":24,"Calling Bell":425,"Strange Spoon":858,"Anchor":744,"Pondfish Scales":926,"Ring of Fury":975,"ChewingGum":1265,"Bag of Marbles":668,"Snack Pack":749,"Coffee Dripper":886,"Membership Card":204,"TungstenRod":1245}],"TungstenRod":27,"Ring of the Snake":[62]},"card_choices":[{"not_picked":["Deflect","Choke"],"picked":"Well Laid Plans+1","floor":0},{"not_picked":["Dodge and Roll","Bouncing Flask"],"picked":"After Image+1","floor":0},{"not_picked":["Underhanded Strike","Reflex"],"picked":"Finisher","floor":0},{"not_picked":["Caltrops+1","Well Laid Plans+1"],"picked":"Footwork+1","floor":0},{"not_picked":["Dash","Bouncing Flask"],"picked":"Cloak And Dagger","floor":1},{"not_picked":["Dodge and Roll","Fluid Movement+1"],"picked":"Backflip","floor":5},{"not_picked":["Poisoned Stab","Sneak Up+1"],"picked":"Skewer","floor":7},{"not_picked":["Venomology+1","Masterful Stab"],"picked":"Backstab","floor":10},{"not_picked":["Flying Knee","Noxious Fumes+1"],"picked":"Hidden Blade+1","floor":12},{"not_picked":["Sucker Punch","Outmaneuver+1"],"picked":"Prepared+1","floor":13},{"not_picked":["ReplayTheSpireMod:From All Sides","Unload"],"picked":"Burst+1","floor":16},{"not_picked":["Deflect+1","Replay:Poison Smokescreen+1"],"picked":"Leg Sweep+1","floor":18},{"not_picked":["Fluid Movement+1","Finisher"],"picked":"Calculated Gamble+1","floor":20},{"not_picked":["Heel Hook","All Out Attack+1"],"picked":"Cloak And Dagger+1","floor":21},{"not_picked":["Corpse Explosion+1","Draining Mist+1"],"picked":"Envenom+1","floor":23},{"not_picked":["Noxious Fumes+1","Underhanded Strike"],"picked":"Expertise+1","floor":25},{"not_picked":["Sneak Up+1","Quick Slash+1"],"picked":"Doppelganger+1","floor":27},{"not_picked":["Flying Knee+1","Underhanded Strike+1","Poisoned Stab+1"],"picked":"SKIP","floor":29},{"not_picked":["Die Die Die+1","Prepared+1"],"picked":"ReplayTheSpireMod:Scrap Shanks+1","floor":30},{"not_picked":["Dagger Spray+1","Heel Hook+1"],"picked":"Storm of Steel+1","floor":31},{"not_picked":["Storm of Steel+1","After Image+1"],"picked":"Tools of the Trade+1","floor":33},{"not_picked":["Unload+1","Acrobatics+1"],"picked":"Infinite Blades+1","floor":35},{"not_picked":["Dagger Spray+1","Backstab+1"],"picked":"Blade Dance+1","floor":36},{"not_picked":["Prepared+1","Leg Sweep+1"],"picked":"Cloak And Dagger+1","floor":37},{"not_picked":["Setup+1","Blade Dance+1"],"picked":"Hidden Blade+1","floor":38},{"not_picked":["Grand Finale+1","Riddle With Holes+1"],"picked":"Backflip+1","floor":40},{"not_picked":["Outmaneuver+1","Dash+1"],"picked":"Acrobatics+1","floor":42},{"not_picked":["Underhanded Strike+1","Flechettes+1"],"picked":"ReplayTheSpireMod:Shiv Toss+1","floor":44},{"not_picked":["PiercingWail+1","Outmaneuver+1"],"picked":"ReplayTheSpireMod:Scrap Shanks+1","floor":46},{"not_picked":["Replay:Poison Smokescreen+1","Dagger Spray+1"],"picked":"Dodge and Roll+1","floor":47},{"not_picked":["Poison Darts+1","Burst+1"],"picked":"Infinite Blades+1","floor":48},{"not_picked":["Quick Slash+1","ReplayTheSpireMod:From All Sides+1","Poisoned Stab+1"],"picked":"SKIP","floor":55}],"player_experience":1201386,"relics_obtained":[{"floor":7,"key":"Toxic Egg 2"},{"floor":9,"key":"Paper Crane"},{"floor":10,"key":"ReplayTheSpireMod:TigerMarble"},{"floor":12,"key":"Boot"},{"floor":23,"key":"Gremlin Horn"},{"floor":26,"key":"War Paint"},{"floor":27,"key":"Molten Egg 2"},{"floor":31,"key":"Byrd Skull"},{"floor":37,"key":"Tingsha"},{"floor":39,"key":"Ring of Misfortune"},{"floor":39,"key":"Ring of Greed"},{"floor":39,"key":"Replay:Wax Seal"},{"floor":39,"key":"Tiny Chest"},{"floor":40,"key":"Golden Egg"},{"floor":44,"key":"Juzu Bracelet"},{"floor":46,"key":"Counterbalance"},{"floor":48,"key":"Pen Nib"},{"floor":49,"key":"Vajra"},{"floor":53,"key":"Replay:Bottled Flurry"},{"floor":55,"key":"Incense Burner"}],"event_choices":[{"damage_healed":16,"gold_gain":0,"player_choice":"Healed","damage_taken":0,"max_hp_gain":0,"max_hp_loss":0,"event_name":"The Cleric","floor":2,"gold_loss":35},{"damage_healed":0,"gold_gain":0,"player_choice":"LEAVE","damage_taken":11,"max_hp_gain":0,"max_hp_loss":0,"event_name":"betterThird:BetterScrap","floor":4,"gold_loss":0,"cards_obtained":["ReplaySolidLightProjector"]},{"damage_healed":0,"gold_gain":75,"player_choice":"Gold","damage_taken":11,"max_hp_gain":1,"max_hp_loss":0,"event_name":"betterThird:BetterGoop","floor":14,"gold_loss":0},{"damage_healed":0,"gold_gain":0,"player_choice":"Ignored","damage_taken":0,"max_hp_gain":0,"max_hp_loss":0,"event_name":"Cursed Tome","floor":19,"gold_loss":0},{"damage_healed":0,"gold_gain":0,"player_choice":"Traded Relic","damage_taken":0,"relics_obtained":["Nloth\u0027s Gift"],"max_hp_gain":0,"max_hp_loss":0,"event_name":"N\u0027loth","floor":22,"relics_lost":["Mirror"],"gold_loss":0},{"damage_healed":0,"gold_gain":0,"player_choice":"Fight","damage_taken":0,"max_hp_gain":0,"max_hp_loss":0,"event_name":"Mysterious Sphere","floor":37,"gold_loss":0}],"is_beta":false,"boss_relics":[{"not_picked":["Kintsugi","Philosopher\u0027s Stone"],"picked":"Replay:Grab Bag"},{"not_picked":["Ectoplasm","Busted Crown"],"picked":"ChewingGum"},{"not_picked":["Fusion Hammer","Abe\u0027s Treasure"],"picked":"Painkiller Herb"},{"not_picked":["Runic Pyramid","Snecko Eye"],"picked":"Pandora\u0027s Box"},{"not_picked":["Ring of the Serpent","Snecko Scales"],"picked":"HoveringKite"},{"not_picked":["Honey Jar","Ring of Chaos"],"picked":"SlaversCollar"}],"items_purged_floors":[0,0,0,0,45,45,54],"is_endless":false,"potions_floor_spawned":[7,10,18,21,23,27,33,35,37,42,46],"ascension_level":20}}