{"host":"hdafziggwnbzqpcb","time":1609153525,"event":{"mods":["BaseMod","Better Vampires","Colored Map","Colored Powertips","Curses Come First","Duelist Mod","GifTheSpireLib","Hero for Fun","Minty Spire (QoL Compilation)","Quick Restart","Rare Cards Sparkle","Relic Stats","Spicy Shops","StSLib","The Bug Knight","The Cursed","The Marked","The Senshi","The Wild Card","TheHero"],"gold_per_floor":[118,137,137,187,198,198,233,48,71,71,85,95,20,37,37,108,108,121,134,144,158,49,49,49,49],"floor_reached":24,"playtime":1822,"items_purged":["theSenshi:VenusGlamour"],"score":600,"play_id":"adc45e53-75c2-41b9-82d1-227cf7234743","local_time":"20201228030525","daily_mods":["SealedDeck","Heirloom"],"is_ascension_mode":true,"campfire_choices":[{"data":"theSenshi:Overload","floor":6.0,"key":"SMITH"},{"data":"theSenshi:MoonTiaraMagic","floor":10.0,"key":"SMITH"},{"data":"theSenshi:LateForSchool","floor":15.0,"key":"SMITH"},{"data":"theSenshi:GlimpseOfThePast","floor":23,"key":"SMITH"}],"circlet_count":0,"master_deck":["AscendersBane","theSenshi:SailorJupiterAssists+1","theSenshi:SailorMercuryAssists","theSenshi:MoonPunch","theSenshi:MoonTiaraMagic+1","theSenshi:MoonPunch","theSenshi:MoonPunch","theSenshi:Overload+1","theSenshi:MoonHealingEscalation+1","theSenshi:MoonCosmicPowerMakeUp","theSenshi:MoonPrincessHalation","theSenshi:LateForSchool+1","theSenshi:VenusGlamour","theSenshi:CrisisMakeUp","theSenshi:LateForSchool","theSenshi:GlimpseOfThePast+1","theSenshi:TallSilhouette","theSenshi:MoonCrisisMakeUp"],"relics":["theSenshi:TransformationBroochRelic","Girya","Boot","Oddly Smooth Stone","Black Star"],"acts_visited":["Exordium","TheCity"],"potions_floor_usage":[19],"damage_taken":[{"damage":0.0,"enemies":"Jaw Worm","floor":1.0,"turns":3.0},{"damage":1.0,"enemies":"2 Louse","floor":2.0,"turns":2.0},{"damage":0.0,"enemies":"Cultist","floor":5.0,"turns":3.0},{"damage":11.0,"enemies":"Lagavulin","floor":7.0,"turns":7.0},{"damage":0.0,"enemies":"Gremlin Gang","floor":11.0,"turns":3.0},{"damage":18.0,"enemies":"Blue Slaver","floor":12.0,"turns":4.0},{"damage":0.0,"enemies":"Large Slime","floor":14.0,"turns":5.0},{"damage":19.0,"enemies":"Slime Boss","floor":16.0,"turns":9.0},{"damage":3.0,"enemies":"Spheric Guardian","floor":18.0,"turns":4.0},{"damage":13,"enemies":"Shell Parasite","floor":19,"turns":5},{"damage":30,"enemies":"Snake Plant","floor":20,"turns":6},{"damage":37,"enemies":"Centurion and Healer","floor":21,"turns":7},{"damage":92,"enemies":"Gremlin Leader","floor":24,"turns":8}],"seed_played":"-7836317685298139842","potions_obtained":[{"floor":1.0,"key":"LiquidBronze"},{"floor":2.0,"key":"Block Potion"},{"floor":11.0,"key":"AttackPotion"},{"floor":20,"key":"GamblersBrew"}],"is_trial":true,"path_per_floor":["M","M","?","?","M","R","E","$","T","R","M","M","$","M","R","B",null,"M","M","M","M","$","R","E"],"character_chosen":"THE_SENSHI","items_purchased":["theSenshi:VenusGlamour","theSenshi:CrisisMakeUp","theSenshi:TallSilhouette","theSenshi:MoonCrisisMakeUp"],"campfire_rested":0,"item_purchase_floors":[8,8,22,22],"current_hp_per_floor":[73,74,51,44,54,54,73,73,73,73,73,65,65,75,75,66,73,75,75,75,58,58,58,0,0],"gold":49,"neow_bonus":"","is_daily":false,"chose_seed":false,"campfire_upgraded":4,"win_rate":0.0,"timestamp":1609153525,"path_taken":["M","M","?","?","M","R","E","$","T","R","M","M","$","?","R","BOSS","M","?","M","M","$","R","E"],"items_purchased_type":["Card","Card","Card","Card"],"build_version":"2020-12-22","purchased_purges":1,"victory":false,"max_hp_per_floor":[75,75,75,75,75,75,75,75,75,75,75,75,75,75,75,75,75,75,75,75,75,75,75,75,75],"relic_stats":{"counters":[13,66],"Black Star":0,"Boot":[30],"obtain_stats":[{"Girya":0,"theSenshi:TransformationBroochRelic":0,"Oddly Smooth Stone":9,"Black Star":17,"Boot":7},{"Girya":0,"theSenshi:TransformationBroochRelic":0,"Oddly Smooth Stone":4,"Black Star":8,"Boot":4},{"Girya":0,"theSenshi:TransformationBroochRelic":0,"Oddly Smooth Stone":15,"Black Star":36,"Boot":15}]},"card_choices":[{"not_picked":["theSenshi:MoonTiaraMagic","theSenshi:MoonHealingEscalation"],"picked":"theSenshi:MoonPrincessHalation","floor":1.0},{"not_picked":["theSenshi:InTheNickOfTime","theSenshi:MoonPunch","theSenshi:EncouragingSpeech"],"picked":"SKIP","floor":2.0},{"not_picked":["theSenshi:MoonTwilightFlash","theSenshi:MoonPower"],"picked":"theSenshi:LateForSchool","floor":5.0},{"not_picked":["theSenshi:YouCanTalk","theSenshi:TuxedoSmokingBomber","theSenshi:PlutosSolemnity"],"picked":"SKIP","floor":7.0},{"not_picked":["theSenshi:TuxedoMaskAssists","theSenshi:MoonsReflection","theSenshi:SailorV"],"picked":"SKIP","floor":11.0},{"not_picked":["theSenshi:MoonKick","theSenshi:MoonsReflection","theSenshi:SailorMarsAssists"],"picked":"SKIP","floor":12.0},{"not_picked":["theSenshi:SupersonicWaves","theSenshi:NeptunesGrace"],"picked":"theSenshi:LateForSchool","floor":14.0},{"not_picked":["theSenshi:WarriorOfTheMoon","theSenshi:JupitersPower"],"picked":"theSenshi:GlimpseOfThePast","floor":16.0},{"not_picked":["theSenshi:SailorV+1","theSenshi:SailorStarMakerAssists","theSenshi:MoonsReflection"],"picked":"SKIP","floor":18.0},{"not_picked":["theSenshi:GatheringStrength","theSenshi:SailorStarMakerAssists","theSenshi:SailorJupiterAssists"],"picked":"SKIP","floor":19},{"not_picked":["theSenshi:Sidestep","theSenshi:MercurysCunning+1","theSenshi:SailorUranusAssists+1"],"picked":"SKIP","floor":20},{"not_picked":["theSenshi:LateForSchool","theSenshi:SailorVenusAssists","theSenshi:SchoolBag"],"picked":"SKIP","floor":21}],"player_experience":677455,"relics_obtained":[{"floor":7.0,"key":"Boot"},{"floor":9.0,"key":"Oddly Smooth Stone"}],"event_choices":[{"damage_healed":0.0,"max_hp_gain":0.0,"max_hp_loss":0.0,"gold_gain":0.0,"event_name":"Shining Light","player_choice":"Entered Light","floor":3.0,"gold_loss":0.0,"damage_taken":23.0,"cards_upgraded":["theSenshi:MoonHealingEscalation","theSenshi:SailorJupiterAssists"]},{"damage_healed":0.0,"max_hp_gain":0.0,"max_hp_loss":0.0,"gold_gain":50.0,"event_name":"FaceTrader","player_choice":"Touch","floor":4.0,"gold_loss":0.0,"damage_taken":7.0}],"is_beta":false,"boss_relics":[{"not_picked":["Snecko Eye","Calling Bell"],"picked":"Black Star"}],"items_purged_floors":[13],"is_endless":true,"potions_floor_spawned":[1,2,11,14,20],"killed_by":"Gremlin Leader","ascension_level":20}}