{"host":"4im2yt45n4gy6dub","time":1609135888,"event":{"mods":["AchievementEnabler","AlwaysNeverKeys","Aspiration","BaseMod","BetterRewards","CCEM","Challenge The Spire","Colored Map","Colored Powertips","Conspire","Downfall","Energized Spire","Exacting","Faster Ascension Climbing","Friendly Minions","GifTheSpireLib","Hermit","HololiveMod","Hubris","Infinite Spire","Jedi Mod","Jorbs\u0027s Wanderer Trilogy","Koishi","Luminous","Marisa????????","Minty Spire (QoL Compilation)","Permanent Neow","Prisma Mod","Quarter Circle Forward PUNCH!","Quick Restart","Railgun Mod","Random Character Button","Replay The Spire","Retaliation","Shop Mod","Spicy Shops","StSLib","Steal the Spire","Stuff the Spire","SuperFastMode","The Animator","The Blue Laboratory","The Construct","The Cursed","The Runesmith","The Servant 0.9.4","The Spell Scribe","The Wild Card","TheBandit","TheVelvet","Trackpad","Treasure Hunter","vexMod"],"gold_per_floor":[99,110,128,128,42,42,68,168,168,168,168],"floor_reached":9,"playtime":329,"items_purged":[],"score":49,"play_id":"8bf72a1e-7da2-41d2-8335-500527ae8565","local_time":"20201228081128","is_ascension_mode":false,"campfire_choices":[{"data":"champ:Taunt","floor":1,"key":"SMITH"},{"data":"champ:ArenaPreparation","floor":6,"key":"SMITH"}],"circlet_count":0,"master_deck":["champ:Strike","champ:Strike","champ:Strike","champ:Strike","champ:Defend","champ:Defend","champ:Defend","champ:Defend","champ:Execute","champ:Taunt+1","champ:StanceDance","champ:ArenaPreparation+1","champ:StanceDance","champ:Circumvent","TH:ArmorSpikes"],"relics":["champ:ChampionCrown","Art of War","downfall:BrokenWingStatue","trackpad:AdjectivePendant"],"acts_visited":["Exordium"],"potions_floor_usage":[],"damage_taken":[{"damage":0,"enemies":"conspire:RoseBush","floor":2,"turns":3},{"damage":5,"enemies":"2 Louse","floor":3,"turns":2},{"damage":10,"enemies":"downfall:FleeingMerchant","floor":5,"turns":4},{"damage":27,"enemies":"Gremlin Nob","floor":9,"turns":3}],"seed_played":"-6655182839408191824","potions_obtained":[],"is_trial":false,"path_per_floor":["R","M","M","?","$","R","T","?","E"],"character_chosen":"THE_CHAMP","items_purchased":["champ:Circumvent"],"campfire_rested":0,"item_purchase_floors":[5],"current_hp_per_floor":[90,90,90,90,90,90,90,90,63,63,63],"gold":168,"neow_bonus":"RANDOM_COMMON_RELIC","is_daily":false,"chose_seed":false,"campfire_upgraded":2,"win_rate":0.0,"timestamp":1609135888,"path_taken":["R","M","?","?","$","R","T","?","E"],"items_purchased_type":["Card"],"build_version":"2020-12-22","purchased_purges":0,"victory":false,"max_hp_per_floor":[90,90,90,90,90,90,90,90,90,90,90],"card_choices":[{"not_picked":["champ:Haymaker","champ:CalledShot"],"picked":"champ:StanceDance","floor":2},{"not_picked":["champ:FalseCounter","champ:SkillfulDodge"],"picked":"champ:ArenaPreparation","floor":3},{"not_picked":["champ:GladiatorsShout","champ:IronFortress"],"picked":"champ:StanceDance","floor":5},{"not_picked":["TH:EnergyPotion"],"picked":"TH:ArmorSpikes","floor":7}],"player_experience":1520413,"relics_obtained":[{"floor":7,"key":"trackpad:AdjectivePendant"}],"event_choices":[],"is_beta":false,"boss_relics":[],"items_purged_floors":[],"is_endless":false,"potions_floor_spawned":[],"killed_by":"Gremlin Nob","ascension_level":0}}