{"host":"uikxj58mzlixykyi","time":1609124730,"event":{"mods":["AchievementEnabler","BaseMod","BetterRewards","Colored Map","Colored Powertips","Downfall","Friendly Minions","Highlight Path","Minty Spire (QoL Compilation)","Shop Mod","StSLib"],"gold_per_floor":[399,415,431,446,457,457,457,632,643,654,654,668,668,683,694,799,799,799,809,809,820,820,834,906,920,920,212,212,212,23,55,68,166,166,16,16,1,16,16,16,89,139,158,158,158,158,171,271,291,291],"floor_reached":51,"playtime":7453,"items_purged":["Clumsy","Slimebound:AcidTongue","Slimebound:Chomp"],"score":688,"play_id":"a319ee29-6aea-4657-96c7-a19914331c57","local_time":"20201228050530","is_ascension_mode":false,"campfire_choices":[{"data":"Slimebound:CorrosiveSpit","floor":1.0,"key":"SMITH"},{"floor":11.0,"key":"RECALL"},{"floor":13.0,"key":"REST"},{"data":"Slimebound:PrepareCrush","floor":18.0,"key":"SMITH"},{"floor":26.0,"key":"REST"},{"data":"Slimebound:SamplingLick","floor":29.0,"key":"SMITH"},{"data":"Slimebound:Chomp","floor":35,"key":"PURGE"},{"floor":40,"key":"REST"},{"data":"Slimebound:DisruptingSlam","floor":46,"key":"PURGE"}],"circlet_count":0,"master_deck":["Slimebound:Tackle","Slimebound:Split","Slimebound:CorrosiveSpit+1","Slimebound:Schlurp+1","Slimebound:PrepareCrush+1","Slimebound:MassFeed","Slimebound:SamplingLick+1","Slimebound:HauntingLick+1","Slimebound:RejuvenatingLick+1","Slimebound:Replication+1","Slimebound:RejuvenatingLick+1","Slimebound:DouseInSlime+1","Slimebound:DivideAndConquer+1","Slimebound:TongueLash","Slimebound:SplitAcid+1","Slimebound:PressTheAttack","Slimebound:SamplingLick+1","Slimebound:SamplingLick+1","Slimebound:Dissolve+1","Slimebound:SplitLeeching+1","Slimebound:Gluttony+1","Slimebound:ServeAndProtect+1"],"relics":["Slimebound:AbsorbEndCombat","Old Coin","CaptainsWheel","Philosopher\u0027s Stone","Toxic Egg 2","Vajra","Peace Pipe","Pandora\u0027s Box","downfall:HeartBlessingBlue","downfall:HeartBlessingRed","Sling","Slimebound:MaxSlimesRelic","Mango","Potion Belt"],"acts_visited":["Exordium","TheCity","TheBeyond"],"potions_floor_usage":[33,33,43,44,47,49,50,50,50],"damage_taken":[{"damage":5.0,"enemies":"Cultist","floor":2.0,"turns":4.0},{"damage":10.0,"enemies":"Jaw Worm","floor":3.0,"turns":4.0},{"damage":4.0,"enemies":"2 Louse","floor":4.0,"turns":4.0},{"damage":13.0,"enemies":"Blue Slaver","floor":5.0,"turns":4.0},{"damage":16.0,"enemies":"3 Louse","floor":9.0,"turns":4.0},{"damage":9.0,"enemies":"2 Fungi Beasts","floor":10.0,"turns":4.0},{"damage":19.0,"enemies":"Blue Slaver","floor":12.0,"turns":4.0},{"damage":19.0,"enemies":"Large Slime","floor":14.0,"turns":7.0},{"damage":8.0,"enemies":"3 Louse","floor":15.0,"turns":4.0},{"damage":67.0,"enemies":"downfall:Silent","floor":16.0,"turns":6.0},{"damage":11.0,"enemies":"Spheric Guardian","floor":19.0,"turns":4.0},{"damage":19.0,"enemies":"Chosen and Byrds","floor":21.0,"turns":4.0},{"damage":19.0,"enemies":"Sentry and Sphere","floor":23.0,"turns":4.0},{"damage":10.0,"enemies":"Shelled Parasite and Fungi","floor":25.0,"turns":3.0},{"damage":4.0,"enemies":"downfall:FleeingMerchant","floor":27.0,"turns":4.0},{"damage":23.0,"enemies":"downfall:FleeingMerchant","floor":30.0,"turns":4.0},{"damage":38.0,"enemies":"Gremlin Leader","floor":31.0,"turns":4.0},{"damage":24.0,"enemies":"Snake Plant","floor":32.0,"turns":2.0},{"damage":42,"enemies":"downfall:Defect","floor":33,"turns":7},{"damage":39,"enemies":"downfall:FleeingMerchant","floor":37,"turns":4},{"damage":15,"enemies":"Orb Walker","floor":38,"turns":2},{"damage":12,"enemies":"Mind Bloom Boss Battle","floor":42,"turns":2},{"damage":22,"enemies":"3 Shapes","floor":43,"turns":3},{"damage":12,"enemies":"Maw","floor":44,"turns":2},{"damage":26,"enemies":"Jaw Worm Horde","floor":47,"turns":3},{"damage":26,"enemies":"downfall:LadyInBlue","floor":48,"turns":3},{"damage":14,"enemies":"Writhing Mass","floor":49,"turns":1},{"damage":27,"enemies":"downfall:Watcher","floor":50,"turns":6}],"seed_played":"301869215808129340","potions_obtained":[{"floor":4.0,"key":"Regen Potion"},{"floor":9.0,"key":"DuplicationPotion"},{"floor":14.0,"key":"Fire Potion"},{"floor":16.0,"key":"Slimebound:ThreeZeroPotion"},{"floor":31.0,"key":"Slimebound:SlimedPotion"},{"floor":32.0,"key":"AttackPotion"},{"floor":33,"key":"SmokeBomb"},{"floor":38,"key":"Explosive Potion"},{"floor":43,"key":"Dexterity Potion"},{"floor":48,"key":"ColorlessPotion"},{"floor":48,"key":"EssenceOfSteel"},{"floor":48,"key":"EssenceOfSteel"}],"is_trial":false,"path_per_floor":["R","M","M","M","M","?","T","?","M","M","R","M","R","M","M","B",null,"R","M","?","M","?","M","T","M","R","$","?","R","$","E","M","B",null,"R","?","$","M","?","R","T","?","M","M","?","R","M","?","M","B",null],"character_chosen":"SLIMEBOUND","items_purchased":["Toxic Egg 2","Slimebound:HauntingLick+1","FearPotion","ColorlessPotion","champ:CounterPotion","Vajra","Slimebound:Replication+1","Sling","DistilledChaos"],"campfire_rested":3,"item_purchase_floors":[27,27,27,27,27,27,30,37,37],"current_hp_per_floor":[60,60,56,58,55,55,55,55,49,52,52,43,60,51,53,14,60,60,55,55,50,50,41,41,39,57,60,60,60,45,33,23,17,60,70,70,49,50,50,70,70,84,83,87,87,87,86,78,78,85],"gold":291,"neow_bonus":"ONE_RARE_RELIC","is_daily":false,"chose_seed":false,"campfire_upgraded":3,"win_rate":0.0,"timestamp":1609124730,"path_taken":["R","M","M","?","M","?","T","?","?","M","R","M","R","M","M","BOSS","R","M","?","M","?","M","T","M","R","$","?","R","$","E","M","BOSS","R","?","$","M","?","R","T","?","M","M","?","R","M","?","M","BOSS"],"items_purchased_type":["Relic","Card","Potion","Potion","Potion","Relic","Card","Relic","Potion"],"build_version":"2020-12-22","purchased_purges":3,"victory":true,"max_hp_per_floor":[60,60,60,60,60,60,60,60,60,60,60,60,60,60,60,60,60,60,60,60,60,60,60,60,60,60,60,60,60,60,60,60,60,60,70,70,70,70,70,70,70,84,87,87,87,87,93,93,93,93],"card_choices":[{"not_picked":["Slimebound:SplitBruiser","Slimebound:RollThrough","Slimebound:LeechEnergy"],"picked":"SKIP","floor":2.0},{"not_picked":["Slimebound:RollThrough","Slimebound:LeechingTouch"],"picked":"Slimebound:Schlurp","floor":3.0},{"not_picked":["Slimebound:ViciousTackle","Slimebound:ComboTackle","Slimebound:ForwardTackle"],"picked":"SKIP","floor":4.0},{"not_picked":["Slimebound:GoopSpray","Slimebound:Repurpose","Slimebound:SplitLeeching"],"picked":"SKIP","floor":5.0},{"not_picked":["Slimebound:HungryTackle","Slimebound:LeechingTouch","Slimebound:GrowthPunch"],"picked":"SKIP","floor":9.0},{"not_picked":["Slimebound:ServeAndProtect","Slimebound:Repurpose","Slimebound:SplitAcid"],"picked":"SKIP","floor":10.0},{"not_picked":["Slimebound:DivideAndConquer","Slimebound:PressTheAttack","Slimebound:FirmFortitude"],"picked":"SKIP","floor":12.0},{"not_picked":["Slimebound:GoopSpray","Slimebound:Schlurp"],"picked":"Slimebound:PrepareCrush","floor":14.0},{"not_picked":["Slimebound:SlimeSpikes","Slimebound:LeechingTouch","Slimebound:LevelUp"],"picked":"SKIP","floor":15.0},{"not_picked":["Slimebound:PrepareCrush","Slimebound:TagTeam"],"picked":"Slimebound:MassFeed","floor":16.0},{"not_picked":["Slimebound:SplitAcid","Slimebound:SlimeBarrage","Slimebound:RollThrough"],"picked":"SKIP","floor":19.0},{"not_picked":["Slimebound:Schlurp","Slimebound:PressTheAttack","Slimebound:FlameTackle"],"picked":"SKIP","floor":21.0},{"not_picked":["Slimebound:BestDefense","Slimebound:DivideAndConquer","Slimebound:LeadByExample+1"],"picked":"SKIP","floor":23.0},{"not_picked":["Slimebound:Schlurp","Slimebound:LeechingTouch"],"picked":"Slimebound:SamplingLick","floor":25.0},{"not_picked":["Slimebound:SlimeTap","Slimebound:Teamwork","Slimebound:SplitBruiser"],"picked":"SKIP","floor":27.0},{"not_picked":["Slimebound:SplitAcid+1","Slimebound:Overexert"],"picked":"Slimebound:RejuvenatingLick+1","floor":30.0},{"not_picked":["Slimebound:ForwardTackle","Slimebound:ViciousTackle","Slimebound:FirmFortitude"],"picked":"SKIP","floor":31.0},{"not_picked":["Slimebound:GrowthPunch","Slimebound:DisruptingSlam"],"picked":"Slimebound:RejuvenatingLick+1","floor":32.0},{"not_picked":["Slimebound:LeechLife","Slimebound:OneTwoCombo"],"picked":"Slimebound:DouseInSlime+1","floor":33},{"not_picked":["expansioncontent:GuardianWhirl","expansioncontent:Collect"],"picked":"expansioncontent:DefensiveMode","floor":36},{"not_picked":["Slimebound:AcidTongue","Slimebound:GrowthPunch"],"picked":"Slimebound:SamplingLick+1","floor":37},{"not_picked":["Slimebound:ServeAndProtect+1","Slimebound:SpikyOuterGoop+1"],"picked":"Slimebound:SamplingLick+1","floor":38},{"not_picked":["Slimebound:SlimeBarrage+1","Slimebound:ViciousTackle"],"picked":"Slimebound:Dissolve+1","floor":42},{"not_picked":["Slimebound:TagTeam","Slimebound:LeechEnergy+1"],"picked":"Slimebound:SplitLeeching+1","floor":43},{"not_picked":["Slimebound:GrowthPunch+1","Slimebound:SlimeBrawl+1"],"picked":"Slimebound:Gluttony+1","floor":47},{"not_picked":["Slimebound:SlimeSpikes+1","Slimebound:Dissolve+1"],"picked":"Slimebound:ServeAndProtect+1","floor":49}],"player_experience":43230,"relics_obtained":[{"floor":7.0,"key":"CaptainsWheel"},{"floor":31.0,"key":"Peace Pipe"},{"floor":41,"key":"Slimebound:MaxSlimesRelic"},{"floor":42,"key":"Mango"},{"floor":48,"key":"Potion Belt"}],"event_choices":[{"damage_healed":0.0,"max_hp_gain":0.0,"max_hp_loss":0.0,"gold_gain":0.0,"event_name":"Living Wall","player_choice":"Grow","floor":6.0,"gold_loss":0.0,"damage_taken":0.0,"cards_upgraded":["Slimebound:Schlurp"]},{"cards_removed":["Doubt"],"damage_healed":0.0,"max_hp_gain":0.0,"max_hp_loss":0.0,"gold_gain":0.0,"event_name":"Back to Basics","player_choice":"Elegance","floor":20.0,"gold_loss":0.0,"damage_taken":0.0},{"damage_healed":0.0,"max_hp_gain":0.0,"max_hp_loss":0.0,"gold_gain":0.0,"event_name":"The Library","player_choice":"Read","floor":22.0,"gold_loss":0.0,"damage_taken":0.0,"cards_obtained":["Slimebound:AcidTongue"]},{"damage_healed":0,"gold_gain":0,"player_choice":"Ignored","damage_taken":0,"max_hp_gain":0,"max_hp_loss":0,"event_name":"Mysterious Sphere","floor":39,"gold_loss":0},{"cards_removed":["expansioncontent:DefensiveMode"],"damage_healed":0,"gold_gain":0,"player_choice":"Removed Power","damage_taken":0,"max_hp_gain":0,"max_hp_loss":0,"event_name":"Falling","floor":45,"gold_loss":0}],"is_beta":false,"boss_relics":[{"not_picked":["Tiny House","Velvet Choker"],"picked":"Philosopher\u0027s Stone"},{"not_picked":["Astrolabe","Black Star"],"picked":"Pandora\u0027s Box"}],"items_purged_floors":[27,30,37],"is_endless":false,"potions_floor_spawned":[4,9,14,16,31,32,33,38,43],"ascension_level":0}}