{"host":"2se5dq1do2gp0x9k","time":1609194326,"event":{"mods":["BaseMod","Block Reminder","Colored Map","Colored Powertips","Minty Spire (QoL Compilation)","Relic Stats","StSLib","SuperFastMode","Synergy Search"],"gold_per_floor":[131,165,223,97,129,182,194,262,300,312,324,324],"floor_reached":11,"playtime":482,"items_purged":["Strike_B"],"score":166,"play_id":"8af94d44-642b-4930-b90f-ac104035bb3b","local_time":"20201228142526","is_ascension_mode":true,"campfire_choices":[{"data":"HandOfGreed","floor":7,"key":"SMITH"},{"data":"Coolheaded","floor":10,"key":"SMITH"}],"circlet_count":0,"master_deck":["AscendersBane","Strike_B","Strike_B","Strike_B","Defend_B","Defend_B","Defend_B+1","Defend_B","Zap","Dualcast","HandOfGreed+1","Self Repair","Lockon","Coolheaded","Coolheaded+1","Go for the Eyes","Conserve Battery+1"],"relics":["Cracked Core","MawBank","Boot","War Paint"],"acts_visited":["Exordium"],"potions_floor_usage":[6,8],"damage_taken":[{"damage":7,"enemies":"Cultist","floor":1,"turns":5},{"damage":2,"enemies":"2 Louse","floor":2,"turns":3},{"damage":7,"enemies":"Small Slimes","floor":3,"turns":4},{"damage":9,"enemies":"Blue Slaver","floor":5,"turns":4},{"damage":29,"enemies":"3 Sentries","floor":6,"turns":10},{"damage":7,"enemies":"Lagavulin","floor":8,"turns":6},{"damage":20,"enemies":"3 Sentries","floor":11,"turns":2}],"seed_played":"-6002601210919638021","potions_obtained":[{"floor":2,"key":"Strength Potion"},{"floor":3,"key":"FocusPotion"}],"is_trial":false,"path_per_floor":["M","M","M","$","M","E","R","E","T","R","E"],"character_chosen":"DEFECT","items_purchased":["Coolheaded"],"campfire_rested":0,"item_purchase_floors":[4],"current_hp_per_floor":[39,44,44,44,42,20,20,20,20,20,0,0],"gold":324,"neow_bonus":"RANDOM_COLORLESS_2","is_daily":false,"chose_seed":false,"campfire_upgraded":2,"win_rate":0.0,"timestamp":1609194326,"path_taken":["M","?","M","$","M","E","R","E","T","R","E"],"items_purchased_type":["Card"],"build_version":"2020-12-22","purchased_purges":1,"victory":false,"max_hp_per_floor":[71,71,71,71,71,71,71,71,71,71,71,71],"relic_stats":{"counters":[7,34],"War Paint":["Conserve Battery","Defend_B"],"MawBank":60,"Boot":[2],"obtain_stats":[{"War Paint":9,"Cracked Core":0,"MawBank":6,"Boot":8},{"War Paint":6,"Cracked Core":0,"MawBank":5,"Boot":6},{"War Paint":32,"Cracked Core":0,"MawBank":26,"Boot":32}]},"card_choices":[{"not_picked":["The Bomb","Chrysalis"],"picked":"HandOfGreed","floor":0},{"not_picked":["Barrage","Consume"],"picked":"Self Repair","floor":1},{"not_picked":["Consume","Static Discharge"],"picked":"Lockon","floor":2},{"not_picked":["White Noise","Redo"],"picked":"Coolheaded","floor":3},{"not_picked":["Redo","Sweeping Beam","Steam"],"picked":"SKIP","floor":5},{"not_picked":["Stack","Storm"],"picked":"Go for the Eyes","floor":6},{"not_picked":["Rebound","Lockon"],"picked":"Conserve Battery","floor":8}],"player_experience":3636220,"relics_obtained":[{"floor":6,"key":"MawBank"},{"floor":8,"key":"Boot"},{"floor":9,"key":"War Paint"}],"event_choices":[],"is_beta":false,"boss_relics":[],"items_purged_floors":[4],"is_endless":false,"potions_floor_spawned":[2,3],"killed_by":"3 Sentries","ascension_level":20}}