{"host":"i5n40fjkmb02ym6x","time":1609176671,"event":{"mods":["AchievementEnabler","BaseMod","Colored Map","Colored Powertips","Googly Eyes","Infinite Spire","Minty Spire (QoL Compilation)","StSLib","The Hierophant"],"gold_per_floor":[114,114,114,114,132,165,175,175,175,193,204,247,247,239,239,337,337,343,343,191,213,213,213,213,247,247,266,266,23,34,52,52,148,148,161,0,60,60,60,60,60,60],"floor_reached":41,"playtime":2118,"items_purged":[],"score":496,"play_id":"730698ea-1db8-43a5-91bb-f1e61bf386ca","local_time":"20201229013111","is_ascension_mode":false,"campfire_choices":[{"floor":15,"key":"REST"},{"floor":23,"key":"REST"},{"floor":28,"key":"REST"},{"floor":32,"key":"REST"},{"floor":40,"key":"REST"}],"circlet_count":0,"master_deck":["hierophant:Defend_Hierophant+1","hierophant:Defend_Hierophant+1","hierophant:Defend_Hierophant+1","hierophant:Defend_Hierophant+1","hierophant:ChurchCoffers","hierophant:Smite+1","Regret","hierophant:Zeal","hierophant:FieryStrike","hierophant:Sermon","hierophant:DisplayOfPower","hierophant:Doubloon+1","hierophant:ConvertCurrency","hierophant:PassingBell","hierophant:PassingBell","hierophant:MintersHammer","hierophant:Doubloon+1","Bite","Bite","Bite","Bite","Bite","hierophant:Glossolalia+1","hierophant:Doubloon+1","hierophant:Remorse","hierophant:MorningPrayer","hierophant:Doomsaying","hierophant:Kindle","hierophant:RustyCrate+1","hierophant:Doubloon","hierophant:Doubloon","hierophant:Determination","Discovery"],"relics":["hierophant:PropheticMaskRelic","NeowsBlessing","Kunai","Omamori","Boot","infinitespire:Golems Mask","Sundial","Fusion Hammer","Bag of Preparation","Lee\u0027s Waffle","Pocketwatch","infinitespire:EmpoweringShard","HornCleat","Calling Bell","Toy Ornithopter","Mummified Hand","infinitespire:Magic Flask","Red Mask"],"acts_visited":["Exordium","TheCity","TheBeyond"],"potions_floor_usage":[12,18,30,33,33,33],"damage_taken":[{"damage":0,"enemies":"Small Slimes","floor":1,"turns":1},{"damage":0,"enemies":"Cultist","floor":5,"turns":1},{"damage":0,"enemies":"3 Sentries","floor":6,"turns":2},{"damage":4,"enemies":"2 Louse","floor":7,"turns":2},{"damage":19,"enemies":"Large Slime","floor":10,"turns":5},{"damage":3,"enemies":"Exordium Wildlife","floor":11,"turns":3},{"damage":18,"enemies":"Gremlin Nob","floor":12,"turns":3},{"damage":14,"enemies":"Looter","floor":14,"turns":2},{"damage":61,"enemies":"Slime Boss","floor":16,"turns":9},{"damage":43,"enemies":"Shell Parasite","floor":18,"turns":5},{"damage":14,"enemies":"3 Byrds","floor":21,"turns":3},{"damage":18,"enemies":"Nightmare","floor":25,"turns":7},{"damage":29,"enemies":"Snake Plant","floor":27,"turns":3},{"damage":18,"enemies":"Sentry and Sphere","floor":30,"turns":4},{"damage":2,"enemies":"Snecko","floor":31,"turns":5},{"damage":48,"enemies":"Collector","floor":33,"turns":9},{"damage":8,"enemies":"3 Darklings","floor":35,"turns":5},{"damage":7,"enemies":"Orb Walker","floor":37,"turns":3},{"damage":94,"enemies":"Nightmare","floor":41,"turns":10}],"seed_played":"7081522075499982001","potions_obtained":[{"floor":7,"key":"CultistPotion"},{"floor":10,"key":"LiquidMemories"},{"floor":14,"key":"FairyPotion"},{"floor":16,"key":"ColorlessPotion"},{"floor":25,"key":"FearPotion"},{"floor":27,"key":"ColorlessPotion"},{"floor":30,"key":"infinitespire:BlackPotion"},{"floor":35,"key":"FairyPotion"}],"is_trial":false,"path_per_floor":["M","?","$","?","M","E","M","?","T","M","M","E","?","M","R","B",null,"M","?","$","M","?","R","AVR","NM","T","M","R","$","M","M","R","B",null,"M","?","M","?","?","R","NM"],"character_chosen":"HIEROPHANT","items_purchased":["Bag of Preparation","HornCleat"],"campfire_rested":5,"item_purchase_floors":[20,29],"current_hp_per_floor":[75,75,75,75,75,75,71,71,71,52,49,31,31,17,39,6,75,32,32,32,28,28,43,59,48,48,23,40,40,28,32,49,13,59,55,55,52,52,52,59,0,0],"gold":60,"neow_bonus":"THREE_ENEMY_KILL","is_daily":false,"chose_seed":false,"campfire_upgraded":0,"win_rate":0.0,"timestamp":1609176671,"path_taken":["M","?","$","?","?","E","M","?","T","M","M","E","?","M","R","BOSS","M","?","$","M","?","R","AVR","NM","T","?","R","?","M","M","R","BOSS","M","?","M","?","?","R","NM"],"items_purchased_type":["Relic","Relic"],"build_version":"2020-12-22","purchased_purges":0,"victory":false,"max_hp_per_floor":[75,75,75,75,75,75,75,75,75,75,75,75,75,75,75,75,75,75,52,52,52,52,52,59,59,59,59,59,59,59,59,59,59,59,59,59,59,59,59,59,59,59],"card_choices":[{"not_picked":["hierophant:MorningPrayer","hierophant:CursedGold"],"picked":"hierophant:Smite","floor":1},{"not_picked":["hierophant:Purify","hierophant:Mercenaries"],"picked":"hierophant:Zeal","floor":5},{"not_picked":["hierophant:MorningPrayer","hierophant:PristineSoul"],"picked":"hierophant:FieryStrike","floor":6},{"not_picked":["hierophant:Chorus","hierophant:Zeal"],"picked":"hierophant:Sermon","floor":7},{"not_picked":["hierophant:SealAway","hierophant:ConvertCurrency"],"picked":"hierophant:DisplayOfPower","floor":10},{"not_picked":["hierophant:SealAway","hierophant:FlamingChariot"],"picked":"hierophant:ConvertCurrency","floor":11},{"not_picked":["hierophant:ThreeLashes","hierophant:Kindle"],"picked":"hierophant:PassingBell","floor":12},{"not_picked":["hierophant:DisplayOfPower","hierophant:RepressedViolence"],"picked":"hierophant:PassingBell","floor":14},{"not_picked":["hierophant:Anathema","hierophant:BulkyChest"],"picked":"hierophant:MintersHammer","floor":16},{"not_picked":["hierophant:FieryStrike","hierophant:Purify"],"picked":"hierophant:Doubloon","floor":18},{"not_picked":["hierophant:DisplayOfPower","hierophant:Alms+1"],"picked":"hierophant:Glossolalia+1","floor":21},{"not_picked":["hierophant:HolyVerse+1","hierophant:MirrorShield+1"],"picked":"hierophant:Remorse","floor":25},{"not_picked":["hierophant:Upheaval","hierophant:Remorse"],"picked":"hierophant:MorningPrayer","floor":27},{"not_picked":["hierophant:Shelter","hierophant:MorningPrayer","hierophant:Prophecy+1"],"picked":"SKIP","floor":30},{"not_picked":["hierophant:WrathOfGod","hierophant:SealAway+1"],"picked":"hierophant:Doomsaying","floor":31},{"not_picked":["hierophant:Levitation","hierophant:WrathOfGod"],"picked":"hierophant:Kindle","floor":33},{"not_picked":["hierophant:Smite+1","hierophant:DisplayOfPower"],"picked":"hierophant:RustyCrate+1","floor":35},{"not_picked":["hierophant:Smite+1","hierophant:FieryStrike+1"],"picked":"hierophant:Determination","floor":37},{"not_picked":["Impatience","Magnetism"],"picked":"Discovery","floor":38}],"player_experience":45468,"relics_obtained":[{"floor":6,"key":"Omamori"},{"floor":9,"key":"Boot"},{"floor":12,"key":"infinitespire:Golems Mask"},{"floor":13,"key":"Sundial"},{"floor":25,"key":"Pocketwatch"},{"floor":26,"key":"infinitespire:EmpoweringShard"},{"floor":34,"key":"Toy Ornithopter"},{"floor":34,"key":"Mummified Hand"},{"floor":34,"key":"infinitespire:Magic Flask"}],"event_choices":[{"damage_healed":0,"gold_gain":0,"player_choice":"Grow","damage_taken":0,"max_hp_gain":0,"max_hp_loss":0,"event_name":"Living Wall","floor":2,"gold_loss":0,"cards_upgraded":["hierophant:Smite"]},{"damage_healed":0,"gold_gain":0,"player_choice":"Box","damage_taken":0,"relics_obtained":["Kunai"],"max_hp_gain":0,"max_hp_loss":0,"event_name":"Big Fish","floor":4,"gold_loss":0,"cards_obtained":["Regret"]},{"damage_healed":0,"gold_gain":0,"player_choice":"Ignored","damage_taken":0,"max_hp_gain":0,"max_hp_loss":0,"event_name":"Golden Wing","floor":8,"gold_loss":0},{"damage_healed":0,"gold_gain":0,"player_choice":"Became a vampire","damage_taken":0,"max_hp_gain":0,"max_hp_loss":23,"event_name":"Vampires","floor":19,"gold_loss":0,"cards_obtained":["Bite","Bite","Bite","Bite","Bite"]},{"damage_healed":0,"gold_gain":0,"player_choice":"Simplicity","damage_taken":0,"max_hp_gain":0,"max_hp_loss":0,"event_name":"Back to Basics","floor":22,"gold_loss":0,"cards_upgraded":["hierophant:Defend_Hierophant","hierophant:Defend_Hierophant","hierophant:Defend_Hierophant","hierophant:Defend_Hierophant"]},{"damage_healed":0,"gold_gain":0,"player_choice":"Paid","damage_taken":0,"relics_obtained":["Red Mask"],"max_hp_gain":0,"max_hp_loss":0,"event_name":"Tomb of Lord Red Mask","floor":36,"gold_loss":161},{"damage_healed":0,"gold_gain":0,"player_choice":"Memory 1","damage_taken":0,"max_hp_gain":0,"max_hp_loss":0,"event_name":"SensoryStone","floor":38,"gold_loss":0},{"cards_removed":["hierophant:Punish"],"damage_healed":0,"gold_gain":0,"player_choice":"Removed Attack","damage_taken":0,"max_hp_gain":0,"max_hp_loss":0,"event_name":"Falling","floor":39,"gold_loss":0}],"is_beta":false,"boss_relics":[{"not_picked":["Snecko Eye","Astrolabe"],"picked":"Fusion Hammer"},{"not_picked":["Runic Pyramid","Busted Crown"],"picked":"Calling Bell"}],"items_purged_floors":[],"is_endless":true,"potions_floor_spawned":[7,10,14,16,25,27,30,35],"killed_by":"Nightmare","ascension_level":0}}