{"host":"nptej036rrbiurf5","time":1609115112,"event":{"mods":["BaseMod","Colored Map","Colored Powertips","DeckTracker","Minty Spire (QoL Compilation)","StSLib","SuperFastMode"],"gold_per_floor":[114,39,39,39,39,71,91,119,119,31,31,41,41,41,41,140,140,160,160,0,0,25,25,59,59,59],"floor_reached":25,"playtime":444,"items_purged":["Strike_P"],"score":500,"play_id":"d9d3cc5e-bff8-470f-9295-3f7b2702f32b","local_time":"20201228092512","is_ascension_mode":true,"campfire_choices":[{"floor":11.0,"key":"REST"},{"data":"Eruption","floor":13.0,"key":"SMITH"},{"data":"ConjureBlade","floor":15.0,"key":"SMITH"},{"floor":23.0,"key":"REST"}],"circlet_count":0,"master_deck":["AscendersBane","Strike_P+1","Strike_P","Strike_P","Defend_P","Defend_P","Defend_P+1","Defend_P","Eruption+1","Vigilance","EmptyFist","Vengeance","ConjureBlade+1","MentalFortress+1","CrushJoints","Scrawl","Tantrum","MentalFortress+1","Adaptation+1","MentalFortress+1"],"relics":["PureWater","NeowsBlessing","Frozen Egg 2","Damaru","Ornamental Fan","Golden Idol","Runic Dome","CaptainsWheel"],"acts_visited":["Exordium","TheCity"],"potions_floor_usage":[],"damage_taken":[{"damage":0.0,"enemies":"Small Slimes","floor":1.0,"turns":2.0},{"damage":0.0,"enemies":"Lagavulin","floor":6.0,"turns":1.0},{"damage":0.0,"enemies":"Jaw Worm","floor":7.0,"turns":1.0},{"damage":28.0,"enemies":"Gremlin Nob","floor":8.0,"turns":3.0},{"damage":0.0,"enemies":"Cultist","floor":12.0,"turns":3.0},{"damage":25.0,"enemies":"The Guardian","floor":16.0,"turns":6.0},{"damage":6.0,"enemies":"Spheric Guardian","floor":18.0,"turns":3.0},{"damage":17.0,"enemies":"Shell Parasite","floor":22.0,"turns":2.0},{"damage":43.0,"enemies":"Gremlin Leader","floor":24.0,"turns":4.0},{"damage":29,"enemies":"Shelled Parasite and Fungi","floor":25,"turns":1}],"seed_played":"-6476048775844982503","potions_obtained":[{"floor":12.0,"key":"PowerPotion"},{"floor":16.0,"key":"Fire Potion"}],"is_trial":false,"path_per_floor":["M","$","?","?","?","E","M","E","T","$","R","M","R","?","R","B",null,"M","?","$","?","M","R","E","M"],"character_chosen":"WATCHER","items_purchased":["MentalFortress+1","Adaptation+1","Regen Potion"],"campfire_rested":2,"item_purchase_floors":[10,20,20],"current_hp_per_floor":[61,61,61,61,41,41,41,13,13,13,33,33,33,33,33,8,49,43,43,43,43,26,44,13,0,0],"gold":59,"neow_bonus":"THREE_ENEMY_KILL","is_daily":false,"chose_seed":false,"campfire_upgraded":2,"win_rate":0.0,"timestamp":1609115112,"path_taken":["M","$","?","?","?","E","M","E","T","?","R","?","R","?","R","BOSS","M","?","?","?","M","R","E","M"],"items_purchased_type":["Card","Card","Potion"],"build_version":"2020-12-22","purchased_purges":1,"victory":false,"max_hp_per_floor":[68,68,68,68,68,68,68,68,68,68,68,68,68,62,62,62,62,62,62,62,62,62,62,62,62,62],"card_choices":[{"not_picked":["CrushJoints","Prostrate"],"picked":"EmptyFist","floor":1.0},{"not_picked":["Protect","Crescendo"],"picked":"Vengeance","floor":6.0},{"not_picked":["BowlingBash","SandsOfTime"],"picked":"ConjureBlade","floor":7.0},{"not_picked":["BattleHymn+1","BowlingBash","EmptyFist"],"picked":"SKIP","floor":8.0},{"not_picked":["ReachHeaven","Sanctity"],"picked":"CrushJoints","floor":12.0},{"not_picked":["Ragnarok","Judgement"],"picked":"Scrawl","floor":16.0},{"not_picked":["InnerPeace","LikeWater+1"],"picked":"Tantrum","floor":18.0},{"not_picked":["Swivel","Weave+1"],"picked":"MentalFortress+1","floor":22.0},{"not_picked":["ClearTheMind","LikeWater+1","EmptyFist+1"],"picked":"SKIP","floor":24.0}],"player_experience":861317,"relics_obtained":[{"floor":6.0,"key":"Frozen Egg 2"},{"floor":8.0,"key":"Damaru"},{"floor":9.0,"key":"Ornamental Fan"},{"floor":24.0,"key":"CaptainsWheel"}],"event_choices":[{"damage_healed":0.0,"max_hp_gain":0.0,"max_hp_loss":0.0,"gold_gain":0.0,"event_name":"The Cleric","player_choice":"Leave","floor":3.0,"gold_loss":0.0,"damage_taken":0.0},{"damage_healed":0.0,"max_hp_gain":0.0,"max_hp_loss":0.0,"gold_gain":0.0,"event_name":"Liars Game","player_choice":"Ignored","floor":4.0,"gold_loss":0.0,"damage_taken":0.0},{"damage_healed":0.0,"max_hp_gain":0.0,"max_hp_loss":0.0,"gold_gain":0.0,"event_name":"Shining Light","player_choice":"Entered Light","floor":5.0,"gold_loss":0.0,"damage_taken":20.0,"cards_upgraded":["Defend_P","Strike_P"]},{"damage_healed":0.0,"max_hp_gain":0.0,"max_hp_loss":6.0,"gold_gain":0.0,"event_name":"Golden Idol","player_choice":"Lose Max HP","floor":14.0,"gold_loss":0.0,"damage_taken":0.0,"relics_obtained":["Golden Idol"]},{"damage_healed":0.0,"max_hp_gain":0.0,"max_hp_loss":0.0,"gold_gain":0.0,"event_name":"Duplicator","player_choice":"Copied","floor":19.0,"gold_loss":0.0,"damage_taken":0.0,"cards_obtained":["MentalFortress"]},{"damage_healed":0.0,"max_hp_gain":0.0,"max_hp_loss":0.0,"gold_gain":0.0,"event_name":"The Mausoleum","player_choice":"Ignored","floor":21.0,"gold_loss":0.0,"damage_taken":0.0}],"is_beta":false,"boss_relics":[{"not_picked":["Ectoplasm","Snecko Eye"],"picked":"Runic Dome"}],"items_purged_floors":[2],"is_endless":false,"potions_floor_spawned":[12,16],"killed_by":"Shelled Parasite and Fungi","ascension_level":20}}