{"host":"j0vzbnzm6n2ctevn","time":1609152985,"event":{"mods":["AchievementEnabler","BaseMod","Minty Spire (QoL Compilation)","Shop Mod"],"gold_per_floor":[118,43,43,62,72,107,120,46,46,46,66,66,66,84,84,84,84],"floor_reached":16,"playtime":777,"items_purged":["Defend_G"],"score":102,"play_id":"cee25148-dae9-493b-a018-9cc433af7bdd","local_time":"20201228185625","is_ascension_mode":false,"campfire_choices":[{"data":"Calculated Gamble","floor":13,"key":"SMITH"},{"data":"Wraith Form v2","floor":15,"key":"SMITH"}],"circlet_count":0,"master_deck":["Strike_G","Strike_G","Strike_G","Defend_G","Defend_G","Defend_G","Defend_G","Survivor","Neutralize","Adrenaline","Calculated Gamble+1","Blade Dance","Blade Dance","Wraith Form v2+1","Backstab"],"relics":["Ring of the Snake","Art of War","Paper Crane","Golden Idol"],"acts_visited":["Exordium"],"potions_floor_usage":[6,6,6,6,6,16],"damage_taken":[{"damage":1,"enemies":"Cultist","floor":1,"turns":5},{"damage":0,"enemies":"2 Louse","floor":4,"turns":2},{"damage":0,"enemies":"Small Slimes","floor":5,"turns":2},{"damage":8,"enemies":"Gremlin Nob","floor":6,"turns":3},{"damage":0,"enemies":"Gremlin Gang","floor":7,"turns":5},{"damage":0,"enemies":"Large Slime","floor":11,"turns":4},{"damage":3,"enemies":"Exordium Wildlife","floor":14,"turns":4},{"damage":58,"enemies":"The Guardian","floor":16,"turns":10}],"seed_played":"-3616507859407025700","potions_obtained":[{"floor":1,"key":"EntropicBrew"},{"floor":3,"key":"Poison Potion"},{"floor":3,"key":"Poison Potion"}],"is_trial":false,"path_per_floor":["M","$","?","M","M","E","M","$","T","?","M","?","R","M","R","B"],"character_chosen":"THE_SILENT","items_purchased":["Backstab"],"campfire_rested":0,"item_purchase_floors":[8],"current_hp_per_floor":[69,69,69,69,69,61,61,61,61,44,44,44,44,41,41,0,0],"gold":84,"neow_bonus":"TRANSFORM_CARD","is_daily":false,"chose_seed":false,"campfire_upgraded":2,"win_rate":0.0,"timestamp":1609152985,"path_taken":["M","$","?","M","?","E","M","$","T","?","M","?","R","M","R","BOSS"],"items_purchased_type":["Card"],"build_version":"2020-12-22","purchased_purges":1,"victory":false,"max_hp_per_floor":[70,70,70,70,70,70,70,70,70,70,70,70,70,70,70,70,70],"card_choices":[{"not_picked":["Dagger Spray","Sucker Punch"],"picked":"Calculated Gamble","floor":1},{"not_picked":["Slice","Choke"],"picked":"Blade Dance","floor":4},{"not_picked":["Deadly Poison","Dodge and Roll","Acrobatics"],"picked":"SKIP","floor":5},{"not_picked":["Prepared","Flechettes"],"picked":"Blade Dance","floor":6},{"not_picked":["Deflect","Dagger Spray"],"picked":"Wraith Form v2","floor":7},{"not_picked":["Caltrops","Blur","Backflip"],"picked":"SKIP","floor":11},{"not_picked":["Underhanded Strike","Expertise","Prepared"],"picked":"SKIP","floor":14}],"player_experience":45674,"relics_obtained":[{"floor":6,"key":"Art of War"},{"floor":9,"key":"Paper Crane"}],"event_choices":[{"damage_healed":0,"gold_gain":0,"player_choice":"Got Potions","damage_taken":0,"max_hp_gain":0,"max_hp_loss":0,"event_name":"Lab","floor":3,"gold_loss":0},{"damage_healed":0,"gold_gain":0,"player_choice":"Take Damage","damage_taken":17,"relics_obtained":["Golden Idol"],"max_hp_gain":0,"max_hp_loss":0,"event_name":"Golden Idol","floor":10,"gold_loss":0},{"cards_removed":["Strike_G"],"damage_healed":0,"gold_gain":0,"player_choice":"Offered Basic","damage_taken":0,"max_hp_gain":0,"max_hp_loss":0,"event_name":"Bonfire Elementals","floor":12,"gold_loss":0}],"is_beta":false,"boss_relics":[],"items_purged_floors":[2],"is_endless":false,"potions_floor_spawned":[1,5],"killed_by":"The Guardian","ascension_level":0}}