{"host":"sh8ot41fo7a0kahq","time":1609125685,"event":{"mods":["ATMod(°¢èªMod)","BaseMod","Better Third Choice","Colored Powertips","Displayed Cursed Tome","Minty Spire (QoL Compilation)","Quick Restart","Spicy Shops","StSLib","UnlockEverythingMod","¡¾ÒÅÎï¿¨ÅÆ¡¿REMEMod"],"gold_per_floor":[110,130,144,144,158,192,192,205,205,130,141,141,141,141,141,269,269,290,0,24,45,58,58,58,58],"floor_reached":24,"playtime":782,"items_purged":["Strike_B"],"score":270,"play_id":"891e0d9d-d128-4c7b-9775-50cf0426b896","local_time":"20201228112125","is_ascension_mode":true,"campfire_choices":[{"data":"AT_FamilyPortrait","floor":7.0,"key":"SMITH"},{"data":"Chaos","floor":15.0,"key":"SMITH"},{"data":"AT_RightCognition","floor":23,"key":"SMITH"}],"circlet_count":0,"master_deck":["Strike_B","Defend_B","Defend_B","Defend_B","Defend_B","Zap","Dualcast","AT_FamilyPortrait+1","Glacier","Clumsy","AT_WaterDrop","Cold Snap","Chaos+1","Apotheosis+1","AT_RightCognition+1","Coolheaded","AT_ThunderBolt+1","Double Energy"],"relics":["Cracked Core","AT_ATBox","REME_ComplimentaryCards","Darkstone Periapt","Cables","Golden Idol","Empty Cage","AT_LudenTempest"],"acts_visited":["Exordium","TheCity"],"potions_floor_usage":[24],"damage_taken":[{"damage":1.0,"enemies":"Small Slimes","floor":1.0,"turns":4.0},{"damage":1.0,"enemies":"Cultist","floor":2.0,"turns":4.0},{"damage":1.0,"enemies":"Jaw Worm","floor":3.0,"turns":3.0},{"damage":5.0,"enemies":"Looter","floor":5.0,"turns":3.0},{"damage":26.0,"enemies":"Lagavulin","floor":6.0,"turns":8.0},{"damage":1.0,"enemies":"Exordium Wildlife","floor":8.0,"turns":3.0},{"damage":8.0,"enemies":"Large Slime","floor":11.0,"turns":7.0},{"damage":20.0,"enemies":"Slime Boss","floor":16.0,"turns":14.0},{"damage":28.0,"enemies":"2 Thieves","floor":18.0,"turns":5.0},{"damage":0.0,"enemies":"Chosen","floor":20.0,"turns":4.0},{"damage":16,"enemies":"Shelled Parasite and Fungi","floor":21,"turns":6},{"damage":0,"enemies":"Snecko","floor":22,"turns":5},{"damage":14,"enemies":"Snake Plant","floor":24,"turns":1}],"seed_played":"-5246954462053283387","potions_obtained":[{"floor":2.0,"key":"AttackPotion"},{"floor":3.0,"key":"ColorlessPotion"},{"floor":8.0,"key":"PotionOfCapacity"},{"floor":18.0,"key":"PotionOfCapacity"},{"floor":22,"key":"Explosive Potion"}],"is_trial":false,"path_per_floor":["M","M","M","?","M","E","R","M","T","$","M","?","?","$","R","B",null,"M","$","M","M","M","R","M"],"character_chosen":"DEFECT","items_purchased":["AT_LudenTempest"],"campfire_rested":0,"item_purchase_floors":[19],"current_hp_per_floor":[67,66,65,65,60,34,34,33,33,33,25,25,25,25,25,5,53,25,25,25,9,9,9,0,0],"gold":58,"neow_bonus":"THREE_RARE_CARDS","is_daily":false,"chose_seed":false,"campfire_upgraded":3,"win_rate":0.0,"timestamp":1609125685,"path_taken":["M","M","M","?","M","E","R","?","T","?","M","?","?","$","R","BOSS","M","$","M","M","M","R","M"],"items_purchased_type":["Relic"],"build_version":"2020-12-22","purchased_purges":1,"victory":false,"max_hp_per_floor":[75,75,75,75,75,75,75,75,75,75,75,69,69,69,69,69,69,69,69,69,69,69,69,69,69],"card_choices":[{"not_picked":["Reboot","Creative AI"],"picked":"AT_WaterDrop","floor":0.0},{"not_picked":["Heatsinks","Compile Driver","Beam Cell"],"picked":"SKIP","floor":1.0},{"not_picked":["BootSequence","Steam","Sweeping Beam"],"picked":"SKIP","floor":2.0},{"not_picked":["Compile Driver","Conserve Battery"],"picked":"Cold Snap","floor":3.0},{"not_picked":["Cold Snap","Conserve Battery","Leap"],"picked":"SKIP","floor":5.0},{"not_picked":["Go for the Eyes","Compile Driver"],"picked":"Chaos","floor":6.0},{"not_picked":["Gash","Redo","Leap"],"picked":"SKIP","floor":8.0},{"not_picked":["Glacier","Redo","Sweeping Beam"],"picked":"SKIP","floor":11.0},{"not_picked":["Rainbow","Biased Cognition"],"picked":"AT_RightCognition","floor":16.0},{"not_picked":["Redo+1","Go for the Eyes"],"picked":"Coolheaded","floor":18.0},{"not_picked":["AT_HeatAcrobatics","Scrape","Darkness"],"picked":"SKIP","floor":20.0},{"not_picked":["Sweeping Beam","Conserve Battery+1"],"picked":"AT_ThunderBolt+1","floor":21},{"not_picked":["Stack","Sweeping Beam"],"picked":"Double Energy","floor":22}],"player_experience":305565,"relics_obtained":[{"floor":6.0,"key":"Cables"}],"event_choices":[{"damage_healed":0.0,"max_hp_gain":0.0,"max_hp_loss":0.0,"gold_gain":0.0,"event_name":"WeMeetAgain","player_choice":"Gave Potion","floor":4.0,"gold_loss":0.0,"damage_taken":0.0,"relics_obtained":["Darkstone Periapt"]},{"damage_healed":0.0,"max_hp_gain":0.0,"max_hp_loss":6.0,"gold_gain":0.0,"event_name":"Golden Idol","player_choice":"Lose Max HP","floor":12.0,"gold_loss":0.0,"damage_taken":0.0,"relics_obtained":["Golden Idol"]},{"damage_healed":25.0,"max_hp_gain":0.0,"max_hp_loss":69.0,"gold_gain":0.0,"event_name":"betterThird:BetterShining","player_choice":"Embrace","floor":13.0,"gold_loss":0.0,"damage_taken":0.0}],"is_beta":false,"boss_relics":[{"not_picked":["Pandora\u0027s Box","Coffee Dripper"],"picked":"Empty Cage"}],"items_purged_floors":[10],"is_endless":false,"potions_floor_spawned":[2,3,8,18,22],"killed_by":"Snake Plant","ascension_level":7}}