{"host":"iak1zw6udsaqx1iy","time":1609155914,"event":{"mods":["Act Like it!","BaseMod","Gensokyo","Minty Spire (QoL Compilation)","Remilia（蕾米莉亚）","Replay The Spire","StSLib","The Alterego","The Cursed","The Servant 0.9.4","WarShipGirlsR/战舰少女R mod","Youmu（魂魄妖梦）"],"gold_per_floor":[114,114,129,148,148,148,179,194,218,249,20,30,59,134,134,236,236,253,272,272,272,272,272,291,326,326,326,357,35,63,63,63],"floor_reached":31,"playtime":1439,"items_purged":[],"score":366,"play_id":"93e01ff2-0634-488f-8527-44357f8bfc2e","local_time":"20201228194514","is_ascension_mode":true,"campfire_choices":[{"data":"Ricochet","floor":6.0,"key":"SMITH"},{"floor":15.0,"key":"REST"},{"data":"Sunlight","floor":23.0,"key":"SMITH"},{"floor":27.0,"key":"REST"}],"circlet_count":0,"master_deck":["Strike_S+1","Strike_S+1","Strike_S+1","Strike_S+1","Defend_S","Defend_S","Defend_S","Defend_S","KidneyShot","Exchange","Rewind","Spin","Ricochet+1","Potential","Snipe","Moonlight","GearUp","TrueSight+1","Sunlight+1","LightFlow","GearUp","Collapse+1","Read+1","TheWorld","GearUp+1","TimeWarp+1","Ricochet+1","FlawlessForm"],"relics":["Uniform","Spirit Poop","Ring of Searing","Juzu Bracelet","Akabeko","Omamori","Oddly Smooth Stone","Happy Flower","StoneMask","Broom","Replay:Bottled Eggs","ReplayTheSpireMod:Lightbulb","Molten Egg 2","PaperSwan"],"acts_visited":["Exordium","TheCity"],"potions_floor_usage":[30,31],"damage_taken":[{"damage":8.0,"enemies":"2 Louse","floor":1.0,"turns":2.0},{"damage":4.0,"enemies":"Cultist","floor":3.0,"turns":4.0},{"damage":0.0,"enemies":"Small Slimes","floor":4.0,"turns":4.0},{"damage":11.0,"enemies":"Gremlin Nob","floor":7.0,"turns":3.0},{"damage":0.0,"enemies":"3 Louse","floor":8.0,"turns":1.0},{"damage":7.0,"enemies":"3 Sentries","floor":10.0,"turns":6.0},{"damage":0.0,"enemies":"2 Fungi Beasts","floor":12.0,"turns":1.0},{"damage":2.0,"enemies":"Lagavulin","floor":13.0,"turns":5.0},{"damage":42.0,"enemies":"The Guardian","floor":16.0,"turns":10.0},{"damage":16.0,"enemies":"3 Byrds","floor":18.0,"turns":3.0},{"damage":7.0,"enemies":"2 Thieves","floor":19.0,"turns":2.0},{"damage":10.0,"enemies":"Snecko","floor":24.0,"turns":4.0},{"damage":58.0,"enemies":"Slavers","floor":25.0,"turns":5.0},{"damage":20,"enemies":"Gremlin Leader","floor":28,"turns":5},{"damage":16,"enemies":"Replay:Snechameleon","floor":30,"turns":5},{"damage":9,"enemies":"Snake Plant","floor":31,"turns":2}],"seed_played":"4930891495329578731","potions_obtained":[{"floor":1.0,"key":"GamblersBrew"},{"floor":4.0,"key":"AttackPotion"},{"floor":8.0,"key":"Energy Potion"},{"floor":12.0,"key":"GamblersBrew"},{"floor":19.0,"key":"Weak Potion"},{"floor":25.0,"key":"SpeedPotion"},{"floor":28,"key":"Languid Potion"},{"floor":30,"key":"ColorlessPotion"}],"is_trial":false,"path_per_floor":["M","?","M","M","?","R","E","M","T","E","$","M","E","?","R","B",null,"M","M","?","?","?","R","M","E","T","R","E","$","E","M"],"character_chosen":"THE_SERVANT","items_purchased":["Oddly Smooth Stone","GearUp","Molten Egg 2","TimeWarp+1","Ricochet+1"],"campfire_rested":2,"item_purchase_floors":[11,11,29,29,29],"current_hp_per_floor":[69,69,65,65,65,65,54,54,54,47,47,47,45,34,57,15,77,70,69,69,69,69,69,62,13,13,38,21,21,8,0,0],"gold":63,"neow_bonus":"TWENTY_PERCENT_HP_BONUS","is_daily":false,"chose_seed":false,"campfire_upgraded":2,"win_rate":0.0,"timestamp":1609155914,"path_taken":["M","?","?","M","?","R","E","M","T","E","$","M","E","?","R","BOSS","M","M","?","?","?","R","M","E","T","R","E","$","E","M"],"items_purchased_type":["Relic","Card","Relic","Card","Card"],"build_version":"2020-12-22","purchased_purges":0,"victory":false,"max_hp_per_floor":[77,77,77,77,77,77,77,77,77,77,77,77,77,77,77,77,77,80,82,82,82,82,82,83,86,86,86,87,87,88,88,88],"card_choices":[{"not_picked":["Revamp","Reset"],"picked":"Rewind","floor":1.0},{"not_picked":["Collapse","Reset"],"picked":"Spin","floor":3.0},{"not_picked":["Rearm","Spin"],"picked":"Ricochet","floor":4.0},{"not_picked":["ShatteredReality","StarChef"],"picked":"Potential","floor":7.0},{"not_picked":["StarChef","Ricochet"],"picked":"Snipe","floor":8.0},{"not_picked":["BottledTime","Unruled"],"picked":"Moonlight","floor":10.0},{"not_picked":["Revamp","Read"],"picked":"TrueSight","floor":12.0},{"not_picked":["Rearm","LightFlow"],"picked":"Sunlight","floor":13.0},{"not_picked":["FloweringNight","TrueSight"],"picked":"LightFlow","floor":16.0},{"not_picked":["Ricochet","Alleviate"],"picked":"GearUp","floor":18.0},{"not_picked":["Manipulate","Rewind+1"],"picked":"Collapse+1","floor":19.0},{"not_picked":["Alleviate","Rewind"],"picked":"Read+1","floor":24.0},{"not_picked":["Alleviate","Ricochet"],"picked":"TheWorld","floor":25.0},{"not_picked":["Alleviate","Unruled"],"picked":"GearUp+1","floor":28},{"not_picked":["Potential+1","Rewind"],"picked":"FlawlessForm","floor":30}],"player_experience":291368,"relics_obtained":[{"floor":5.0,"key":"Ring of Searing"},{"floor":7.0,"key":"Juzu Bracelet"},{"floor":9.0,"key":"Akabeko"},{"floor":10.0,"key":"Omamori"},{"floor":13.0,"key":"Happy Flower"},{"floor":25.0,"key":"Broom"},{"floor":26.0,"key":"Replay:Bottled Eggs"},{"floor":28,"key":"ReplayTheSpireMod:Lightbulb"},{"floor":30,"key":"PaperSwan"}],"event_choices":[{"cards_removed":["Hallucinations"],"damage_healed":0.0,"max_hp_gain":0.0,"max_hp_loss":0.0,"gold_gain":0.0,"event_name":"Bonfire Elementals","player_choice":"Offered Curse","floor":2.0,"gold_loss":0.0,"damage_taken":0.0,"relics_obtained":["Spirit Poop"]},{"damage_healed":0.0,"max_hp_gain":0.0,"max_hp_loss":0.0,"gold_gain":75.0,"event_name":"World of Goop","player_choice":"Gather Gold","floor":14.0,"gold_loss":0.0,"damage_taken":11.0},{"damage_healed":0.0,"max_hp_gain":0.0,"max_hp_loss":0.0,"gold_gain":0.0,"event_name":"Ghosts","player_choice":"Ignored","floor":20.0,"gold_loss":0.0,"damage_taken":0.0},{"damage_healed":0.0,"max_hp_gain":0.0,"max_hp_loss":0.0,"gold_gain":0.0,"event_name":"Beggar","player_choice":"Ignored","floor":21.0,"gold_loss":0.0,"damage_taken":0.0},{"damage_healed":0.0,"max_hp_gain":0.0,"max_hp_loss":0.0,"gold_gain":0.0,"event_name":"Upgrade Shrine","player_choice":"Upgraded","floor":22.0,"gold_loss":0.0,"damage_taken":0.0,"cards_upgraded":["TrueSight"]}],"is_beta":false,"boss_relics":[{"not_picked":["Kintsugi","Abe\u0027s Treasure"],"picked":"StoneMask"}],"items_purged_floors":[],"is_endless":false,"potions_floor_spawned":[1,4,8,12,19,25,28,30],"killed_by":"Snake Plant","ascension_level":2}}