{"host":"vhvm1b4sel61ztfv","time":1609186953,"event":{"mods":["BaseMod","BetterRewards","Displayed Cursed Tome","Minty Spire (QoL Compilation)","Replay The Spire","StSLib","The Blue Laboratory"],"gold_per_floor":[114,125,125,140,160,160,185,185,185,202,212,231,4,18,18,123,123,133,168,187,187,199,199,224,235,259,275,275,289,144,144,144,239,239,252,272,52,71,87,114,114,127,127,162,180,130,90,102,102,102,102],"floor_reached":50,"playtime":3066,"items_purged":[],"score":557,"play_id":"82297407-f24e-44d8-92b9-dd058b457a29","local_time":"20201228152233","is_ascension_mode":false,"campfire_choices":[{"data":"Toxin Wave","floor":6,"key":"SMITH"},{"data":"Bane","floor":8,"key":"SMITH"},{"floor":15,"key":"REST"},{"data":"Leg Sweep","floor":23,"key":"SMITH"},{"floor":32,"key":"REST"},{"floor":41,"key":"REST"},{"floor":49,"key":"REST"}],"circlet_count":0,"master_deck":["Strike_G","Strike_G+1","Strike_G","Strike_G+1","Defend_G+1","Defend_G","Defend_G","Defend_G","Defend_G","Survivor","Neutralize","Flechettes","Noxious Fumes+1","Deadly Poison+1","Deadly Poison+1","Bullet Time+1","Poisoned Stab+1","Draining Mist","Toxin Wave+1","Caltrops+1","Bane+1","Sucker Punch","Outmaneuver+1","Poisoned Stab+1","Terror+1","Leg Sweep+1","Bullet Time+1","Noxious Fumes+1","After Image+1","Caltrops+1","Fluid Movement+1","Caltrops+1"],"relics":["Ring of the Snake","Golden Egg","Ice Cream","PreservedInsect","Orrery","TwistedFunnel","Strawberry","Mercury Hourglass","Frozen Egg 2","Snake Skull","Girya","Omamori","Busted Crown","Red Mask","Mummified Hand","Bag of Marbles","FaceOfCleric","Gremlin Food","SlaversCollar","Frozen Eye","ReplayTheSpireMod:TigerMarble","Replay:Wax Seal","Anchor"],"acts_visited":["Exordium","TheCity","TheBeyond"],"potions_floor_usage":[5,16,16,16,19,33,33,36,45,50,50],"damage_taken":[{"damage":0,"enemies":"2 Louse","floor":1,"turns":1},{"damage":6,"enemies":"Cultist","floor":2,"turns":3},{"damage":1,"enemies":"Jaw Worm","floor":4,"turns":2},{"damage":0,"enemies":"Gremlin Gang","floor":5,"turns":2},{"damage":14,"enemies":"3 Sentries","floor":7,"turns":3},{"damage":0,"enemies":"Lots of Slimes","floor":10,"turns":1},{"damage":3,"enemies":"Large Slime","floor":11,"turns":3},{"damage":0,"enemies":"Red Slaver","floor":12,"turns":2},{"damage":6,"enemies":"Lots of Slimes","floor":14,"turns":2},{"damage":2,"enemies":"Fading Forest","floor":16,"turns":11},{"damage":2,"enemies":"Shell Parasite","floor":18,"turns":3},{"damage":0,"enemies":"Masked Bandits","floor":19,"turns":2},{"damage":0,"enemies":"Chosen","floor":20,"turns":3},{"damage":0,"enemies":"3 Cultists","floor":22,"turns":3},{"damage":9,"enemies":"Replay:Snechameleon","floor":24,"turns":4},{"damage":10,"enemies":"Snecko","floor":25,"turns":4},{"damage":0,"enemies":"Shelled Parasite and Fungi","floor":27,"turns":2},{"damage":9,"enemies":"Snake Plant","floor":29,"turns":3},{"damage":58,"enemies":"Collector","floor":33,"turns":7},{"damage":0,"enemies":"3 Shapes","floor":35,"turns":4},{"damage":14,"enemies":"3 Darklings","floor":36,"turns":4},{"damage":2,"enemies":"Sphere and 2 Shapes","floor":38,"turns":4},{"damage":7,"enemies":"Writhing Mass","floor":39,"turns":4},{"damage":30,"enemies":"Reptomancer","floor":40,"turns":6},{"damage":0,"enemies":"Maw","floor":42,"turns":5},{"damage":31,"enemies":"Giant Head","floor":44,"turns":7},{"damage":0,"enemies":"Jaw Worm Horde","floor":45,"turns":4},{"damage":12,"enemies":"Writhing Mass","floor":48,"turns":4},{"damage":71,"enemies":"Donu and Deca","floor":50,"turns":6}],"seed_played":"-979747930800321975","potions_obtained":[{"floor":2,"key":"Explosive Potion"},{"floor":4,"key":"BlessingOfTheForge"},{"floor":12,"key":"blueLaboratory:LouseDecoction"},{"floor":18,"key":"BlessingOfTheForge"},{"floor":20,"key":"Strength Potion"},{"floor":22,"key":"blueLaboratory:CorrosionFlask"},{"floor":25,"key":"LiquidMemories"},{"floor":35,"key":"blueLaboratory:Moonshine"},{"floor":38,"key":"SmokeBomb"},{"floor":40,"key":"blueLaboratory:BottleOfVodka"},{"floor":44,"key":"Regen Potion"}],"is_trial":false,"path_per_floor":["M","M","?","M","M","R","E","R","T","M","M","M","$","M","R","B",null,"M","?","M","?","M","R","E","M","T","M","?","M","$","?","R","B",null,"M","M","$","M","M","E","R","M","T","E","M","$","?","M","R","B"],"character_chosen":"THE_SILENT","items_purchased":["Noxious Fumes","Deadly Poison","PreservedInsect","Orrery","TwistedFunnel","Strawberry","Mercury Hourglass","Frozen Egg 2","PowerPotion","Omamori","Terror","Gremlin Food","Frozen Eye","Caltrops+1","Block Potion"],"campfire_rested":4,"item_purchase_floors":[0,0,0,0,0,0,0,0,0,13,13,30,37,37,46],"current_hp_per_floor":[56,50,77,76,76,76,62,62,62,62,59,59,59,53,76,74,77,75,75,75,75,75,75,66,56,56,56,56,48,48,48,71,14,79,80,67,67,66,60,31,56,57,57,27,40,40,40,29,55,0,0],"gold":102,"neow_bonus":"","is_daily":false,"chose_seed":false,"campfire_upgraded":3,"win_rate":0.0,"timestamp":1609186953,"path_taken":["M","M","?","M","M","R","E","R","T","M","M","M","$","M","R","BOSS","M","?","M","?","M","R","E","M","T","M","?","?","$","?","R","BOSS","M","?","$","?","M","E","R","M","T","E","M","$","?","M","R","BOSS"],"items_purchased_type":["Card","Card","Relic","Relic","Relic","Relic","Relic","Relic","Potion","Relic","Card","Relic","Relic","Card","Potion"],"build_version":"2020-12-22","purchased_purges":0,"victory":false,"max_hp_per_floor":[77,77,77,77,77,77,77,77,77,77,77,77,77,77,77,77,77,77,77,77,77,77,77,77,77,77,77,77,78,78,78,78,79,79,80,81,81,82,83,84,84,85,85,86,87,87,87,88,88,88,88],"card_choices":[{"not_picked":["Sucker Punch","Outmaneuver"],"picked":"Deadly Poison","floor":0},{"not_picked":["Flying Knee","PiercingWail"],"picked":"Bullet Time","floor":0},{"not_picked":["Acrobatics","Blade Dance"],"picked":"Poisoned Stab","floor":0},{"not_picked":["Finisher","Poisoned Stab"],"picked":"Infinite Blades+1","floor":1},{"not_picked":["ReplayTheSpireMod:The Works","Backflip"],"picked":"Draining Mist","floor":2},{"not_picked":["Deadly Poison","Underhanded Strike"],"picked":"Toxin Wave","floor":4},{"not_picked":["Deadly Poison","Dodge and Roll"],"picked":"Caltrops+1","floor":5},{"not_picked":["Hidden Blade","Backflip"],"picked":"Bane","floor":7},{"not_picked":["Slice","ReplayTheSpireMod:Scrap Shanks+1"],"picked":"Sucker Punch","floor":10},{"not_picked":["Slice","Phantasmal Killer"],"picked":"Outmaneuver","floor":11},{"not_picked":["Quick Slash","Cloak And Dagger"],"picked":"Poisoned Stab","floor":12},{"not_picked":["Skewer","PiercingWail"],"picked":"Leg Sweep","floor":14},{"not_picked":["Wraith Form v2+1","Night Terror"],"picked":"Bullet Time","floor":16},{"not_picked":["Predator"],"picked":"SKIP","floor":18},{"not_picked":["Hidden Blade"],"picked":"SKIP","floor":20},{"not_picked":["Predator"],"picked":"SKIP","floor":22},{"not_picked":["Sucker Punch"],"picked":"SKIP","floor":24},{"not_picked":["Sucker Punch"],"picked":"SKIP","floor":25},{"not_picked":["Cloak And Dagger+1"],"picked":"SKIP","floor":27},{"not_picked":["Dagger Throw"],"picked":"SKIP","floor":29},{"not_picked":[],"picked":"After Image+1","floor":33},{"not_picked":["Outmaneuver+1"],"picked":"SKIP","floor":35},{"not_picked":["Sneak Up+1"],"picked":"SKIP","floor":36},{"not_picked":[],"picked":"Fluid Movement+1","floor":38},{"not_picked":["ReplayTheSpireMod:Scrap Shanks+1"],"picked":"SKIP","floor":39},{"not_picked":["Dodge and Roll"],"picked":"SKIP","floor":40},{"not_picked":["PiercingWail"],"picked":"SKIP","floor":42},{"not_picked":["Sucker Punch"],"picked":"SKIP","floor":44},{"not_picked":[],"picked":"Caltrops+1","floor":45},{"not_picked":["Hidden Blade"],"picked":"SKIP","floor":48}],"player_experience":84863,"relics_obtained":[{"floor":7,"key":"Snake Skull"},{"floor":9,"key":"Girya"},{"floor":19,"key":"Red Mask"},{"floor":24,"key":"Mummified Hand"},{"floor":26,"key":"Bag of Marbles"},{"floor":40,"key":"ReplayTheSpireMod:TigerMarble"},{"floor":43,"key":"Replay:Wax Seal"},{"floor":44,"key":"Anchor"}],"event_choices":[{"cards_removed":["Infinite Blades"],"damage_healed":27,"gold_gain":0,"player_choice":"Offered Uncommon","damage_taken":0,"max_hp_gain":0,"max_hp_loss":0,"event_name":"Bonfire Elementals","floor":3,"gold_loss":0},{"damage_healed":0,"gold_gain":0,"player_choice":"Fought Bandits","damage_taken":0,"max_hp_gain":0,"max_hp_loss":0,"event_name":"Masked Bandits","floor":19,"gold_loss":0},{"damage_healed":0,"gold_gain":0,"player_choice":"Read","damage_taken":0,"max_hp_gain":0,"max_hp_loss":0,"event_name":"The Library","floor":21,"gold_loss":0,"cards_obtained":["Noxious Fumes"]},{"damage_healed":0,"gold_gain":0,"player_choice":"Trade","damage_taken":0,"relics_obtained":["FaceOfCleric"],"max_hp_gain":0,"max_hp_loss":0,"event_name":"FaceTrader","floor":28,"gold_loss":0},{"damage_healed":0,"gold_gain":0,"player_choice":"Ignored","damage_taken":0,"max_hp_gain":0,"max_hp_loss":0,"event_name":"Transmorgrifier","floor":31,"gold_loss":0},{"damage_healed":0,"gold_gain":0,"player_choice":"Upgraded Two","damage_taken":0,"max_hp_gain":0,"max_hp_loss":0,"event_name":"Designer","floor":47,"gold_loss":40,"cards_upgraded":["Defend_G","Outmaneuver"]}],"is_beta":false,"boss_relics":[{"not_picked":["WristBlade","Astrolabe"],"picked":"Busted Crown"},{"not_picked":["Snecko Scales","Velvet Choker"],"picked":"SlaversCollar"}],"items_purged_floors":[],"is_endless":false,"potions_floor_spawned":[2,4,12,14,16,18,20,22,25,35,38,40,44],"killed_by":"Donu and Deca","ascension_level":0}}