{"host":"fbjkyf8096sobcph","time":1609190707,"event":{"mods":["2.2 Compatiblity","AchievementEnabler","Aspiration","BaseMod","Better Altar","Better Match","Better Note","Better Sensory Stone","Better Skull","Better Third Choice","BetterRewards","CCEM","Clawfect","Colored Map","Conspire","Downfall","GifTheSpireLib","Halation","Highlight Path","Hubris","Infinite Spire","Mimic Mod","Minty Spire (QoL Compilation)","Permanent Neow","Replay The Spire","Shop Mod","Spicy Shops","StSLib","Stuff the Spire","Unceasing Turn Reminder","Waifu the Spire","everything is the same but u backflip on backflip","slay the spire mod where everything is the same but ironclad has a cowboy hat"],"gold_per_floor":[0,0,0,0,0,0,35,67,67,80,80,65,65,95,115,122,122],"floor_reached":16,"playtime":1111,"items_purged":[],"score":129,"play_id":"cc016648-7199-4d00-bf7b-d7984788598e","local_time":"20201228222507","is_ascension_mode":false,"campfire_choices":[{"floor":1,"key":"RECALL"},{"data":"sneckomod:Mudshield","floor":6,"key":"SMITH"},{"data":"sneckomod:UnknownClassRED","floor":9,"key":"SMITH"},{"floor":13,"key":"REST"}],"circlet_count":0,"master_deck":["sneckomod:Strike","sneckomod:Strike","sneckomod:Strike","sneckomod:Defend","sneckomod:Defend","sneckomod:Defend","sneckomod:TailWhip","sneckomod:SnekBite","sneckomod:Unknown","sneckomod:Unknown","sneckomod:DiceCrush","Pain","sneckomod:Mudshield+1","sneckomod:UnknownExhaust","sneckomod:UnknownClassRED+1","sneckomod:UnknownClassGREEN+1","sneckomod:UnknownClassBLESSING","sneckomod:UnknownUncommonSkill","sneckomod:RainOfDice"],"relics":["sneckomod:SneckoSoul","Replay:Accelerometer","WarpedTongs","infinitespire:Golems Mask","halation:IllGainedPizza"],"acts_visited":["Exordium"],"potions_floor_usage":[16,16],"damage_taken":[{"damage":4,"enemies":"downfall:FleeingMerchant","floor":3,"turns":4},{"damage":15,"enemies":"downfall:FleeingMerchant","floor":5,"turns":4},{"damage":6,"enemies":"Small Slimes","floor":7,"turns":5},{"damage":33,"enemies":"Gremlin Nob","floor":8,"turns":4},{"damage":12,"enemies":"Small Slimes","floor":10,"turns":4},{"damage":23,"enemies":"downfall:FleeingMerchant","floor":12,"turns":4},{"damage":36,"enemies":"3 Sentries","floor":14,"turns":7},{"damage":4,"enemies":"2 Louse","floor":15,"turns":2},{"damage":35,"enemies":"downfall:Watcher","floor":16,"turns":5}],"seed_played":"2095243157000457734","potions_obtained":[{"floor":8,"key":"BlessingOfTheForge"},{"floor":14,"key":"FearPotion"}],"is_trial":false,"path_per_floor":["R","?","$","?","$","R","MIM","E","R","M","?","$","R","E","M","B"],"character_chosen":"THE_SNECKO","items_purchased":[],"campfire_rested":1,"item_purchase_floors":[],"current_hp_per_floor":[108,108,104,104,89,89,84,52,52,41,41,19,52,39,35,0,0],"gold":122,"neow_bonus":"TWENTY_PERCENT_HP_BONUS","is_daily":false,"chose_seed":false,"campfire_upgraded":2,"win_rate":0.0,"timestamp":1609190707,"path_taken":["R","?","$","?","$","R","MIM","E","R","M","?","$","R","E","M","BOSS"],"items_purchased_type":[],"build_version":"2020-12-22","purchased_purges":0,"victory":false,"max_hp_per_floor":[108,108,108,108,108,108,109,110,110,111,111,112,112,113,113,113,113],"card_choices":[{"not_picked":["sneckomod:UnknownWeak","sneckomod:SoulRoll"],"picked":"sneckomod:DiceCrush","floor":3},{"not_picked":["sneckomod:ImprovisedAttack","sneckomod:DefensiveFlair"],"picked":"sneckomod:Mudshield","floor":5},{"not_picked":["sneckomod:WideSting","sneckomod:UnknownBlock"],"picked":"sneckomod:UnknownExhaust","floor":7},{"not_picked":["sneckomod:UnknownCommonAttack","sneckomod:QuickBite"],"picked":"sneckomod:UnknownClassRED","floor":8},{"not_picked":["sneckomod:WideSting","sneckomod:DiceCrush"],"picked":"sneckomod:UnknownClassGREEN","floor":10},{"not_picked":["sneckomod:UnknownClassGUARDIAN","sneckomod:QuickMove"],"picked":"sneckomod:UnknownClassBLESSING","floor":12},{"not_picked":["sneckomod:SoulExchange","sneckomod:UnknownClassGUARDIAN"],"picked":"sneckomod:UnknownUncommonSkill","floor":14},{"not_picked":["sneckomod:SoulDraw","sneckomod:SoulRoll"],"picked":"sneckomod:RainOfDice","floor":15}],"player_experience":238777,"relics_obtained":[{"floor":8,"key":"infinitespire:Golems Mask"},{"floor":14,"key":"halation:IllGainedPizza"}],"event_choices":[{"damage_healed":0,"gold_gain":0,"player_choice":"Box","damage_taken":0,"relics_obtained":["Replay:Accelerometer"],"max_hp_gain":0,"max_hp_loss":0,"event_name":"Big Fish","floor":2,"gold_loss":0,"cards_obtained":["Regret"]},{"damage_healed":0,"gold_gain":0,"player_choice":"Rummage","damage_taken":0,"relics_obtained":["WarpedTongs"],"max_hp_gain":0,"max_hp_loss":0,"event_name":"Accursed Blacksmith","floor":4,"gold_loss":0,"cards_obtained":["Pain"]},{"damage_healed":0,"gold_gain":0,"player_choice":"Upgraded","damage_taken":0,"max_hp_gain":0,"max_hp_loss":0,"event_name":"Upgrade Shrine","floor":11,"gold_loss":0,"cards_upgraded":["sneckomod:UnknownClassGREEN"]}],"is_beta":false,"boss_relics":[],"items_purged_floors":[],"is_endless":false,"potions_floor_spawned":[8,14,15],"killed_by":"downfall:Watcher","ascension_level":0}}