{"host":"jj2vjthyc0953amx","time":1609158935,"event":{"mods":["Act Like it!","Arknights The Spire","BaseMod","Conspire","Dota2Spire","Gensokyo","Lobotomy","LobotomyExtend","Minty Spire (QoL Compilation)","MostiFishMod","Replay The Spire","Shop Mod","Spicy Shops","StSLib","vexMod","【功能Mod】聪明的最终Boss","【遗物卡牌】REMEMod","篝火指南"],"gold_per_floor":[119,139,102,117,92,92,122,141,168,181,195,221,221,236,88,185,185,201,201,212,224,254,254],"floor_reached":22,"playtime":1618,"items_purged":[],"score":225,"play_id":"c8be4c79-ee57-473a-b513-b483fa6cbe87","local_time":"20201228203535","is_ascension_mode":false,"campfire_choices":[{"data":"ats:Neurotoxin","floor":6,"key":"SMITH"},{"floor":13,"key":"REST"}],"circlet_count":0,"master_deck":["ats:Strike C","ats:Strike G","ats:Strike S","ats:Strike V","ats:Armor Crushing Shot","ats:Defend","ats:Defend","ats:Defend","ats:Defend","ats:Emotion Absorption","ats:Calcification","ats:Neurotoxin+1","ats:Directed Diagnosis","ats:Assault Order","ats:Assault Order","ats:Closed Bolt Burst Fire","ats:Hammer On","ats:Ignite","ats:Burning Ground","ats:Consecutive Shot Auto","ats:Song Of Battle","ats:Overload","ats:Soul Rend","ats:Red Shift","ats:Composite Medical Shells","ats:Consecutive Shot Auto","ats:Ignite+1"],"relics":["ats:Sanity","DaveBox","REME_ComplimentaryCards","CogitoBucket","GuanYuAspect","SynthV:TestCard","LetterFromLob","RedMistMask","ats:Originium","Juzu Bracelet","Bag of Marbles","ats:Originium","Nunchaku","Dota2Spire:ShadowBlade","MerchantsRug","GreenFoldingFan"],"acts_visited":["Exordium","TheCity"],"potions_floor_usage":[22],"damage_taken":[{"damage":11,"enemies":"Jaw Worm","floor":1,"turns":3},{"damage":2,"enemies":"Small Slimes","floor":2,"turns":4},{"damage":10,"enemies":"2 Louse","floor":4,"turns":3},{"damage":0,"enemies":"Lagavulin","floor":7,"turns":3},{"damage":7,"enemies":"Blue Slaver","floor":8,"turns":2},{"damage":15,"enemies":"Exordium Thugs","floor":10,"turns":3},{"damage":11,"enemies":"Looter","floor":11,"turns":3},{"damage":25,"enemies":"Gremlin Nob","floor":12,"turns":4},{"damage":0,"enemies":"3 Louse","floor":14,"turns":2},{"damage":13,"enemies":"Slime Boss","floor":16,"turns":5},{"damage":29,"enemies":"Shell Parasite","floor":18,"turns":4},{"damage":25,"enemies":"conspire:FuzzyDice","floor":20,"turns":4},{"damage":35,"enemies":"Snake Plant","floor":21,"turns":4},{"damage":21,"enemies":"conspire:HollyBat","floor":22,"turns":5}],"seed_played":"5473338736146328279","potions_obtained":[{"floor":1,"key":"Reflective Coating"},{"floor":8,"key":"ats:Top Emergency Sanity Potion"},{"floor":11,"key":"Regen Potion"},{"floor":16,"key":"Dota2Spire:Clarity"},{"floor":20,"key":"SpeedPotion"},{"floor":21,"key":"REME_GoldPotion"}],"is_trial":false,"path_per_floor":["M","M","$","M","?","R","E","M","T","M","M","E","R","M","R","B",null,"M","?","M","M","M"],"character_chosen":"DOCTOR_CLASS","items_purchased":["ats:Assault Order","Dota2Spire:ShadowBlade","MerchantsRug"],"campfire_rested":1,"item_purchase_floors":[3,15,15],"current_hp_per_floor":[27,33,33,29,29,29,36,32,32,23,20,7,12,16,16,23,36,32,32,28,14,0,0],"gold":254,"neow_bonus":"","is_daily":false,"chose_seed":false,"campfire_upgraded":1,"win_rate":0.0,"timestamp":1609158935,"path_taken":["M","M","$","M","?","R","E","M","T","M","M","E","R","M","R","BOSS","M","?","M","M","M"],"items_purchased_type":["Card","Relic","Relic"],"build_version":"2020-12-22","purchased_purges":0,"victory":false,"max_hp_per_floor":[36,36,36,36,36,36,36,36,36,36,36,36,36,36,36,36,36,36,36,36,36,36,36],"card_choices":[{"not_picked":["ats:Magnetic Hammer","ats:Chain Hook"],"picked":"ats:Neurotoxin","floor":1},{"not_picked":["ats:Cat Scratch","ats:Powerful Strike","ats:Shell Defense","ats:Soul Absorption"],"picked":"ats:Directed Diagnosis","floor":2},{"not_picked":["ats:Beaten Up","ats:Chain Hook","ats:Magnetic Hammer","ats:Shell Defense"],"picked":"ats:Closed Bolt Burst Fire","floor":4},{"not_picked":["ats:Leaping Hammer","ats:True Silver Slash","ats:Sword Rain","ats:Magnetic Hammer"],"picked":"ats:Hammer On","floor":7},{"not_picked":["ats:Poison Spread","ats:Powerful Strike","ats:Shell Defense","ats:Consecutive Shot Auto"],"picked":"ats:Ignite","floor":8},{"not_picked":["ats:Powerful Strike","ats:Poison Spread","ats:Apocalypse","ats:Cat Scratch"],"picked":"ats:Burning Ground","floor":10},{"not_picked":["ats:Apocalypse","ats:Steam Pump","ats:Flexible Camouflage","ats:Poison Spread"],"picked":"ats:Consecutive Shot Auto","floor":11},{"not_picked":["ats:Shell Defense","ats:Consecutive Shot Auto","ats:Shadow Raid","ats:Spore Proliferation"],"picked":"ats:Song Of Battle","floor":12},{"not_picked":["ats:Powerful Strike","ats:Red Shift","ats:Ignite","ats:Childhood Dance"],"picked":"ats:Overload","floor":14},{"not_picked":["NakedNest","MHz"],"picked":"DespairKnight","floor":16},{"not_picked":["ats:Shadow Assault","ats:Durian","ats:Fractured Body","ats:Disruption Kick"],"picked":"ats:Soul Rend","floor":16},{"not_picked":["ats:Neurotoxin","ats:Consecutive Shot Auto+1","ats:Demon Strength","ats:Shell Defense"],"picked":"ats:Red Shift","floor":18},{"not_picked":["ats:Powerful Strike+1","ats:Ignite","ats:Chain Hook+1","ats:Collapsing Strike"],"picked":"ats:Consecutive Shot Auto","floor":20},{"not_picked":["ats:Sword Rain","ats:Shell Defense+1","ats:Sunburst","ats:Leaping Hammer"],"picked":"ats:Ignite+1","floor":21}],"player_experience":1495,"relics_obtained":[{"floor":1,"key":"SynthV:TestCard"},{"floor":1,"key":"LetterFromLob"},{"floor":2,"key":"RedMistMask"},{"floor":7,"key":"ats:Originium"},{"floor":7,"key":"Juzu Bracelet"},{"floor":9,"key":"Bag of Marbles"},{"floor":12,"key":"ats:Originium"},{"floor":12,"key":"Nunchaku"}],"event_choices":[{"damage_healed":0,"gold_gain":0,"player_choice":"Read","damage_taken":0,"max_hp_gain":0,"max_hp_loss":0,"event_name":"The Library","floor":19,"gold_loss":0,"cards_obtained":["ats:Composite Medical Shells"]}],"is_beta":false,"boss_relics":[{"not_picked":["Replay:Grab Bag","Kintsugi"],"picked":"GreenFoldingFan"}],"items_purged_floors":[],"is_endless":false,"potions_floor_spawned":[1,8,11,16,20,21],"killed_by":"conspire:HollyBat","ascension_level":0}}