{"host":"8xt6qtpg1rkermdd","time":1609119167,"event":{"mods":["AchievementEnabler","Astrologer","Bard","BaseMod","Colored Powertips","Downfall","Hermit","Highlight Path","Hubris","Infinite Spire","Jorbs\u0027s Wanderer Trilogy","Minty Spire (QoL Compilation)","Replay The Spire","Shade Mod","StSLib","The Blackbeard","The Bladedancer","The Bug Knight","The Construct","The Cursed","The Disciple","The Gatherer","The Hayseed","The Hierophant","The Marked","The Mystic","The Runesmith","The Servant 0.9.4","TheArtist","TheBandit"],"gold_per_floor":[116,131,145,164,164,164,179,229,229,240,240,240,252,22,22,22,22],"floor_reached":16,"playtime":994,"items_purged":[],"score":94,"play_id":"cf2047f5-ddf6-4240-8e74-47e88f8fe239","local_time":"20201227193247","is_ascension_mode":false,"campfire_choices":[{"data":"mysticmod:ComponentsPouch","floor":6,"key":"SMITH"},{"data":"mysticmod:VorpalThrust","floor":12,"key":"SMITH"},{"data":"mysticmod:LightningBolt","floor":15,"key":"SMITH"}],"circlet_count":0,"master_deck":["mysticmod:Strike_Mystic","mysticmod:Strike_Mystic","mysticmod:Strike_Mystic","mysticmod:Strike_Mystic","mysticmod:Defend_Mystic","mysticmod:Defend_Mystic","mysticmod:Defend_Mystic","mysticmod:Defend_Mystic","mysticmod:ArcaneDodge","mysticmod:ShockingGrasp","mysticmod:Probe","mysticmod:Riposte","mysticmod:MagicMissile","mysticmod:ComponentsPouch+1","mysticmod:Probe","mysticmod:VorpalThrust+1","mysticmod:LightningBolt+1","mysticmod:Snowball","mysticmod:ComponentsPouch","mysticmod:RapidCaster","mysticmod:RapidCaster"],"relics":["mysticmod:SpellBook","NeowsBlessing","hubris:Towel","Blood Vial","hubris:DeckOfHolding","Membership Card"],"acts_visited":["Exordium"],"potions_floor_usage":[13],"damage_taken":[{"damage":0,"enemies":"Cultist","floor":1,"turns":1},{"damage":0,"enemies":"2 Louse","floor":2,"turns":1},{"damage":0,"enemies":"Jaw Worm","floor":3,"turns":1},{"damage":20,"enemies":"3 Louse","floor":4,"turns":4},{"damage":0,"enemies":"Blue Slaver","floor":7,"turns":1},{"damage":8,"enemies":"Lots of Slimes","floor":10,"turns":5},{"damage":0,"enemies":"Red Slaver","floor":13,"turns":2},{"damage":62,"enemies":"Hexaghost","floor":16,"turns":9}],"seed_played":"-8291569796346030297","potions_obtained":[{"floor":1,"key":"Strength Potion"},{"floor":4,"key":"Energy Potion"},{"floor":10,"key":"Dexterity Potion"},{"floor":13,"key":"Fruit Juice"}],"is_trial":false,"path_per_floor":["M","M","M","M","?","R","M","T","T","M","?","R","M","$","R","B"],"character_chosen":"MYSTIC_CLASS","items_purchased":["Membership Card","mysticmod:Snowball","mysticmod:ComponentsPouch","mysticmod:RapidCaster"],"campfire_rested":0,"item_purchase_floors":[14,14,14,14],"current_hp_per_floor":[77,77,77,57,57,57,57,57,57,51,51,51,58,58,58,0,0],"gold":22,"neow_bonus":"THREE_ENEMY_KILL","is_daily":false,"chose_seed":false,"campfire_upgraded":3,"win_rate":0.0,"timestamp":1609119167,"path_taken":["M","M","M","?","?","R","M","?","T","M","?","R","M","$","R","BOSS"],"items_purchased_type":["Relic","Card","Card","Card"],"build_version":"2020-12-22","purchased_purges":0,"victory":false,"max_hp_per_floor":[77,77,77,77,77,77,77,77,77,77,77,77,82,82,82,82,82],"card_choices":[{"not_picked":["mysticmod:BulkUp","mysticmod:Daze"],"picked":"mysticmod:Probe","floor":1},{"not_picked":["mysticmod:Shield","mysticmod:PureInstinct"],"picked":"mysticmod:Riposte","floor":2},{"not_picked":["mysticmod:CorrosiveTouch","mysticmod:Riposte"],"picked":"mysticmod:MagicMissile","floor":3},{"not_picked":["mysticmod:SuddenClarity","mysticmod:ComboCaster"],"picked":"mysticmod:ComponentsPouch","floor":4},{"not_picked":["mysticmod:BulkUp","mysticmod:ChargedParry"],"picked":"mysticmod:Probe","floor":7},{"not_picked":["mysticmod:BladedDash","mysticmod:Disengage"],"picked":"mysticmod:VorpalThrust","floor":10},{"not_picked":["mysticmod:MagicMissile","mysticmod:PureInstinct"],"picked":"mysticmod:LightningBolt","floor":13}],"player_experience":39210,"relics_obtained":[{"floor":8,"key":"Blood Vial"},{"floor":9,"key":"hubris:DeckOfHolding"}],"event_choices":[],"is_beta":false,"boss_relics":[],"items_purged_floors":[],"is_endless":false,"potions_floor_spawned":[1,4,10,13],"killed_by":"Hexaghost","ascension_level":0}}