{"host":"30jsp143e4v19aze","time":1609115100,"event":{"mods":["BaseMod","Colored Map","Colored Powertips","Curses Come First","DeckTracker","Highlight Path","Minty Spire (QoL Compilation)","Quick Restart","Relic Stats","StSLib","everything is the same but u backflip on backflip","slay the spire mod where everything is the same but ironclad has a cowboy hat"],"gold_per_floor":[112,112,112,287,41,70,70,99,123,123,136,86,86,120,120,199,199,214,214,214,224,241,275,275,275,275],"floor_reached":25,"playtime":604,"items_purged":["Doubt"],"score":470,"play_id":"3bed2e22-8864-40bb-ae30-8ba4e6cd06b4","local_time":"20201228012500","is_ascension_mode":true,"campfire_choices":[{"data":"Static Discharge","floor":7,"key":"SMITH"},{"data":"Loop","floor":13,"key":"SMITH"},{"data":"Self Repair","floor":15,"key":"SMITH"},{"floor":24,"key":"REST"}],"circlet_count":0,"master_deck":["AscendersBane","Strike_B+1","Strike_B","Defend_B","Defend_B","Defend_B+1","Defend_B","Zap","Dualcast","Cold Snap","Loop+1","Genetic Algorithm","Static Discharge+1","Cold Snap","Undo","Self Repair+1","Rainbow","Recycle+1","Conserve Battery","Aggregate"],"relics":["Cracked Core","NeowsBlessing","PreservedInsect","Omamori","Tiny Chest","Lantern","Ancient Tea Set","Philosopher\u0027s Stone","Frozen Egg 2","White Beast Statue"],"acts_visited":["Exordium","TheCity"],"potions_floor_usage":[16,25],"damage_taken":[{"damage":0,"enemies":"Jaw Worm","floor":1,"turns":1},{"damage":0,"enemies":"Lagavulin","floor":6,"turns":1},{"damage":0,"enemies":"3 Sentries","floor":8,"turns":2},{"damage":4,"enemies":"2 Louse","floor":11,"turns":3},{"damage":10,"enemies":"Gremlin Nob","floor":14,"turns":3},{"damage":23,"enemies":"Hexaghost","floor":16,"turns":9},{"damage":1,"enemies":"Chosen","floor":18,"turns":5},{"damage":11,"enemies":"Spheric Guardian","floor":21,"turns":4},{"damage":39,"enemies":"Shelled Parasite and Fungi","floor":22,"turns":5},{"damage":19,"enemies":"Book of Stabbing","floor":23,"turns":3},{"damage":58,"enemies":"Gremlin Leader","floor":25,"turns":5}],"seed_played":"6831572254628793410","potions_obtained":[{"floor":6,"key":"DistilledChaos"},{"floor":16,"key":"SneckoOil"},{"floor":22,"key":"FocusPotion"}],"is_trial":false,"path_per_floor":["M","?","?","?","$","E","R","E","T","?","M","?","R","E","R","B",null,"M","T","?","M","M","E","R","E"],"character_chosen":"DEFECT","items_purchased":["Genetic Algorithm","Static Discharge","Energy Potion"],"campfire_rested":1,"item_purchase_floors":[5,5,5],"current_hp_per_floor":[68,68,68,68,68,68,68,68,68,53,49,49,49,39,39,26,63,72,72,72,61,32,23,45,0,0],"gold":275,"neow_bonus":"THREE_ENEMY_KILL","is_daily":false,"chose_seed":false,"campfire_upgraded":3,"win_rate":0.0,"timestamp":1609115100,"path_taken":["M","?","?","?","?","E","R","E","T","?","?","?","R","E","R","BOSS","M","?","?","?","?","E","R","E"],"items_purchased_type":["Card","Card","Potion"],"build_version":"2020-12-22","purchased_purges":1,"victory":false,"max_hp_per_floor":[75,75,75,75,75,75,75,75,75,75,75,75,75,75,75,75,75,75,75,75,75,75,75,75,75,75],"relic_stats":{"counters":[11,40],"Tiny Chest":1,"PreservedInsect":113,"obtain_stats":[{"Lantern":9,"NeowsBlessing":0,"Tiny Chest":8,"Philosopher\u0027s Stone":17,"PreservedInsect":3,"Omamori":6,"Frozen Egg 2":19,"Cracked Core":0,"Ancient Tea Set":14,"White Beast Statue":23},{"Lantern":3,"NeowsBlessing":0,"Tiny Chest":3,"Philosopher\u0027s Stone":6,"PreservedInsect":1,"Omamori":2,"Frozen Egg 2":7,"Cracked Core":0,"Ancient Tea Set":5,"White Beast Statue":10},{"Lantern":4,"NeowsBlessing":0,"Tiny Chest":4,"Philosopher\u0027s Stone":19,"PreservedInsect":1,"Omamori":2,"Frozen Egg 2":23,"Cracked Core":0,"Ancient Tea Set":10,"White Beast Statue":35}]},"card_choices":[{"not_picked":["Stack","Recycle"],"picked":"Cold Snap","floor":1},{"not_picked":["Steam","Streamline","Go for the Eyes"],"picked":"SKIP","floor":6},{"not_picked":["Gash","Hologram"],"picked":"Cold Snap","floor":8},{"not_picked":["Meteor Strike","Loop"],"picked":"Undo","floor":11},{"not_picked":["Sweeping Beam","Melter"],"picked":"Self Repair","floor":14},{"not_picked":["Thunder Strike","Meteor Strike"],"picked":"Rainbow","floor":16},{"not_picked":["Go for the Eyes","Coolheaded"],"picked":"Recycle+1","floor":18},{"not_picked":["Steam+1","Cold Snap","Blizzard"],"picked":"SKIP","floor":21},{"not_picked":["Steam","Gash+1"],"picked":"Conserve Battery","floor":22},{"not_picked":["White Noise","FTL"],"picked":"Aggregate","floor":23}],"player_experience":3280053,"relics_obtained":[{"floor":6,"key":"Omamori"},{"floor":8,"key":"Tiny Chest"},{"floor":9,"key":"Lantern"},{"floor":14,"key":"Ancient Tea Set"},{"floor":19,"key":"Frozen Egg 2"},{"floor":23,"key":"White Beast Statue"}],"event_choices":[{"damage_healed":0,"gold_gain":0,"cards_transformed":["Strike_B"],"player_choice":"Change","damage_taken":0,"max_hp_gain":0,"max_hp_loss":0,"event_name":"Living Wall","floor":2,"gold_loss":0,"cards_obtained":["Loop"]},{"damage_healed":0,"gold_gain":0,"player_choice":"Box","damage_taken":0,"relics_obtained":["PreservedInsect"],"max_hp_gain":0,"max_hp_loss":0,"event_name":"Big Fish","floor":3,"gold_loss":0,"cards_obtained":["Regret"]},{"damage_healed":0,"gold_gain":175,"player_choice":"AGREE","damage_taken":0,"max_hp_gain":0,"max_hp_loss":0,"event_name":"Liars Game","floor":4,"gold_loss":0,"cards_obtained":["Doubt"]},{"damage_healed":0,"gold_gain":0,"player_choice":"Entered Light","damage_taken":15,"max_hp_gain":0,"max_hp_loss":0,"event_name":"Shining Light","floor":10,"gold_loss":0,"cards_upgraded":["Strike_B","Defend_B"]},{"cards_removed":["Regret"],"damage_healed":0,"gold_gain":0,"player_choice":"Card Removal","damage_taken":0,"max_hp_gain":0,"max_hp_loss":0,"event_name":"The Cleric","floor":12,"gold_loss":50},{"cards_removed":["Strike_B"],"damage_healed":0,"gold_gain":0,"player_choice":"Offered Basic","damage_taken":0,"max_hp_gain":0,"max_hp_loss":0,"event_name":"Bonfire Elementals","floor":20,"gold_loss":0}],"is_beta":false,"boss_relics":[{"not_picked":["Tiny House","Runic Dome"],"picked":"Philosopher\u0027s Stone"}],"items_purged_floors":[5],"is_endless":false,"potions_floor_spawned":[6,16,21,22],"killed_by":"Gremlin Leader","ascension_level":13}}