{"host":"j45ucdvl5ntpx4kf","time":1609193030,"event":{"mods":["AchievementEnabler","BaseMod","Bestiary","Colored Map","Colored Powertips","Downfall","Minty Spire (QoL Compilation)","StSLib"],"gold_per_floor":[99,115,126,126,126,145,145,177,18,38,38,53,80,180,195,195,195,195],"floor_reached":16,"playtime":1782,"items_purged":["champ:Strike"],"score":102,"play_id":"022f67e4-30d9-4617-b0cb-b6f4df018186","local_time":"20201228170350","is_ascension_mode":false,"campfire_choices":[{"floor":1,"key":"RECALL"},{"data":"champ:GladiatorStyle","floor":11,"key":"SMITH"}],"circlet_count":0,"master_deck":["champ:Strike","champ:Strike","champ:Strike","champ:Defend","champ:Defend","champ:Defend","champ:Defend","champ:Execute","champ:Taunt","champ:GladiatorStyle+1","champ:Haymaker","champ:BladeFlurry","champ:FocusedGladiator","champ:FanOfKnives","champ:PreciseThrust","champ:FlashCut","champ:CrownThrow"],"relics":["champ:ChampionCrown","Calipers","champ:LiftRelic","Question Card","Toy Ornithopter","Odd Mushroom","CloakClasp"],"acts_visited":["Exordium"],"potions_floor_usage":[14,14,16],"damage_taken":[{"damage":6,"enemies":"2 Louse","floor":2,"turns":3},{"damage":9,"enemies":"Small Slimes","floor":3,"turns":3},{"damage":5,"enemies":"Cultist","floor":6,"turns":4},{"damage":11,"enemies":"Lagavulin","floor":8,"turns":6},{"damage":0,"enemies":"downfall:FleeingMerchant","floor":9,"turns":4},{"damage":9,"enemies":"2 Fungi Beasts","floor":10,"turns":4},{"damage":8,"enemies":"Exordium Wildlife","floor":12,"turns":3},{"damage":24,"enemies":"The Mushroom Lair","floor":13,"turns":3},{"damage":28,"enemies":"The Mushroom Lair","floor":14,"turns":7},{"damage":6,"enemies":"Red Slaver","floor":15,"turns":3},{"damage":10,"enemies":"downfall:Ironclad","floor":16,"turns":3}],"seed_played":"3733417028346390745","potions_obtained":[{"floor":10,"key":"SkillPotion"},{"floor":12,"key":"FearPotion"},{"floor":13,"key":"EssenceOfSteel"},{"floor":14,"key":"Energy Potion"}],"is_trial":false,"path_per_floor":["R","M","M","?","?","M","T","E","$","M","R","M","?","?","M","B"],"character_chosen":"THE_CHAMP","items_purchased":["champ:PreciseThrust"],"campfire_rested":0,"item_purchase_floors":[9],"current_hp_per_floor":[81,80,76,76,76,76,76,65,65,56,56,48,24,11,5,0,0,0],"gold":195,"neow_bonus":"ONE_RARE_RELIC","is_daily":false,"chose_seed":false,"campfire_upgraded":1,"win_rate":0.0,"timestamp":1609193030,"path_taken":["R","M","M","?","?","M","T","E","$","M","R","?","?","?","M","BOSS"],"items_purchased_type":["Card"],"build_version":"2020-12-22","purchased_purges":1,"victory":false,"max_hp_per_floor":[81,81,81,81,81,81,81,81,81,81,81,81,81,81,81,81,81,81],"card_choices":[{"not_picked":["champ:FlashCut","champ:GladiatorsShout"],"picked":"champ:GladiatorStyle","floor":2},{"not_picked":["champ:EnragedBash","champ:FlashCut"],"picked":"champ:Haymaker","floor":3},{"not_picked":["champ:Circumvent","champ:DefensiveStyle"],"picked":"champ:BladeFlurry","floor":6},{"not_picked":["champ:GutPunch","champ:RisingSlash","champ:CalledShot"],"picked":"champ:FocusedGladiator","floor":8},{"not_picked":["champ:PerfectForm","champ:Haymaker","champ:CrookedStrike"],"picked":"champ:FanOfKnives","floor":9},{"not_picked":["champ:BerserkersShout","champ:DefensiveShout","champ:Circumvent"],"picked":"champ:FlashCut","floor":10},{"not_picked":["champ:Circumvent","champ:CrookedStrike","champ:AdrenalArmor"],"picked":"champ:CrownThrow","floor":12},{"not_picked":["champ:FanOfKnives","champ:GladiatorsShout","champ:TornadoPunch","champ:ViciousMockery"],"picked":"SKIP","floor":15}],"player_experience":148040,"relics_obtained":[{"floor":7,"key":"Question Card"},{"floor":8,"key":"Toy Ornithopter"},{"floor":13,"key":"Odd Mushroom"},{"floor":14,"key":"CloakClasp"}],"event_choices":[{"damage_healed":0,"gold_gain":0,"player_choice":"Ignored","damage_taken":0,"max_hp_gain":0,"max_hp_loss":0,"event_name":"NoteForYourself","floor":5,"gold_loss":0},{"damage_healed":0,"gold_gain":0,"player_choice":"Fought Mushrooms","damage_taken":0,"max_hp_gain":0,"max_hp_loss":0,"event_name":"Mushrooms","floor":13,"gold_loss":0}],"is_beta":false,"boss_relics":[],"items_purged_floors":[9],"is_endless":false,"potions_floor_spawned":[10,12,13,14],"killed_by":"downfall:Ironclad","ascension_level":0}}