{"host":"baiuyraednrljtmn","time":1609156955,"event":{"mods":["BaseMod","Colored Map","Colored Powertips","DeckTracker","Keyboard Shortcuts","Minty Spire (QoL Compilation)","Relic Stats","StSLib","SuperFastMode","everything is the same but u backflip on backflip"],"gold_per_floor":[109,109,129,142,142,177,63,74,142,142,102,102,102],"floor_reached":12,"playtime":1439,"items_purged":[],"score":156,"play_id":"df743d1e-7b15-4187-a1ee-c8a99d226137","local_time":"20201228210235","is_ascension_mode":true,"campfire_choices":[],"circlet_count":0,"master_deck":["AscendersBane","Strike_G","Strike_G","Strike_G","Strike_G","Defend_G","Defend_G","Defend_G","Defend_G","Defend_G","Survivor","Neutralize","Adrenaline","Bane","Tools of the Trade","Blade Dance","Dagger Throw","Flying Knee","Deadly Poison","Blade Dance"],"relics":["Ring of the Snake","Calipers","Molten Egg 2"],"acts_visited":["Exordium"],"potions_floor_usage":[],"damage_taken":[{"damage":0.0,"enemies":"Jaw Worm","floor":1.0,"turns":7.0},{"damage":1.0,"enemies":"Cultist","floor":3.0,"turns":4.0},{"damage":9.0,"enemies":"Small Slimes","floor":4.0,"turns":4.0},{"damage":24,"enemies":"Gremlin Nob","floor":6,"turns":4},{"damage":9,"enemies":"Red Slaver","floor":8,"turns":3},{"damage":29,"enemies":"3 Sentries","floor":12,"turns":9}],"seed_played":"-2404322176226733387","potions_obtained":[{"floor":3.0,"key":"LiquidBronze"},{"floor":11,"key":"Energy Potion"}],"is_trial":false,"path_per_floor":["M","?","M","M","?","E","$","M","T","?","?","E"],"character_chosen":"THE_SILENT","items_purchased":["Deadly Poison","Blade Dance"],"campfire_rested":0,"item_purchase_floors":[7,7],"current_hp_per_floor":[59,59,58,49,42,18,18,9,9,29,29,0,0],"gold":102,"neow_bonus":"THREE_RARE_CARDS","is_daily":false,"chose_seed":false,"campfire_upgraded":0,"win_rate":0.0,"timestamp":1609156955,"path_taken":["M","?","M","?","?","E","$","M","T","?","?","E"],"items_purchased_type":["Card","Card"],"build_version":"2020-12-22","purchased_purges":0,"victory":false,"max_hp_per_floor":[60,60,60,60,60,60,60,60,60,60,60,60,60],"relic_stats":{"counters":[6,31],"obtain_stats":[{"Calipers":6,"Molten Egg 2":9,"Ring of the Snake":0},{"Calipers":4,"Molten Egg 2":5,"Ring of the Snake":0},{"Calipers":19,"Molten Egg 2":22,"Ring of the Snake":0}],"Ring of the Snake":[12]},"card_choices":[{"not_picked":["Bullet Time","Venomology"],"picked":"Adrenaline","floor":0.0},{"not_picked":["Prepared","Dodge and Roll","Bane"],"picked":"SKIP","floor":1.0},{"not_picked":["Prepared","Dodge and Roll"],"picked":"Bane","floor":1.0},{"not_picked":["Sucker Punch","Acrobatics"],"picked":"Blade Dance","floor":3.0},{"not_picked":["Flying Knee","Quick Slash"],"picked":"Dagger Throw","floor":4.0},{"not_picked":["Bullet Time","Catalyst"],"picked":"Flying Knee","floor":6},{"not_picked":["Dodge and Roll","Deadly Poison","Bane"],"picked":"SKIP","floor":8}],"player_experience":1370377,"relics_obtained":[{"floor":6,"key":"Calipers"},{"floor":9,"key":"Molten Egg 2"}],"event_choices":[{"damage_healed":0.0,"max_hp_gain":0.0,"max_hp_loss":0.0,"gold_gain":0.0,"event_name":"Match and Keep!","player_choice":"1 cards matched","floor":2.0,"gold_loss":0.0,"damage_taken":0.0,"cards_obtained":["Tools of the Trade"]},{"cards_removed":["Strike_G"],"damage_healed":0,"gold_gain":0,"player_choice":"Card Removal","damage_taken":7,"max_hp_gain":0,"max_hp_loss":0,"event_name":"Golden Wing","floor":5,"gold_loss":0},{"damage_healed":20,"gold_gain":0,"player_choice":"Banana","damage_taken":0,"max_hp_gain":0,"max_hp_loss":0,"event_name":"Big Fish","floor":10,"gold_loss":0},{"damage_healed":0,"gold_gain":0,"player_choice":"Bought 3 Potions","damage_taken":0,"max_hp_gain":0,"max_hp_loss":0,"event_name":"The Woman in Blue","floor":11,"gold_loss":0}],"is_beta":false,"boss_relics":[],"items_purged_floors":[],"is_endless":false,"potions_floor_spawned":[3],"killed_by":"3 Sentries","ascension_level":20}}