{"host":"mrc3cf8wjlkkqes7","time":1609150233,"event":{"mods":["BaseMod","Downfall","Hermit","Infinite Spire","Marisa????????","Minty Spire (QoL Compilation)","Replay The Spire","StSLib","The Cursed","The Servant 0.9.4"],"gold_per_floor":[110,110,110,129,204,234,234,260,329,8,21,21,21,34,34,136,136,147,147,422,440,82,107,126,145,172,213,245,270,282,294,306,418,430,485,27,0,0,18,18,52,52,52,52,70,85,101,134,134,134],"floor_reached":51,"playtime":3535,"items_purged":["Regret","Strike_B","Strike_B","Strike_B"],"score":1285,"play_id":"aedd7d86-0575-4530-8dd7-d890b60ceeae","local_time":"20201228041033","is_ascension_mode":true,"campfire_choices":[{"floor":7,"key":"REST"},{"floor":13,"key":"REST"},{"data":"Mayhem","floor":15,"key":"SMITH"},{"floor":32,"key":"REST"},{"floor":40,"key":"REST"},{"floor":42,"key":"REST"},{"floor":49,"key":"REST"}],"circlet_count":0,"master_deck":["Defend_B","Defend_B","Defend_B","Defend_B","Zap","Dualcast","Cold Snap","infinitespire:NeuralNetwork+1","Ball Lightning","Chaos","Compile Driver","Turbo+1","Mayhem+1","Barrage","Sweeping Beam","Beam Cell","Core Surge","Rebound","Conserve Battery","Fission","Defragment","Redo","Conserve Battery+1","Coolheaded","Turbo+1","Coolheaded","ReplayTheSpireMod:Calculation Training","All For One","Crystallizer+1","Turbo","Turbo","Storm","Mirror Shield","Blizzard","Static Discharge","Hologram+1","Redo+1","Meteor Strike"],"relics":["Cracked Core","NeowsBlessing","ReplayTheSpireMod:TigerMarble","Bag of Marbles","Kunai","Fusion Hammer","Unceasing Top","MawBank","Replay:Mystery Machine","Prayer Wheel","Replay:WaspNest","Replay:Arrowhead","infinitespire:EvilPickle","Inserter","Geode","Red Mask","Lantern","infinitespire:PuzzleCube","MealTicket"],"acts_visited":["Exordium","TheCity","TheBeyond"],"potions_floor_usage":[8,16,16,23,24,27,33,41,41,50,50,50],"damage_taken":[{"damage":0,"enemies":"Jaw Worm","floor":1,"turns":1},{"damage":0,"enemies":"Small Slimes","floor":4,"turns":1},{"damage":0,"enemies":"Gremlin Nob","floor":6,"turns":1},{"damage":28,"enemies":"3 Sentries","floor":8,"turns":5},{"damage":2,"enemies":"Cultist","floor":11,"turns":3},{"damage":0,"enemies":"3 Louse","floor":14,"turns":1},{"damage":24,"enemies":"The Guardian","floor":16,"turns":7},{"damage":2,"enemies":"3 Byrds","floor":18,"turns":4},{"damage":3,"enemies":"2 Thieves","floor":21,"turns":2},{"damage":0,"enemies":"Gremlin Leader","floor":23,"turns":4},{"damage":12,"enemies":"Snake Plant","floor":24,"turns":4},{"damage":0,"enemies":"3 Cultists","floor":25,"turns":5},{"damage":0,"enemies":"Replay:Snechameleon","floor":27,"turns":5},{"damage":0,"enemies":"Centurion and Healer","floor":28,"turns":4},{"damage":0,"enemies":"Snake Plant","floor":29,"turns":4},{"damage":9,"enemies":"Pondfish","floor":33,"turns":13},{"damage":27,"enemies":"3 Shapes","floor":35,"turns":5},{"damage":3,"enemies":"3 Darklings","floor":39,"turns":2},{"damage":12,"enemies":"Giant Head","floor":41,"turns":7},{"damage":8,"enemies":"Spire Growth","floor":45,"turns":3},{"damage":0,"enemies":"Jaw Worm Horde","floor":46,"turns":3},{"damage":0,"enemies":"Transient","floor":47,"turns":5},{"damage":0,"enemies":"R_Hoarder","floor":48,"turns":7},{"damage":68,"enemies":"Time Eater","floor":50,"turns":9}],"seed_played":"-520883939013065863","potions_obtained":[{"floor":1,"key":"Regen Potion"},{"floor":8,"key":"Adrenaline Potion"},{"floor":14,"key":"Strength Potion"},{"floor":16,"key":"Ancient Potion"},{"floor":21,"key":"hexamod:EctoCoolerPotion"},{"floor":24,"key":"LiquidBronze"},{"floor":27,"key":"sneckomod:MuddlingPotion"},{"floor":29,"key":"Adrenaline Potion"},{"floor":47,"key":"Energy Potion"},{"floor":48,"key":"Energy Potion"}],"is_trial":false,"path_per_floor":["M","?","?","M","?","E","R","E","T","$","M","?","R","M","R","B",null,"M","?","?","M","$","E","M","M","T","E","M","M","T","AVR","R","B",null,"M","$","?","?","M","R","E","R","T","AVR","M","M","M","E","R","B",null],"character_chosen":"DEFECT","items_purchased":["Turbo+1","Mayhem","Barrage","SkillPotion","Fission","Defragment","PowerPotion","Turbo","Geode","Storm","PowerPotion","Swift Potion"],"campfire_rested":6,"item_purchase_floors":[10,10,10,10,22,22,22,36,36,36,36,36],"current_hp_per_floor":[75,57,57,57,46,46,68,54,54,54,52,52,74,74,74,50,75,73,73,73,70,70,70,58,58,58,58,58,58,58,58,75,66,75,48,48,48,48,45,66,54,71,71,71,63,63,63,63,71,3],"gold":134,"neow_bonus":"THREE_ENEMY_KILL","is_daily":false,"chose_seed":false,"campfire_upgraded":1,"win_rate":0.0,"timestamp":1609150233,"path_taken":["M","?","?","M","?","E","R","E","T","$","M","?","R","M","R","BOSS","M","?","?","M","$","E","M","M","T","E","M","?","?","AVR","R","BOSS","M","$","?","?","M","R","E","R","T","AVR","M","M","M","E","R","BOSS"],"items_purchased_type":["Card","Card","Card","Potion","Card","Card","Potion","Card","Relic","Card","Potion","Potion"],"build_version":"2020-12-22","purchased_purges":4,"victory":true,"max_hp_per_floor":[75,75,75,75,75,75,75,75,75,75,75,75,75,75,75,75,75,75,75,75,75,75,75,75,75,75,75,75,75,75,75,75,75,75,75,75,75,71,71,71,71,71,71,71,71,71,71,71,71,71],"card_choices":[{"not_picked":["Go for the Eyes","Streamline"],"picked":"Cold Snap","floor":1},{"not_picked":["ReplayTheSpireMod:Echoes of Time","infinitespire:Gouge"],"picked":"infinitespire:Fortify","floor":2},{"not_picked":["Static Discharge","Stack"],"picked":"Ball Lightning","floor":4},{"not_picked":["Barrage","All For One"],"picked":"Chaos","floor":6},{"not_picked":["Leap","Rebound"],"picked":"Compile Driver","floor":8},{"not_picked":["Steam Power","Redo"],"picked":"Sweeping Beam","floor":11},{"not_picked":["Compile Driver","ReplaySort"],"picked":"Beam Cell","floor":14},{"not_picked":["Thunder Strike","Buffer"],"picked":"Core Surge","floor":16},{"not_picked":["Aggregate","Heatsinks"],"picked":"Rebound","floor":18},{"not_picked":["Barrage","Ball Lightning"],"picked":"Conserve Battery","floor":21},{"not_picked":["Steam","Leap"],"picked":"Redo","floor":23},{"not_picked":["Steam","Rebound"],"picked":"Conserve Battery+1","floor":24},{"not_picked":["Scrape","Sweeping Beam"],"picked":"Coolheaded","floor":25},{"not_picked":["Gash","Cold Snap"],"picked":"ReplayTheSpireMod:Fabricate Wheel","floor":27},{"not_picked":["Panic Button","Leap"],"picked":"Turbo+1","floor":28},{"not_picked":["Gash+1","Tempest"],"picked":"Coolheaded","floor":28},{"not_picked":["Go for the Eyes+1","Force Field"],"picked":"ReplayTheSpireMod:Calculation Training","floor":29},{"not_picked":["Rip and Tear","Skim","Auto Shields"],"picked":"SKIP","floor":29},{"not_picked":["Biased Cognition","ReplayTheSpireMod:Fabricate Wheel"],"picked":"All For One","floor":33},{"not_picked":["Barrage","Auto Shields"],"picked":"Crystallizer+1","floor":35},{"not_picked":["Conserve Battery+1","Streamline+1"],"picked":"Turbo","floor":35},{"not_picked":["Turbo+1","Compile Driver+1"],"picked":"Mirror Shield","floor":39},{"not_picked":["Recycle","ReplayTheSpireMod:Repulse","Panic Button"],"picked":"SKIP","floor":39},{"not_picked":["Barrage+1","Redo+1"],"picked":"Blizzard","floor":41},{"not_picked":["Rebound+1","Turbo"],"picked":"Static Discharge","floor":45},{"not_picked":["Beam Cell","Panic Button+1","Sunder+1"],"picked":"SKIP","floor":45},{"not_picked":["Aggregate","FTL"],"picked":"Hologram+1","floor":46},{"not_picked":["Leap","Sweeping Beam+1","ReplayGash"],"picked":"SKIP","floor":46},{"not_picked":["Static Discharge","Panic Button"],"picked":"Redo+1","floor":47},{"not_picked":["Tempest","Barrage+1","Skim"],"picked":"SKIP","floor":47},{"not_picked":["Reinforced Body+1","Consume+1"],"picked":"Meteor Strike","floor":48}],"player_experience":219412,"relics_obtained":[{"floor":6,"key":"ReplayTheSpireMod:TigerMarble"},{"floor":8,"key":"Bag of Marbles"},{"floor":9,"key":"Kunai"},{"floor":23,"key":"Unceasing Top"},{"floor":26,"key":"MawBank"},{"floor":27,"key":"Replay:Mystery Machine"},{"floor":30,"key":"Replay:WaspNest"},{"floor":41,"key":"Lantern"},{"floor":43,"key":"infinitespire:PuzzleCube"}],"event_choices":[{"damage_healed":0,"gold_gain":75,"player_choice":"Gather Gold","damage_taken":11,"max_hp_gain":0,"max_hp_loss":0,"event_name":"World of Goop","floor":5,"gold_loss":0},{"cards_removed":["Strike_B"],"damage_healed":0,"gold_gain":0,"player_choice":"Offered Basic","damage_taken":0,"max_hp_gain":0,"max_hp_loss":0,"event_name":"Bonfire Elementals","floor":12,"gold_loss":0},{"damage_healed":0,"gold_gain":0,"player_choice":"Ignored","damage_taken":0,"max_hp_gain":0,"max_hp_loss":0,"event_name":"Ghosts","floor":19,"gold_loss":0},{"damage_healed":0,"gold_gain":275,"player_choice":"Desecrate","damage_taken":0,"max_hp_gain":0,"max_hp_loss":0,"event_name":"Golden Shrine","floor":20,"gold_loss":0,"cards_obtained":["Regret"]},{"damage_healed":0,"gold_gain":0,"player_choice":"Paid","damage_taken":0,"relics_obtained":["Red Mask"],"max_hp_gain":0,"max_hp_loss":0,"event_name":"Tomb of Lord Red Mask","floor":37,"gold_loss":27},{"damage_healed":0,"gold_gain":0,"player_choice":"Max HP","damage_taken":0,"max_hp_gain":0,"max_hp_loss":4,"event_name":"Winding Halls","floor":38,"gold_loss":0}],"is_beta":false,"boss_relics":[{"not_picked":["Coffee Dripper","ChewingGum"],"picked":"Fusion Hammer"},{"not_picked":["Honey Jar","Runic Dome"],"picked":"Inserter"}],"items_purged_floors":[22,31,36,44],"is_endless":false,"potions_floor_spawned":[1,8,14,16,21,24,27,29,47,48],"ascension_level":3}}