{"host":"7vidw0fny0glz923","time":1609154877,"event":{"mods":["ATMod(°¢èªMod)","Act Like it!","BaseMod","Challenge The Spire","Downfall","Friendly Minions","HololiveMod","KinomotoSakuraMod(Ä¾Ö®±¾Ó£)","Kiyohime£¨Çå¼§£©","KomeijiMod","Lobotomy","LobotomyExtend","Marisa£¨ìFÓê¡¡Ä§ÀíÉ³£©","Minty Spire (QoL Compilation)","MostiFishMod","Pale of the Ancients","READ ME - Guardian Mod","Reimu£¨²©ÀöÁéÃÎ£©","Remilia£¨ÀÙÃ×ÀòÑÇ£©","Replay The Spire","RumiaBox-Â¶Ã×æ«µÄÉñÃØºÐ×Ó","Shop Mod","StSLib","TestMod","The Cursed","The Hierophant","The Jungle","The Poker Player","The Servant 0.9.4","Yakumo Yukari mod","Youmu£¨»êÆÇÑýÃÎ£©","[µØ¾«Ê×ÁìÅÀËþ]The Maniac","¡¾ÒÅÎï¿¨ÅÆ¡¿REMEMod"],"gold_per_floor":[112,128,29,40,40,67,67,77,148,179,179,205,28,42,42,42,42,53,68,82,82,100,128,128,156,183,215,228,228,151,169,169,245,245,265,265,46,98,98,98,126,126,150,174,174,184,184,200,200,200],"floor_reached":51,"playtime":1902,"items_purged":["Strike_P","Strike_P"],"score":2623,"play_id":"163d4bc9-4d0d-453f-82ba-97069b2af1d3","local_time":"20201228112757","is_ascension_mode":true,"campfire_choices":[{"data":"Eruption","floor":11.0,"key":"SMITH"},{"data":"MostiFishMod:Disappear","floor":15.0,"key":"SMITH"},{"data":"MostiFishMod:StarWish","floor":24.0,"key":"SMITH"},{"data":"testmod-Collector","floor":29,"key":"SMITH"},{"data":"Tantrum","floor":32,"key":"SMITH"},{"data":"AT_FamilyPortrait","floor":40,"key":"SMITH"},{"data":"StarDustReverie","floor":42,"key":"SMITH"},{"floor":45,"key":"RECALL"},{"data":"Pot Of Greed","floor":49,"key":"SMITH"}],"circlet_count":0,"master_deck":["Eruption+1","StarDustReverie+1","AT_FamilyPortrait+1","testmod-Collector+1","BowlingBash","CutThroughFate","BattleHymn","MostiFishMod:Disappear+1","MostiFishMod:StarWish+1","Consecrate","Indignation","ConjureBlade","testmod-Collector+1","Tantrum+1","Pot Of Greed+1","Pot Of Greed","Pot Of Greed+1","Injury"],"relics":["PureWater","testmod-TestBox","DaveBox","REME_ComplimentaryCards","AT_ATBox","BirthdayGift-Icosahedron","RabbitCall","SynthV:TestCard","LetterFromLob","Baka2","Dead Branch","Replay:Bottled Snecko","Strawberry","CrazyTorch:ReiMu","GreenFoldingFan","Garlic","Potion Belt","Bottled Lightning","Tiny Chest","Smiling Mask","ZombieArmy","DaCapo","testmod-IndustrialRevolution","Dream Catcher","ReplayTheSpireMod:TigerMarble","Replay:Ringing Soul","Gremlin Food","Grinning Jar","Pear"],"acts_visited":["Exordium","TheCity","TheBeyond"],"potions_floor_usage":[50,51],"damage_taken":[{"damage":1.0,"enemies":"Cultist","floor":1.0,"turns":2.0},{"damage":0.0,"enemies":"2 Louse","floor":2.0,"turns":2.0},{"damage":0.0,"enemies":"Jaw Worm","floor":4.0,"turns":2.0},{"damage":0.0,"enemies":"3 Sentries","floor":6.0,"turns":1.0},{"damage":0.0,"enemies":"Looter","floor":8.0,"turns":1.0},{"damage":0.0,"enemies":"Lagavulin","floor":10.0,"turns":2.0},{"damage":0.0,"enemies":"Gremlin Nob","floor":12.0,"turns":1.0},{"damage":0.0,"enemies":"Red Slaver","floor":14.0,"turns":1.0},{"damage":0.0,"enemies":"The Guardian","floor":16.0,"turns":3.0},{"damage":11.0,"enemies":"2 Thieves","floor":18.0,"turns":2.0},{"damage":0.0,"enemies":"Chosen","floor":19.0,"turns":1.0},{"damage":6.0,"enemies":"Centurion and Healer","floor":20.0,"turns":2.0},{"damage":0.0,"enemies":"Chosen and Byrds","floor":22.0,"turns":1.0},{"damage":2.0,"enemies":"REME_1_Revenger","floor":23.0,"turns":2.0},{"damage":17.0,"enemies":"Book of Stabbing","floor":25.0,"turns":2.0},{"damage":2,"enemies":"Gremlin Leader","floor":27,"turns":2},{"damage":4,"enemies":"Shelled Parasite and Fungi","floor":28,"turns":2},{"damage":2,"enemies":"Slavers","floor":30,"turns":2},{"damage":0,"enemies":"Centurion and Healer","floor":31,"turns":1},{"damage":6,"enemies":"Pondfish","floor":33,"turns":4},{"damage":0,"enemies":"3 Darklings","floor":35,"turns":1},{"damage":2,"enemies":"R_Hoarder","floor":41,"turns":2},{"damage":2,"enemies":"Orb Walker","floor":44,"turns":2},{"damage":8,"enemies":"Sphere and 2 Shapes","floor":46,"turns":1},{"damage":7,"enemies":"4 Shapes","floor":48,"turns":1},{"damage":4,"enemies":"Time Eater","floor":50,"turns":3},{"damage":3,"enemies":"Malkuth","floor":51,"turns":3},{"damage":2,"enemies":"Netzach","floor":51,"turns":2}],"seed_played":"-502451442890809271","potions_obtained":[{"floor":2.0,"key":"hexamod:EctoCoolerPotion"},{"floor":8.0,"key":"Fire Potion"},{"floor":16.0,"key":"ZuzhouPotion:ReiMu"},{"floor":18.0,"key":"Flashbang"},{"floor":20.0,"key":"Elixir"},{"floor":30,"key":"Explosive Potion"}],"is_trial":false,"path_per_floor":["M","M","$","M","?","E","?","M","T","E","R","E","$","M","R","B",null,"M","M","M","?","M","E","R","E","T","E","M","R","E","M","R","B",null,"M","?","$","T","T","R","E","R","T","M","R","M","?","M","R","B",null],"character_chosen":"WATCHER","items_purchased":["BowlingBash","MostiFishMod:Disappear","testmod-IndustrialRevolution"],"campfire_rested":0,"item_purchase_floors":[3,13,37],"current_hp_per_floor":[61,49,49,50,50,51,75,75,75,82,82,82,82,82,82,82,82,82,82,82,82,82,82,82,82,82,82,82,82,82,82,82,82,82,82,82,82,82,82,82,82,82,85,85,85,95,95,98,98,98],"gold":200,"neow_bonus":"","is_daily":false,"chose_seed":false,"campfire_upgraded":8,"win_rate":0.0,"timestamp":1609154877,"path_taken":["M","M","$","?","?","E","?","M","T","E","R","E","?","M","R","BOSS","M","M","M","?","M","E","R","E","T","E","?","R","E","M","R","BOSS","M","?","$","?","?","R","E","R","T","M","R","?","?","M","R","BOSS"],"items_purchased_type":["Card","Card","Relic"],"build_version":"2020-12-22","purchased_purges":2,"victory":true,"max_hp_per_floor":[68,75,75,75,75,75,75,75,75,82,82,82,82,82,82,82,82,82,82,82,82,82,82,82,82,82,82,82,82,82,82,82,82,82,82,82,82,82,82,82,82,82,85,85,85,95,95,98,98,98],"card_choices":[{"not_picked":["Halt","CrushJoints","Replay:ManipulateFuture"],"picked":"SKIP","floor":1.0},{"not_picked":["Crescendo","SashWhip","MostiFishMod:Speedup","FlyingSleeves"],"picked":"AT_ChampionStep","floor":2.0},{"not_picked":["EmptyBody","Crescendo","JustLucky","Replay:Battleflow"],"picked":"CutThroughFate","floor":4.0},{"not_picked":["AT_SoftenMuscles","MostiFishMod:ScryFuture","PathToVictory","JustLucky"],"picked":"DeusExMachina","floor":6.0},{"not_picked":["Evaluate","FlurryOfBlows","Replay:BluntJabs","Meditate"],"picked":"BattleHymn","floor":8.0},{"not_picked":["JustLucky","Replay:BluntJabs","Nirvana","FlyingSleeves","Fasting2"],"picked":"SKIP","floor":10.0},{"not_picked":["ThirdEye","Replay:Battleflow","REME_MusicOfDeath","Indignation","FollowUp"],"picked":"SKIP","floor":12.0},{"not_picked":["Collect","AT_OneInchPunch","Replay:Cycle","ReachHeaven","ThirdEye"],"picked":"SKIP","floor":14.0},{"not_picked":["Ragnarok","MostiFishMod:DisColor","Judgement","Brilliance"],"picked":"MostiFishMod:StarWish","floor":16.0},{"not_picked":["Replay:AtTheReady","AT_OneInchPunch","PathToVictory","ThirdEye"],"picked":"Consecrate","floor":18.0},{"not_picked":["LikeWater","PathToVictory","ForeignInfluence","ClearTheMind","Vault"],"picked":"SKIP","floor":19.0},{"not_picked":["EmptyBody","ThirdEye","ClearTheMind","Worship","FollowUp+1"],"picked":"SKIP","floor":20.0},{"not_picked":["BowlingBash","Perseverance+1","CutThroughFate","Evaluate","REME_Repentance"],"picked":"SKIP","floor":22.0},{"not_picked":["BowlingBash","Perseverance+1","CutThroughFate","Evaluate","REME_Repentance"],"picked":"SKIP","floor":22.0},{"not_picked":["REME_Repentance","Evaluate","SashWhip","PathToVictory"],"picked":"ConjureBlade","floor":23.0},{"not_picked":["EmptyMind","FlurryOfBlows","ClearTheMind","SignatureMove","Conclude"],"picked":"SKIP","floor":25.0},{"not_picked":["MostiFishMod:OutWit","ThirdEye","Replay:AtTheReady","Prostrate","Replay:BluntJabs"],"picked":"SKIP","floor":27},{"not_picked":["MostiFishMod:OutWit","ThirdEye","Replay:AtTheReady","Prostrate","Replay:BluntJabs"],"picked":"SKIP","floor":27},{"not_picked":["Replay:AtTheReady","Prostrate","SashWhip","CutThroughFate","AT_DivineConfetti"],"picked":"SKIP","floor":28},{"not_picked":["ClearTheMind+1","FearNoEvil","FlyingSleeves","Crescendo+1","Sanctity"],"picked":"SKIP","floor":30},{"not_picked":["Halt","Collect","REME_Repentance","Replay:BluntJabs"],"picked":"Tantrum","floor":31},{"not_picked":["Replay:Hum","SashWhip","JustLucky","EmptyBody","Replay:BluntJabs"],"picked":"SKIP","floor":35},{"not_picked":["FlurryOfBlows","WaveOfTheHand","ClearTheMind","CutThroughFate","CrushJoints+1"],"picked":"SKIP","floor":41},{"not_picked":["EmptyFist","ReachHeaven","FollowUp","BowlingBash+1","Halt"],"picked":"SKIP","floor":44},{"not_picked":["Replay:ManipulateFuture","FlyingSleeves","FollowUp","REME_Repentance+1","PathToVictory"],"picked":"SKIP","floor":46},{"not_picked":["MentalFortress","DeceiveReality","Replay:Battleflow","SignatureMove","Crescendo"],"picked":"SKIP","floor":48}],"player_experience":899566,"relics_obtained":[{"floor":1.0,"key":"SynthV:TestCard"},{"floor":1.0,"key":"Baka"},{"floor":1.0,"key":"LetterFromLob"},{"floor":2.0,"key":"Baka2"},{"floor":6.0,"key":"Dead Branch"},{"floor":9.0,"key":"Replay:Bottled Snecko"},{"floor":10.0,"key":"Strawberry"},{"floor":12.0,"key":"CrazyTorch:ReiMu"},{"floor":21.0,"key":"Garlic"},{"floor":23.0,"key":"Potion Belt"},{"floor":25.0,"key":"Bottled Lightning"},{"floor":27,"key":"Tiny Chest"},{"floor":27,"key":"Smiling Mask"},{"floor":30,"key":"ZombieArmy"},{"floor":33,"key":"DaCapo"},{"floor":38,"key":"Dream Catcher"},{"floor":39,"key":"ReplayTheSpireMod:TigerMarble"},{"floor":41,"key":"Replay:Ringing Soul"},{"floor":41,"key":"Gremlin Food"},{"floor":43,"key":"Grinning Jar"},{"floor":46,"key":"Pear"}],"event_choices":[{"damage_healed":0.0,"max_hp_gain":0.0,"max_hp_loss":0.0,"gold_gain":0.0,"event_name":"Wheel of Change","player_choice":"Relic","floor":21.0,"gold_loss":0.0,"damage_taken":0.0},{"damage_healed":0,"gold_gain":0,"player_choice":"Ignored","damage_taken":0,"max_hp_gain":0,"max_hp_loss":0,"event_name":"SecretPortal","floor":36,"gold_loss":0},{"damage_healed":0,"gold_gain":0,"player_choice":"Memory 1","damage_taken":0,"max_hp_gain":0,"max_hp_loss":0,"event_name":"SensoryStone","floor":47,"gold_loss":0}],"is_beta":false,"boss_relics":[{"not_picked":["testmod-Prudence","Replay:Drink Me"],"picked":"GreenFoldingFan"},{"not_picked":["Painkiller Herb","REME_DemonsWealth","Velvet Choker"]}],"items_purged_floors":[3,37],"is_endless":false,"potions_floor_spawned":[2,8,12,14,16,18,20,27,30,31,35,46],"ascension_level":17}}