{"host":"1a32ffxog1zcqoh0","time":1609182422,"event":{"mods":["BaseMod","Block Reminder","Colored Map","Colored Powertips","Googly Eyes","Minty Spire (QoL Compilation)","Quick Restart","Rare Cards Sparkle","Relic Stats","StSLib","Unceasing Turn Reminder","everything is the same but u backflip on backflip","slay the spire mod where everything is the same but ironclad has a cowboy hat"],"gold_per_floor":[115,115,128,203,220,220,255,205,205,232,10,22,22,55,55,155,155,171,171,171,196,196,196,209,235,235,265,282,296,321,236,236,335,335,353,353,109,109,7,37,49,92,104,136,148,189,201,232,244,256],"floor_reached":51,"playtime":3018,"items_purged":[],"score":1109,"play_id":"15e2bbdd-7ece-420f-af43-4a524fc4f235","local_time":"20201228140702","is_ascension_mode":true,"campfire_choices":[{"data":"Tactician","floor":6.0,"key":"SMITH"},{"floor":15.0,"key":"REST"},{"data":"Tactician","floor":23.0,"key":"SMITH"},{"floor":32.0,"key":"REST"},{"data":"Tactician","floor":41.0,"key":"SMITH"},{"floor":47,"key":"REST"},{"floor":49,"key":"REST"}],"circlet_count":0,"master_deck":["Strike_G+1","Strike_G+1","Strike_G+1","Defend_G+1","Defend_G+1","Defend_G+1","Defend_G+1","Survivor","Neutralize","Tactician+1","Dagger Throw+1","Eviscerate","Dagger Throw","Underhanded Strike","Endless Agony","Dagger Throw","Prepared","After Image","Terror+1","Tactician+1","Acrobatics+1","Poisoned Stab","Escape Plan+1","Tactician+1","Underhanded Strike","Underhanded Strike","Underhanded Strike","Eviscerate+1","Bullet Time","Leg Sweep+1","Flying Knee+1","Storm of Steel+1","Eviscerate+1","Secret Weapon","Blade Dance","Dagger Throw","Acrobatics","Dagger Throw+1","Dodge and Roll","Underhanded Strike+1","Writhe","Flying Knee","Blade Dance+1","Parasite","Reflex+1","Acrobatics+1"],"relics":["Ring of the Serpent","NeowsBlessing","Shuriken","Question Card","Pantograph","Sling","Oddly Smooth Stone","Red Mask","Bronze Scales","Dream Catcher","Kunai","Pen Nib","Toy Ornithopter","Astrolabe","Nunchaku","MawBank","Pear","Whetstone","Bag of Marbles"],"acts_visited":["Exordium","TheCity","TheBeyond"],"potions_floor_usage":[],"damage_taken":[{"damage":0.0,"enemies":"2 Louse","floor":1.0,"turns":1.0},{"damage":0.0,"enemies":"Cultist","floor":3.0,"turns":1.0},{"damage":0.0,"enemies":"Jaw Worm","floor":5.0,"turns":1.0},{"damage":19.0,"enemies":"3 Sentries","floor":7.0,"turns":10.0},{"damage":12.0,"enemies":"Gremlin Nob","floor":10.0,"turns":3.0},{"damage":12.0,"enemies":"Exordium Wildlife","floor":12.0,"turns":4.0},{"damage":5.0,"enemies":"3 Sentries","floor":14.0,"turns":3.0},{"damage":6.0,"enemies":"Hexaghost","floor":16.0,"turns":7.0},{"damage":0.0,"enemies":"Chosen","floor":18.0,"turns":4.0},{"damage":6.0,"enemies":"Masked Bandits","floor":21.0,"turns":4.0},{"damage":11.0,"enemies":"Spheric Guardian","floor":24.0,"turns":4.0},{"damage":6.0,"enemies":"Slavers","floor":25.0,"turns":4.0},{"damage":22.0,"enemies":"Book of Stabbing","floor":27.0,"turns":4.0},{"damage":0.0,"enemies":"Chosen and Byrds","floor":28.0,"turns":3.0},{"damage":2.0,"enemies":"Centurion and Healer","floor":29.0,"turns":3.0},{"damage":0.0,"enemies":"Slavers","floor":30.0,"turns":3.0},{"damage":14.0,"enemies":"Champ","floor":33.0,"turns":8.0},{"damage":3.0,"enemies":"Orb Walker","floor":35.0,"turns":2.0},{"damage":0.0,"enemies":"Giant Head","floor":40.0,"turns":4.0},{"damage":56.0,"enemies":"Nemesis","floor":42.0,"turns":3.0},{"damage":11.0,"enemies":"3 Darklings","floor":44.0,"turns":5.0},{"damage":18,"enemies":"Reptomancer","floor":46,"turns":4},{"damage":14,"enemies":"Writhing Mass","floor":48,"turns":3},{"damage":66,"enemies":"Awakened One","floor":50,"turns":8}],"seed_played":"6343091693229992421","potions_obtained":[{"floor":1.0,"key":"DistilledChaos"},{"floor":2.0,"key":"Regen Potion"},{"floor":2.0,"key":"GhostInAJar"},{"floor":2.0,"key":"SkillPotion"},{"floor":14.0,"key":"Explosive Potion"},{"floor":18.0,"key":"Weak Potion"},{"floor":24.0,"key":"BlessingOfTheForge"},{"floor":28.0,"key":"Ancient Potion"},{"floor":35.0,"key":"CultistPotion"},{"floor":46,"key":"FairyPotion"}],"is_trial":false,"path_per_floor":["M","?","M","?","M","R","E","?","T","E","$","M","$","E","R","B",null,"M","?","?","?","?","R","M","E","T","E","M","M","E","?","R","B",null,"M","?","$","T","$","E","R","E","T","M","?","E","R","M","R","B",null],"character_chosen":"THE_SILENT","items_purchased":["Endless Agony","Sling","Secret Weapon","Blade Dance","Dagger Throw","Acrobatics"],"campfire_rested":4,"item_purchase_floors":[11,11,37,37,39,39],"current_hp_per_floor":[70,70,70,59,59,59,55,55,55,43,43,31,31,26,47,64,69,69,69,69,63,63,63,52,46,46,24,24,22,22,22,43,54,66,63,63,63,63,63,63,63,22,22,11,31,13,37,23,47,6],"gold":268,"neow_bonus":"THREE_ENEMY_KILL","is_daily":false,"chose_seed":false,"campfire_upgraded":3,"win_rate":0.0,"timestamp":1609182422,"path_taken":["M","?","?","?","M","R","E","?","T","E","$","?","$","E","R","BOSS","M","?","?","?","?","R","?","E","T","E","M","M","E","?","R","BOSS","M","?","$","?","$","E","R","E","T","M","?","E","R","M","R","BOSS"],"items_purchased_type":["Card","Relic","Card","Card","Card","Card"],"build_version":"2020-12-22","purchased_purges":0,"victory":true,"max_hp_per_floor":[70,70,70,70,70,70,70,70,70,70,70,70,70,70,70,70,70,70,70,70,70,70,70,70,70,70,70,70,70,70,70,70,70,70,70,70,70,70,70,70,70,80,80,80,80,80,80,80,80,80],"relic_stats":{"counters":[24,96],"Astrolabe":["Leg Sweep","Flying Knee","Storm of Steel"],"Pen Nib":[14],"Whetstone":["Dagger Throw","Dagger Throw"],"Question Card":22,"MawBank":132,"Dream Catcher":3,"Nunchaku":[10],"Shuriken":[65],"Pantograph":73,"Bronze Scales":[151],"Kunai":[40],"obtain_stats":[{"Pear":42,"NeowsBlessing":0,"Astrolabe":34,"Oddly Smooth Stone":14,"Pen Nib":30,"Whetstone":43,"Question Card":9,"Sling":11,"MawBank":40,"Dream Catcher":26,"Nunchaku":38,"Shuriken":7,"Pantograph":10,"Bronze Scales":25,"Red Mask":21,"Bag of Marbles":46,"Kunai":27,"Ring of the Serpent":17,"Toy Ornithopter":31,"Ring of the Snake":0},{"Pear":20,"NeowsBlessing":0,"Astrolabe":17,"Oddly Smooth Stone":7,"Pen Nib":16,"Whetstone":20,"Question Card":4,"Sling":5,"MawBank":19,"Dream Catcher":12,"Nunchaku":18,"Shuriken":4,"Pantograph":5,"Bronze Scales":12,"Red Mask":10,"Bag of Marbles":22,"Kunai":13,"Ring of the Serpent":8,"Toy Ornithopter":16,"Ring of the Snake":0},{"Pear":76,"NeowsBlessing":0,"Astrolabe":67,"Oddly Smooth Stone":23,"Pen Nib":59,"Whetstone":76,"Question Card":13,"Sling":16,"MawBank":73,"Dream Catcher":46,"Nunchaku":69,"Shuriken":13,"Pantograph":16,"Bronze Scales":46,"Red Mask":38,"Bag of Marbles":85,"Kunai":50,"Ring of the Serpent":30,"Toy Ornithopter":59,"Ring of the Snake":0}],"Toy Ornithopter":5},"card_choices":[{"not_picked":["Slice","Quick Slash"],"picked":"Tactician","floor":1.0},{"not_picked":["Slice","Footwork"],"picked":"Dagger Throw","floor":3.0},{"not_picked":["Bane","Concentrate"],"picked":"Eviscerate","floor":5.0},{"not_picked":["Cloak And Dagger","Leg Sweep"],"picked":"Dagger Throw","floor":7.0},{"not_picked":["Deadly Poison","Dagger Spray","Deflect"],"picked":"Underhanded Strike","floor":10.0},{"not_picked":["Blade Dance","Flechettes","Backflip"],"picked":"Dagger Throw","floor":12.0},{"not_picked":["Sucker Punch","Die Die Die","Flying Knee"],"picked":"Prepared","floor":14.0},{"not_picked":["Storm of Steel","Unload","A Thousand Cuts"],"picked":"After Image","floor":16.0},{"not_picked":["Sucker Punch","Dodge and Roll","Slice"],"picked":"Terror+1","floor":18.0},{"not_picked":["Expertise","Sucker Punch+1","Deadly Poison"],"picked":"Acrobatics+1","floor":21.0},{"not_picked":["Choke+1","Dash","Poisoned Stab"],"picked":"Escape Plan+1","floor":24.0},{"not_picked":["Concentrate","Prepared","Outmaneuver+1"],"picked":"Tactician","floor":25.0},{"not_picked":["Deflect","Well Laid Plans+1","Crippling Poison"],"picked":"Underhanded Strike","floor":27.0},{"not_picked":["Expertise","Phantasmal Killer","Poisoned Stab"],"picked":"Caltrops","floor":28.0},{"not_picked":["Dagger Spray+1","Sucker Punch","Deadly Poison"],"picked":"Underhanded Strike","floor":29.0},{"not_picked":["Sucker Punch","Acrobatics","Predator"],"picked":"Underhanded Strike","floor":30.0},{"not_picked":["Dagger Spray+1","Sucker Punch","Expertise+1"],"picked":"Eviscerate+1","floor":32.0},{"not_picked":["Doppelganger","Phantasmal Killer","Wraith Form v2"],"picked":"Bullet Time","floor":33.0},{"not_picked":["Backflip+1","Acrobatics+1","Deflect+1"],"picked":"Eviscerate+1","floor":35.0},{"not_picked":["Masterful Stab","Prepared+1","Poisoned Stab"],"picked":"Dagger Throw","floor":40.0},{"not_picked":["Storm of Steel","Deadly Poison","Malaise"],"picked":"Dodge and Roll","floor":42.0},{"not_picked":["Bouncing Flask+1","Predator+1","Dagger Spray"],"picked":"Underhanded Strike+1","floor":44.0},{"not_picked":["Poisoned Stab","Blur+1","PiercingWail+1"],"picked":"Flying Knee","floor":46},{"not_picked":["PiercingWail","Deadly Poison+1","Flying Knee"],"picked":"Blade Dance+1","floor":47},{"not_picked":["Blur+1","Skewer+1","Die Die Die"],"picked":"Reflex+1","floor":48},{"not_picked":["Backflip","Heel Hook","Slice"],"picked":"Acrobatics+1","floor":49}],"player_experience":267101,"relics_obtained":[{"floor":7.0,"key":"Shuriken"},{"floor":9.0,"key":"Question Card"},{"floor":10.0,"key":"Pantograph"},{"floor":14.0,"key":"Oddly Smooth Stone"},{"floor":21.0,"key":"Red Mask"},{"floor":25.0,"key":"Bronze Scales"},{"floor":26.0,"key":"Dream Catcher"},{"floor":27.0,"key":"Kunai"},{"floor":30.0,"key":"Pen Nib"},{"floor":38.0,"key":"Nunchaku"},{"floor":40.0,"key":"MawBank"},{"floor":42.0,"key":"Pear"},{"floor":43.0,"key":"Whetstone"},{"floor":46,"key":"Bag of Marbles"}],"event_choices":[{"damage_healed":0.0,"max_hp_gain":0.0,"max_hp_loss":0.0,"gold_gain":0.0,"event_name":"Lab","player_choice":"Got Potions","floor":2.0,"gold_loss":0.0,"damage_taken":0.0},{"damage_healed":0.0,"max_hp_gain":0.0,"max_hp_loss":0.0,"gold_gain":75.0,"event_name":"World of Goop","player_choice":"Gather Gold","floor":4.0,"gold_loss":0.0,"damage_taken":11.0},{"cards_removed":["Strike_G"],"damage_healed":0.0,"max_hp_gain":0.0,"max_hp_loss":0.0,"gold_gain":0.0,"event_name":"The Cleric","player_choice":"Card Removal","floor":8.0,"gold_loss":50.0,"damage_taken":0.0},{"damage_healed":0.0,"max_hp_gain":0.0,"max_hp_loss":0.0,"gold_gain":0.0,"event_name":"Back to Basics","player_choice":"Simplicity","floor":19.0,"gold_loss":0.0,"damage_taken":0.0,"cards_upgraded":["Strike_G","Strike_G","Strike_G","Strike_G","Defend_G","Defend_G","Defend_G","Defend_G","Defend_G"]},{"damage_healed":0.0,"max_hp_gain":0.0,"max_hp_loss":0.0,"gold_gain":0.0,"event_name":"The Library","player_choice":"Read","floor":20.0,"gold_loss":0.0,"damage_taken":0.0,"cards_obtained":["Tactician"]},{"damage_healed":0.0,"max_hp_gain":0.0,"max_hp_loss":0.0,"gold_gain":0.0,"event_name":"Masked Bandits","player_choice":"Fought Bandits","floor":21.0,"gold_loss":0.0,"damage_taken":0.0},{"damage_healed":0.0,"max_hp_gain":0.0,"max_hp_loss":0.0,"gold_gain":0.0,"event_name":"Match and Keep!","player_choice":"1 cards matched","floor":22.0,"gold_loss":0.0,"damage_taken":0.0,"cards_obtained":["Poisoned Stab"]},{"damage_healed":0.0,"max_hp_gain":0.0,"max_hp_loss":0.0,"gold_gain":0.0,"event_name":"Addict","player_choice":"Obtained Relic","floor":31.0,"gold_loss":85.0,"damage_taken":0.0,"relics_obtained":["Toy Ornithopter"]},{"damage_healed":0.0,"max_hp_gain":0.0,"max_hp_loss":0.0,"gold_gain":0.0,"event_name":"Transmorgrifier","player_choice":"Ignored","floor":36.0,"gold_loss":0.0,"damage_taken":0.0},{"damage_healed":20.0,"max_hp_gain":0.0,"max_hp_loss":0.0,"gold_gain":0.0,"event_name":"Winding Halls","player_choice":"Writhe","floor":45.0,"gold_loss":0.0,"damage_taken":0.0,"cards_obtained":["Writhe"]}],"is_beta":false,"boss_relics":[{"not_picked":["Tiny House","Fusion Hammer"],"picked":"Ring of the Serpent"},{"not_picked":["Runic Pyramid","Pandora\u0027s Box"],"picked":"Astrolabe"}],"items_purged_floors":[],"is_endless":false,"potions_floor_spawned":[1,3,5,14,18,24,28,35,46],"ascension_level":5}}