{"host":"9gczkbtdkbhjojey","time":1609171525,"event":{"mods":["BaseMod","Colored Map","Minty Spire (QoL Compilation)","Quick Restart","StSLib","[功能]功能增强和修复MOD"],"gold_per_floor":[117,117,97,110,190,216,206,224,224,224,209,242,255,264,264,363,372,384,388,303,317,317,317,326,326,326,359,359,388,401,401,401,512,512,523,535,535,535,635,662,662,682,682,693,743,752,784,802,802,802,802,802,802,830,830],"floor_reached":56,"playtime":2113,"items_purged":["Defend_R","Strike_R","Defend_R","Strike_R","Defend_R","Strike_R","Strike_R","Strike_R","Defend_R","Metallicize"],"score":1501,"play_id":"c6ee9fd4-bd48-452c-afb1-e72b215d8947","local_time":"20201229000525","is_ascension_mode":true,"campfire_choices":[{"data":"Heavy Blade","floor":10.0,"key":"SMITH"},{"floor":15.0,"key":"RECALL"},{"data":"Flex","floor":23.0,"key":"SMITH"},{"data":"Flex","floor":25.0,"key":"SMITH"},{"data":"Heavy Blade","floor":32.0,"key":"SMITH"},{"data":"Bash","floor":41,"key":"SMITH"},{"data":"1","floor":49,"key":"LIFT"},{"data":"2","floor":52,"key":"LIFT"}],"circlet_count":0,"master_deck":["Bash+1","Shrug It Off","Shrug It Off","Feed","Heavy Blade+1","Rupture+1","Shrug It Off","Cleave","Heavy Blade+1","CurseOfTheBell","Metallicize+1","Flex+1","Demon Form+1","Fire Breathing+1"],"relics":["Burning Blood","NeowsBlessing","TungstenRod","Girya","ClockworkSouvenir","Champion Belt","Gremlin Horn","Frozen Egg 2","Medical Kit","Du-Vu Doll","CeramicFish","Eternal Feather","OrangePellets","Blood Vial","Singing Bowl","Oddly Smooth Stone","Orrery","Calling Bell","Art of War","Paper Frog","FossilizedHelix","Anchor","Boot","TheAbacus","Pantograph","Nunchaku","InkBottle","Brimstone","Self Forming Clay","Bag of Marbles","Nilry\u0027s Codex","CaptainsWheel","Matryoshka","Bottled Tornado","Frozen Eye","Philosopher\u0027s Stone","HornCleat","Letter Opener","Toxic Egg 2","Thread and Needle","Sling","Darkstone Periapt","Ancient Tea Set","Smiling Mask","Pear","StrikeDummy","Membership Card","Pocketwatch"],"acts_visited":["Exordium","TheCity","TheBeyond","TheEnding"],"potions_floor_usage":[44,55,55,55,55,55],"damage_taken":[{"damage":0.0,"enemies":"Jaw Worm","floor":1.0,"turns":1.0},{"damage":0.0,"enemies":"Cultist","floor":4.0,"turns":1.0},{"damage":0.0,"enemies":"Lagavulin","floor":6.0,"turns":1.0},{"damage":0.0,"enemies":"Small Slimes","floor":8.0,"turns":4.0},{"damage":14.0,"enemies":"Gremlin Nob","floor":12.0,"turns":4.0},{"damage":0.0,"enemies":"2 Fungi Beasts","floor":13.0,"turns":2.0},{"damage":57.0,"enemies":"Hexaghost","floor":16.0,"turns":10.0},{"damage":6.0,"enemies":"Shell Parasite","floor":18.0,"turns":5.0},{"damage":4.0,"enemies":"3 Byrds","floor":21.0,"turns":5.0},{"damage":30.0,"enemies":"Gremlin Leader","floor":27.0,"turns":4.0},{"damage":14.0,"enemies":"Book of Stabbing","floor":29.0,"turns":3.0},{"damage":10.0,"enemies":"Shelled Parasite and Fungi","floor":30.0,"turns":3.0},{"damage":0.0,"enemies":"Champ","floor":33.0,"turns":5.0},{"damage":0,"enemies":"Orb Walker","floor":35,"turns":1},{"damage":0,"enemies":"3 Shapes","floor":36,"turns":2},{"damage":31,"enemies":"Reptomancer","floor":40,"turns":3},{"damage":11,"enemies":"Jaw Worm Horde","floor":42,"turns":3},{"damage":0,"enemies":"4 Shapes","floor":44,"turns":3},{"damage":0,"enemies":"2 Orb Walkers","floor":45,"turns":3},{"damage":0,"enemies":"Nemesis","floor":47,"turns":3},{"damage":0,"enemies":"Maw","floor":48,"turns":5},{"damage":77,"enemies":"Donu and Deca","floor":50,"turns":7},{"damage":44,"enemies":"Shield and Spear","floor":54,"turns":4},{"damage":83,"enemies":"The Heart","floor":55,"turns":6}],"seed_played":"767295082987501979","potions_obtained":[{"floor":8.0,"key":"Dexterity Potion"},{"floor":44,"key":"Fruit Juice"},{"floor":44,"key":"Fire Potion"},{"floor":47,"key":"CultistPotion"}],"is_trial":false,"path_per_floor":["M","?","$","M","T","E","$","M","T","R","$","E","M","$","R","B",null,"M","$","?","M","$","R","?","R","T","E","?","E","M","$","R","B",null,"M","M","?","?","?","E","R","M","T","M","?","$","E","M","R","B",null,"R","$","E","B",null],"character_chosen":"IRONCLAD","items_purchased":["Shrug It Off","TungstenRod","Girya","ClockworkSouvenir","EntropicBrew","FairyPotion","DistilledChaos","Feed","Metallicize","Gremlin Horn","Frozen Egg 2","Medical Kit","Rupture+1","Shrug It Off","CeramicFish","Eternal Feather","OrangePellets","Singing Bowl","Oddly Smooth Stone","Orrery","Anchor","Boot","TheAbacus","Metallicize+1","Nunchaku","InkBottle","Brimstone","Matryoshka","Bottled Tornado","Frozen Eye","Fire Breathing+1","Sling","Darkstone Periapt","Ancient Tea Set","Pear","StrikeDummy","Membership Card"],"campfire_rested":0,"item_purchase_floors":[3,3,3,3,3,3,3,3,3,7,7,7,7,7,11,11,11,14,14,14,19,19,19,19,22,22,22,31,31,31,46,46,46,46,53,53,53],"current_hp_per_floor":[80,80,80,80,80,83,83,86,86,86,86,78,89,97,97,48,99,101,101,101,106,106,106,106,106,106,84,72,68,68,68,74,107,112,114,119,113,113,113,90,96,95,95,110,120,120,128,130,130,62,133,133,143,107,57],"gold":830,"neow_bonus":"THREE_ENEMY_KILL","is_daily":false,"chose_seed":false,"campfire_upgraded":5,"win_rate":0.0,"timestamp":1609171525,"path_taken":["M","?","$","M","?","E","$","M","T","R","$","E","?","$","R","BOSS","M","$","?","M","$","R","?","R","T","E","?","E","M","$","R","BOSS","M","M","?","?","?","E","R","M","T","?","?","$","E","M","R","BOSS","R","$","E","BOSS"],"items_purchased_type":["Card","Relic","Relic","Relic","Potion","Potion","Potion","Card","Card","Relic","Relic","Relic","Card","Card","Relic","Relic","Relic","Relic","Relic","Relic","Relic","Relic","Relic","Card","Relic","Relic","Relic","Relic","Relic","Relic","Card","Relic","Relic","Relic","Relic","Relic","Relic"],"build_version":"2020-12-22","purchased_purges":10,"victory":true,"max_hp_per_floor":[80,80,80,80,80,83,83,86,86,86,86,86,89,97,97,99,99,101,101,101,106,106,106,106,106,106,108,108,110,112,112,112,112,112,114,119,113,113,113,115,115,117,117,124,126,126,128,130,130,133,133,133,143,145,145],"card_choices":[{"not_picked":["Flex","Wild Strike"],"picked":"Shrug It Off","floor":1.0},{"not_picked":["Armaments","Havoc"],"picked":"Heavy Blade","floor":4.0},{"not_picked":["Juggernaut","Shrug It Off"],"picked":"Flex","floor":6.0},{"not_picked":["Pommel Strike","Twin Strike"],"picked":"Cleave","floor":8.0},{"not_picked":["Iron Wave","Clash","Blood for Blood"],"picked":"SKIP","floor":12.0},{"not_picked":["Clash","Armaments","Second Wind"],"picked":"SKIP","floor":13.0},{"not_picked":["Uppercut","Clothesline"],"picked":"Heavy Blade","floor":14.0},{"not_picked":["Feed","Body Slam","Carnage"],"picked":"Singing Bowl","floor":14.0},{"not_picked":["Pommel Strike","Perfected Strike","Spot Weakness"],"picked":"Singing Bowl","floor":14.0},{"not_picked":["Combust+1","Shrug It Off","Havoc"],"picked":"Singing Bowl","floor":14.0},{"not_picked":["Sever Soul","Shockwave","Pommel Strike"],"picked":"Singing Bowl","floor":14.0},{"not_picked":["Exhume","Immolate","Impervious"],"picked":"Singing Bowl","floor":16.0},{"not_picked":["Dark Embrace+1","Iron Wave","Sword Boomerang"],"picked":"Singing Bowl","floor":18.0},{"not_picked":["Sentinel","Iron Wave+1","True Grit"],"picked":"Singing Bowl","floor":21.0},{"not_picked":["Anger","Clothesline","Warcry+1"],"picked":"Singing Bowl","floor":27.0},{"not_picked":["Thunderclap","Fire Breathing+1","Twin Strike"],"picked":"Singing Bowl","floor":29.0},{"not_picked":["Armaments","Thunderclap","Bludgeon"],"picked":"Singing Bowl","floor":30.0},{"not_picked":["Juggernaut+1","Feed"],"picked":"Demon Form+1","floor":33.0},{"not_picked":["Wild Strike","Shrug It Off","Flex+1"],"picked":"Singing Bowl","floor":35},{"not_picked":["Metallicize+1","Blood for Blood+1","Clothesline"],"picked":"Singing Bowl","floor":36},{"not_picked":["Wild Strike+1","Dark Embrace+1","Sword Boomerang"],"picked":"Singing Bowl","floor":40},{"not_picked":["Sword Boomerang","Clothesline+1","Exhume"],"picked":"Singing Bowl","floor":42},{"not_picked":["Twin Strike+1","Headbutt+1","Cleave+1"],"picked":"Singing Bowl","floor":44},{"not_picked":["Heavy Blade","Infernal Blade+1","Iron Wave"],"picked":"Singing Bowl","floor":45},{"not_picked":["Sentinel+1","Berserk+1","Metallicize+1"],"picked":"Singing Bowl","floor":47},{"not_picked":["Burning Pact+1","Whirlwind","Twin Strike+1"],"picked":"Singing Bowl","floor":48},{"not_picked":["Intimidate+1","Flex+1","Shrug It Off+1"],"picked":"Singing Bowl","floor":54}],"player_experience":107697,"relics_obtained":[{"floor":6.0,"key":"Champion Belt"},{"floor":9.0,"key":"Du-Vu Doll"},{"floor":12.0,"key":"Blood Vial"},{"floor":17.0,"key":"Art of War"},{"floor":17.0,"key":"Paper Frog"},{"floor":17.0,"key":"FossilizedHelix"},{"floor":26.0,"key":"Self Forming Clay"},{"floor":27.0,"key":"Bag of Marbles"},{"floor":28.0,"key":"Nilry\u0027s Codex"},{"floor":29.0,"key":"CaptainsWheel"},{"floor":40,"key":"HornCleat"},{"floor":43,"key":"Letter Opener"},{"floor":43,"key":"Toxic Egg 2"},{"floor":45,"key":"Thread and Needle"},{"floor":47,"key":"Smiling Mask"},{"floor":54,"key":"Pocketwatch"}],"event_choices":[{"damage_healed":0.0,"max_hp_gain":0.0,"max_hp_loss":0.0,"gold_gain":0.0,"event_name":"Golden Wing","player_choice":"Ignored","floor":2.0,"gold_loss":0.0,"damage_taken":0.0},{"damage_healed":0.0,"max_hp_gain":0.0,"max_hp_loss":0.0,"gold_gain":0.0,"event_name":"Addict","player_choice":"Obtained Relic","floor":20.0,"gold_loss":85.0,"damage_taken":0.0,"relics_obtained":["Pantograph"]},{"damage_healed":0.0,"max_hp_gain":0.0,"max_hp_loss":0.0,"gold_gain":0.0,"event_name":"The Library","player_choice":"Read","floor":24.0,"gold_loss":0.0,"damage_taken":0.0,"cards_obtained":["Flex"]},{"damage_healed":0.0,"max_hp_gain":0.0,"max_hp_loss":0.0,"gold_gain":0.0,"event_name":"Cursed Tome","player_choice":"Obtained Book","floor":28.0,"gold_loss":0.0,"damage_taken":16.0},{"damage_healed":0,"gold_gain":0,"player_choice":"Max HP","damage_taken":0,"max_hp_gain":0,"max_hp_loss":6,"event_name":"Winding Halls","floor":37,"gold_loss":0},{"cards_removed":["Flex"],"damage_healed":0,"gold_gain":0,"player_choice":"Removed Skill","damage_taken":0,"max_hp_gain":0,"max_hp_loss":0,"event_name":"Falling","floor":38,"gold_loss":0},{"damage_healed":0,"gold_gain":100,"player_choice":"Pray","damage_taken":0,"max_hp_gain":0,"max_hp_loss":0,"event_name":"Golden Shrine","floor":39,"gold_loss":0},{"damage_healed":0,"gold_gain":0,"player_choice":"Fight","damage_taken":0,"max_hp_gain":0,"max_hp_loss":0,"event_name":"Mysterious Sphere","floor":45,"gold_loss":0}],"is_beta":false,"boss_relics":[{"not_picked":["Snecko Eye","Fusion Hammer"],"picked":"Calling Bell"},{"not_picked":["Runic Cube","Runic Dome"],"picked":"Philosopher\u0027s Stone"}],"items_purged_floors":[3,3,3,3,7,7,11,11,11,19],"is_endless":false,"potions_floor_spawned":[4,6,6,8,8,12,13,13,16,18,18,21,21,27,29,29,30,30,33,36,36,36,40,40,42,44,44,45,47,48,54,54],"ascension_level":1}}