{"host":"gkh5j5k5w4qf7k7n","time":1609163479,"event":{"mods":["2.2 Compatiblity","AchievementEnabler","BaseMod","Colored Map","Colored Powertips","GifTheSpireLib","Keyboard Shortcuts","Minty Spire (QoL Compilation)","Quick Restart","StSLib","SuperFastMode","The Construct","The Problem Sleuth","¡¼?Úª?ø«¡½REMEMod"],"gold_per_floor":[115,40,40,40,52,52,87,37,113,113,167,167,186,200,200,310,310,340,361,361,376,301,216,308,320,332,376,388,204,204,271,271,371,371,415,415,435,216,216,216,343,343,343,388,171,192,192,205,205,211,211,211,6,45,66],"floor_reached":56,"playtime":3595,"items_purged":["theSleuth:Strike","theSleuth:Defend","theSleuth:Strike+1","theSleuth:BenStillerBust","theSleuth:FudgeDeck"],"score":1822,"play_id":"0fe8a161-4fe4-455d-b6b8-c642fda5c23a","local_time":"20201228225119","is_ascension_mode":true,"campfire_choices":[{"data":"Apotheosis","floor":6.0,"key":"SMITH"},{"floor":15.0,"key":"REST"},{"data":"theSleuth:TakeInventory","floor":28.0,"key":"SMITH"},{"floor":30.0,"key":"REST"},{"data":"theSleuth:FudgeDeck","floor":32.0,"key":"SMITH"},{"floor":40.0,"key":"RECALL"},{"floor":47.0,"key":"REST"},{"floor":49.0,"key":"REST"},{"data":"Secret Technique","floor":52,"key":"SMITH"}],"circlet_count":0,"master_deck":["AscendersBane","theSleuth:Defend","theSleuth:Defend","theSleuth:KeyHandgun","theSleuth:TakeInventory+1","theSleuth:Diplomacy+1","Apotheosis+1","theSleuth:SnoopDoggBust+1","theSleuth:TootsieRollFrankenstein","Good Instincts","theSleuth:FudgeDeck+1","theSleuth:Distill","theSleuth:FudgeDeck","Flash of Steel","Madness","Madness","REME_ShortnessOfBreath+1","REME_MagicPocketWatch","Secret Technique+1","theSleuth:KingpinBust","REME_MagicPocketWatch","theSleuth:Ogle+1"],"relics":["Du-Vu Doll","REME_ArchaeologicalTools","Smiling Mask","Odd Mushroom","theSleuth:MegatonKey","MawBank","REME_IWantAll","Bronze Scales","Nunchaku","ClockworkSouvenir","Potion Belt","REME_ChargedStone","Bottled Flame","HornCleat","Ornamental Fan","War Paint","Art of War"],"acts_visited":["Exordium","TheCity","TheBeyond","TheEnding"],"potions_floor_usage":[50,50,54,55,55,55],"damage_taken":[{"damage":3.0,"enemies":"Small Slimes","floor":1.0,"turns":3.0},{"damage":1.0,"enemies":"Jaw Worm","floor":5.0,"turns":4.0},{"damage":14.0,"enemies":"Lagavulin","floor":7.0,"turns":7.0},{"damage":0.0,"enemies":"The Mushroom Lair","floor":11.0,"turns":4.0},{"damage":2.0,"enemies":"2 Louse","floor":13.0,"turns":2.0},{"damage":0.0,"enemies":"Blue Slaver","floor":14.0,"turns":4.0},{"damage":8.0,"enemies":"Slime Boss","floor":16.0,"turns":11.0},{"damage":0.0,"enemies":"Chosen","floor":18.0,"turns":5.0},{"damage":5.0,"enemies":"3 Byrds","floor":19.0,"turns":5.0},{"damage":12.0,"enemies":"Centurion and Healer","floor":21.0,"turns":6.0},{"damage":16.0,"enemies":"Slavers","floor":24.0,"turns":9.0},{"damage":11.0,"enemies":"Gremlin Leader","floor":27.0,"turns":7.0},{"damage":10.0,"enemies":"REME_1_Revenger","floor":31.0,"turns":7.0},{"damage":23.0,"enemies":"Collector","floor":33.0,"turns":9.0},{"damage":2.0,"enemies":"Orb Walker","floor":35.0,"turns":5.0},{"damage":14.0,"enemies":"3 Darklings","floor":37.0,"turns":6.0},{"damage":63.0,"enemies":"Nemesis","floor":41.0,"turns":10.0},{"damage":7.0,"enemies":"Giant Head","floor":44.0,"turns":4.0},{"damage":0.0,"enemies":"Transient","floor":46.0,"turns":5.0},{"damage":0.0,"enemies":"Writhing Mass","floor":48.0,"turns":5.0},{"damage":34,"enemies":"Time Eater","floor":50,"turns":14},{"damage":0,"enemies":"Shield and Spear","floor":54,"turns":3},{"damage":6,"enemies":"The Heart","floor":55,"turns":9}],"seed_played":"-7652509113365819533","potions_obtained":[{"floor":7.0,"key":"SkillPotion"},{"floor":14.0,"key":"LiquidBronze"},{"floor":16.0,"key":"SpeedPotion"},{"floor":27.0,"key":"LiquidMemories"},{"floor":31.0,"key":"DuplicationPotion"},{"floor":46.0,"key":"GamblersBrew"}],"is_trial":false,"path_per_floor":["M","$","?","?","M","R","E","?","T","?","?","?","M","M","R","B",null,"M","M","?","M","?","?","E","?","T","E","R","$","R","E","R","B",null,"M","?","M","$","?","R","E","?","T","E","$","M","R","M","R","B",null,"R","$","E","B",null],"character_chosen":"THE_sleuth","items_purchased":["ClockworkSouvenir","theSleuth:FudgeDeck","Flash of Steel","theSleuth:KingpinBust","REME_MagicPocketWatch","War Paint"],"campfire_rested":4,"item_purchase_floors":[29,38,38,45,45,53],"current_hp_per_floor":[45,45,69,54,53,53,39,39,39,32,32,32,30,30,51,43,66,66,61,61,49,49,49,33,33,33,22,22,22,43,33,33,10,57,55,55,41,41,32,32,21,11,11,4,4,4,25,25,46,12,58,58,58,58,52],"gold":66,"neow_bonus":"RANDOM_COLORLESS_2","is_daily":false,"chose_seed":false,"campfire_upgraded":4,"win_rate":0.0,"timestamp":1609163479,"path_taken":["M","$","?","?","M","R","E","?","T","?","?","?","M","M","R","BOSS","M","M","?","M","?","?","E","?","T","E","R","$","R","E","R","BOSS","M","?","M","$","?","R","E","?","T","E","$","M","R","M","R","BOSS","R","$","E","BOSS"],"items_purchased_type":["Relic","Card","Card","Card","Card","Relic"],"build_version":"2020-12-22","purchased_purges":5,"victory":true,"max_hp_per_floor":[73,73,73,73,73,73,73,73,73,73,73,73,73,73,73,73,73,73,73,73,73,73,73,73,73,73,73,73,73,73,73,73,73,73,73,73,73,73,73,73,73,73,73,73,73,73,73,73,73,73,73,73,73,73,73],"card_choices":[{"not_picked":["The Bomb","Thinking Ahead"],"picked":"Apotheosis","floor":0.0},{"not_picked":["theSleuth:VictoryPose","theSleuth:PezUzi"],"picked":"theSleuth:SnoopDoggBust","floor":1.0},{"not_picked":["theSleuth:CandyCorn","theSleuth:TorsoFlail"],"picked":"theSleuth:BenStillerBust","floor":5.0},{"not_picked":["theSleuth:TheZillyhammer","theSleuth:TruffleTrouble","theSleuth:Fortify"],"picked":"SKIP","floor":7.0},{"not_picked":["theSleuth:Ignore","theSleuth:PezUzi","theSleuth:FoolPlate"],"picked":"SKIP","floor":13.0},{"not_picked":["theSleuth:WilsonBust","theSleuth:ClubClubClub","theSleuth:TorsoFlail"],"picked":"SKIP","floor":14.0},{"not_picked":["theSleuth:CandidBullets","theSleuth:WeirdPuzzleShit"],"picked":"theSleuth:TootsieRollFrankenstein","floor":16.0},{"not_picked":["theSleuth:VictoryPose","theSleuth:CandyLeather","theSleuth:TruffleShuffle"],"picked":"SKIP","floor":18.0},{"not_picked":["theSleuth:Taze","theSleuth:Unscale+1","theSleuth:DiamondArmor"],"picked":"SKIP","floor":19.0},{"not_picked":["theSleuth:VictoryPose","theSleuth:CandyCorn"],"picked":"theSleuth:FudgeDeck","floor":21.0},{"not_picked":["theSleuth:DiamondArmor","theSleuth:Unscale","theSleuth:ThinkAhead"],"picked":"SKIP","floor":24.0},{"not_picked":["theSleuth:RollBoxcars","theSleuth:ThrowHat+1"],"picked":"theSleuth:Distill","floor":27.0},{"not_picked":["theSleuth:Tootshotgun","theSleuth:Ogle"],"picked":"theSleuth:FudgeDeck","floor":31.0},{"not_picked":["theSleuth:ClubClubClub+1","theSleuth:Fortify+1","theSleuth:TruffleShuffle+1"],"picked":"SKIP","floor":35.0},{"not_picked":["theSleuth:PezUzi","theSleuth:RetainReturn","theSleuth:Ogle+1"],"picked":"SKIP","floor":37.0},{"not_picked":["theSleuth:ThrowHat","theSleuth:UnDeEscalate+1","theSleuth:Taze+1"],"picked":"SKIP","floor":41.0},{"not_picked":["Purity","REME_TwoStrings"],"picked":"REME_ShortnessOfBreath","floor":42.0},{"not_picked":["Secret Weapon","Good Instincts"],"picked":"REME_MagicPocketWatch","floor":42.0},{"not_picked":["Jack Of All Trades","REME_TwoStrings"],"picked":"Secret Technique","floor":42.0},{"not_picked":["theSleuth:Taze","theSleuth:Parry","theSleuth:SnoopDoggBust+1"],"picked":"SKIP","floor":44.0},{"not_picked":["theSleuth:BellyOTheWhale","theSleuth:FlaskOfWhiskey+1","theSleuth:Ignore"],"picked":"SKIP","floor":46.0},{"not_picked":["theSleuth:Unscale","theSleuth:Tootshotgun","theSleuth:TorsoFlail+1"],"picked":"SKIP","floor":48.0},{"not_picked":["theSleuth:BellyOTheWhale+1","theSleuth:FudgeDeck"],"picked":"theSleuth:Ogle+1","floor":54}],"player_experience":936117,"relics_obtained":[{"floor":7.0,"key":"Du-Vu Doll"},{"floor":9.0,"key":"REME_ArchaeologicalTools"},{"floor":11.0,"key":"Odd Mushroom"},{"floor":24.0,"key":"REME_IWantAll"},{"floor":27.0,"key":"Nunchaku"},{"floor":31.0,"key":"Potion Belt"},{"floor":41.0,"key":"Bottled Flame"},{"floor":43.0,"key":"HornCleat"},{"floor":44.0,"key":"Ornamental Fan"},{"floor":54,"key":"Art of War"}],"event_choices":[{"damage_healed":24.0,"max_hp_gain":0.0,"max_hp_loss":0.0,"gold_gain":0.0,"event_name":"Big Fish","player_choice":"Banana","floor":3.0,"gold_loss":0.0,"damage_taken":0.0},{"damage_healed":0.0,"max_hp_gain":0.0,"max_hp_loss":0.0,"gold_gain":0.0,"event_name":"Shining Light","player_choice":"Entered Light","floor":4.0,"gold_loss":0.0,"damage_taken":15.0,"cards_upgraded":["theSleuth:Diplomacy","theSleuth:Strike"]},{"cards_removed":["theSleuth:Strike"],"damage_healed":0.0,"max_hp_gain":0.0,"max_hp_loss":0.0,"gold_gain":0.0,"event_name":"The Cleric","player_choice":"Card Removal","floor":8.0,"gold_loss":50.0,"damage_taken":0.0},{"damage_healed":0.0,"max_hp_gain":0.0,"max_hp_loss":0.0,"gold_gain":0.0,"event_name":"Scrap Ooze","player_choice":"Success","floor":10.0,"gold_loss":0.0,"damage_taken":7.0,"relics_obtained":["Smiling Mask"]},{"damage_healed":0.0,"max_hp_gain":0.0,"max_hp_loss":0.0,"gold_gain":0.0,"event_name":"Mushrooms","player_choice":"Fought Mushrooms","floor":11.0,"gold_loss":0.0,"damage_taken":0.0},{"damage_healed":0.0,"max_hp_gain":0.0,"max_hp_loss":0.0,"gold_gain":0.0,"event_name":"Liars Game","player_choice":"Ignored","floor":12.0,"gold_loss":0.0,"damage_taken":0.0},{"damage_healed":0.0,"max_hp_gain":0.0,"max_hp_loss":0.0,"gold_gain":0.0,"event_name":"Vampires","player_choice":"Ignored","floor":20.0,"gold_loss":0.0,"damage_taken":0.0},{"cards_removed":["theSleuth:Strike"],"damage_healed":0.0,"max_hp_gain":0.0,"max_hp_loss":0.0,"gold_gain":0.0,"event_name":"Beggar","player_choice":"Gave Gold","floor":22.0,"gold_loss":75.0,"damage_taken":0.0},{"damage_healed":0.0,"max_hp_gain":0.0,"max_hp_loss":0.0,"gold_gain":0.0,"event_name":"Addict","player_choice":"Obtained Relic","floor":23.0,"gold_loss":85.0,"damage_taken":0.0,"relics_obtained":["MawBank"]},{"damage_healed":0.0,"max_hp_gain":0.0,"max_hp_loss":0.0,"gold_gain":0.0,"event_name":"The Mausoleum","player_choice":"Opened","floor":25.0,"gold_loss":0.0,"damage_taken":0.0,"relics_obtained":["Bronze Scales"]},{"damage_healed":0.0,"max_hp_gain":0.0,"max_hp_loss":0.0,"gold_gain":0.0,"event_name":"Tomb of Lord Red Mask","player_choice":"Ignored","floor":36.0,"gold_loss":0.0,"damage_taken":0.0},{"damage_healed":0.0,"max_hp_gain":0.0,"max_hp_loss":0.0,"gold_gain":0.0,"event_name":"Winding Halls","player_choice":"Embrace Madness","floor":39.0,"gold_loss":0.0,"damage_taken":9.0,"cards_obtained":["Madness","Madness"]},{"damage_healed":0.0,"max_hp_gain":0.0,"max_hp_loss":0.0,"gold_gain":0.0,"event_name":"SensoryStone","player_choice":"Memory 3","floor":42.0,"gold_loss":0.0,"damage_taken":10.0}],"is_beta":false,"boss_relics":[{"not_picked":["Cursed Key","Coffee Dripper"],"picked":"theSleuth:MegatonKey"},{"not_picked":["Sozu","Pandora\u0027s Box"],"picked":"REME_ChargedStone"}],"items_purged_floors":[2,29,38,45,53],"is_endless":false,"potions_floor_spawned":[7,14,16,21,27,31,46,48],"ascension_level":11}}