{"host":"1mv6gj0zv8k9e9tz","time":1609136197,"event":{"mods":["AchievementEnabler","BaseMod","Better Third Choice","Colored Map","KOR Keyword Fix","Minty Spire (QoL Compilation)","Permanent Neow","Rare Cards Sparkle","StSLib"],"gold_per_floor":[113,113,183,34,49,49,60,93,93,110,143,153,153,167,167,268,268,284,284,284,302,317,317,317],"floor_reached":23,"playtime":1216,"items_purged":[],"score":305,"play_id":"b69d3ff7-d35c-4c10-bbf6-1e3447e78391","local_time":"20201228151637","is_ascension_mode":true,"campfire_choices":[{"data":"Fission","floor":6.0,"key":"SMITH"},{"data":"Zap","floor":13.0,"key":"SMITH"},{"floor":15.0,"key":"REST"}],"circlet_count":0,"master_deck":["AscendersBane","Strike_B","Strike_B","Defend_B","Defend_B","Defend_B","Zap+1","Dualcast","Fission+1","Chill","Conserve Battery","Sweeping Beam","Ball Lightning","Glacier","Blizzard","Buffer","Core Surge+1","Ball Lightning+1","Machine Learning+1","Chaos+1"],"relics":["Cracked Core","Runic Capacitor","Akabeko","StoneCalendar","Centennial Puzzle","Nloth\u0027s Gift"],"acts_visited":["Exordium","TheCity"],"potions_floor_usage":[23],"damage_taken":[{"damage":0.0,"enemies":"Small Slimes","floor":1.0,"turns":2.0},{"damage":9.0,"enemies":"Jaw Worm","floor":5.0,"turns":3.0},{"damage":1.0,"enemies":"Cultist","floor":7.0,"turns":3.0},{"damage":18.0,"enemies":"Lagavulin","floor":8.0,"turns":8.0},{"damage":5.0,"enemies":"Exordium Wildlife","floor":10.0,"turns":5.0},{"damage":29.0,"enemies":"Gremlin Nob","floor":11.0,"turns":4.0},{"damage":0.0,"enemies":"Blue Slaver","floor":12.0,"turns":3.0},{"damage":0.0,"enemies":"Lots of Slimes","floor":14.0,"turns":2.0},{"damage":14.0,"enemies":"Slime Boss","floor":16.0,"turns":9.0},{"damage":0.0,"enemies":"Spheric Guardian","floor":18.0,"turns":3.0},{"damage":5,"enemies":"Chosen","floor":21,"turns":4},{"damage":0,"enemies":"3 Cultists","floor":22,"turns":4},{"damage":62,"enemies":"Book of Stabbing","floor":23,"turns":4}],"seed_played":"-8354838670338139950","potions_obtained":[{"floor":7.0,"key":"SkillPotion"},{"floor":8.0,"key":"BlessingOfTheForge"},{"floor":10.0,"key":"EssenceOfSteel"},{"floor":11.0,"key":"PowerPotion"},{"floor":12.0,"key":"SkillPotion"},{"floor":21,"key":"Swift Potion"}],"is_trial":false,"path_per_floor":["M","?","T","$","M","R","M","E","T","M","E","M","R","M","R","B",null,"M","?","?","M","M","E"],"character_chosen":"DEFECT","items_purchased":["Runic Capacitor"],"campfire_rested":1,"item_purchase_floors":[4],"current_hp_per_floor":[68,73,73,73,64,64,63,45,45,40,11,11,11,11,35,21,65,65,65,65,60,60,0,0],"gold":317,"neow_bonus":"ONE_RANDOM_RARE_CARD","is_daily":false,"chose_seed":false,"campfire_upgraded":2,"win_rate":0.0,"timestamp":1609136197,"path_taken":["M","?","?","?","M","R","M","E","T","M","E","?","R","M","R","BOSS","M","?","?","?","M","E"],"items_purchased_type":["Relic"],"build_version":"2020-12-22","purchased_purges":0,"victory":false,"max_hp_per_floor":[75,80,80,80,80,80,80,80,80,80,80,80,80,80,80,80,80,80,80,80,80,80,80,80],"card_choices":[{"not_picked":["Go for the Eyes","Stack","Turbo"],"picked":"SKIP","floor":1.0},{"not_picked":["Hyperbeam","Conserve Battery"],"picked":"Chill","floor":5.0},{"not_picked":["Barrage","Force Field"],"picked":"Conserve Battery","floor":7.0},{"not_picked":["FTL","Leap"],"picked":"Sweeping Beam","floor":8.0},{"not_picked":["Turbo","Capacitor"],"picked":"Ball Lightning","floor":10.0},{"not_picked":["Skim","Reinforced Body"],"picked":"Glacier","floor":11.0},{"not_picked":["Conserve Battery","Cold Snap","Gash"],"picked":"SKIP","floor":12.0},{"not_picked":["Barrage","Force Field"],"picked":"Blizzard","floor":14.0},{"not_picked":["Creative AI","Reboot"],"picked":"Buffer","floor":16.0},{"not_picked":["Ball Lightning+1","Beam Cell"],"picked":"Chaos+1","floor":18.0},{"not_picked":["Auto Shields+1","Streamline+1","Recycle"],"picked":"SKIP","floor":21},{"not_picked":["Auto Shields+1","Streamline+1","Recycle"],"picked":"SKIP","floor":21},{"not_picked":["Rip and Tear","Stack","Static Discharge"],"picked":"SKIP","floor":22}],"player_experience":491429,"relics_obtained":[{"floor":8.0,"key":"Akabeko"},{"floor":9.0,"key":"StoneCalendar"},{"floor":11.0,"key":"Centennial Puzzle"}],"event_choices":[{"damage_healed":0.0,"max_hp_gain":5.0,"max_hp_loss":0.0,"gold_gain":0.0,"event_name":"Big Fish","player_choice":"Donut","floor":2.0,"gold_loss":0.0,"damage_taken":0.0},{"damage_healed":0,"gold_gain":0,"player_choice":"Traded Relic","damage_taken":0,"relics_obtained":["Nloth\u0027s Gift"],"max_hp_gain":0,"max_hp_loss":0,"event_name":"N\u0027loth","floor":20,"relics_lost":["Astrolabe"],"gold_loss":0}],"is_beta":false,"boss_relics":[{"not_picked":["Black Star","Calling Bell"],"picked":"Astrolabe"}],"items_purged_floors":[],"is_endless":false,"potions_floor_spawned":[7,8,10,11,12,21],"killed_by":"Book of Stabbing","ascension_level":10}}