{"host":"r5cycnjhcbwgkpkf","time":1609187511,"event":{"mods":["2.2 Compatiblity","AchievementEnabler","BaseMod","Bestiary","Better Match","Better Note","Better Skull","Better Third Choice","BetterRewards","Colored Map","Colored Powertips","Downfall","Infinite Spire","Minty Spire (QoL Compilation)","Replay The Spire","Spicy Shops","StSLib"],"gold_per_floor":[113,124,199,199,214,214,241,241,241,271,271,290,309,309,309,333,333,429,429,454,369,369,369,369,369,409,409,480,519,519,519,535,554,554,686,686,749,749,50,50,68,103,103,135,162,162,197,197,197,226,226,226,226],"floor_reached":52,"playtime":2704,"items_purged":["Strike_R","Injury","Strike_R"],"score":1254,"play_id":"255c2e71-876e-498b-a0fd-6a7ba05ba4cc","local_time":"20201228123151","is_ascension_mode":true,"campfire_choices":[{"data":"Heavy Blade","floor":6.0,"key":"SMITH"},{"floor":8.0,"key":"REST"},{"floor":17.0,"key":"REST"},{"data":"True Grit","floor":25.0,"key":"SMITH"},{"floor":27.0,"key":"REST"},{"floor":34,"key":"REST"},{"data":"Combust","floor":43,"key":"SMITH"},{"data":"Limit Break","floor":46,"key":"SMITH"},{"data":"Rupture","floor":51,"key":"SMITH"}],"circlet_count":0,"master_deck":["AscendersBane","Strike_R","Strike_R","Strike_R","Defend_R","Defend_R","Defend_R+1","Bash","Hemokinesis+1","Ghostly Armor+1","Heavy Blade+1","Burning Pact+1","Flex","Rupture+1","Blood for Blood","Double Tap","True Grit+1","Cleave","Whirlwind","Infernal Blade","Spot Weakness","Brutality","Infernal Blade","Combust+1","Limit Break+1","Spot Weakness+1"],"relics":["Burning Blood","Toolbox","War Paint","Guide Book","ReplayTheSpireMod:Shallot","Akabeko","Prayer Wheel","Golden Idol","Mark of Pain","Replay:Accelerometer","Bottled Flame","Iron Hammer","Pear","Ring of Hypnosis","Blood Vial","Black Blood","infinitespire:EvilPickle","SlaversCollar","Chemical X","Sling","Replay:Bottled Steam","Thread and Needle","Replay:Baseball","Eternal Feather"],"acts_visited":["Exordium","TheCity","TheBeyond"],"potions_floor_usage":[35,44,52],"damage_taken":[{"damage":0.0,"enemies":"2 Louse","floor":1.0,"turns":1.0},{"damage":2.0,"enemies":"Jaw Worm","floor":2.0,"turns":3.0},{"damage":2.0,"enemies":"Small Slimes","floor":5.0,"turns":3.0},{"damage":33.0,"enemies":"Lagavulin","floor":7.0,"turns":6.0},{"damage":32.0,"enemies":"3 Sentries","floor":10.0,"turns":7.0},{"damage":2.0,"enemies":"Blue Slaver","floor":12.0,"turns":1.0},{"damage":0.0,"enemies":"3 Louse","floor":13.0,"turns":1.0},{"damage":9.0,"enemies":"Large Slime","floor":16.0,"turns":5.0},{"damage":36.0,"enemies":"The Guardian","floor":18.0,"turns":9.0},{"damage":15.0,"enemies":"3 Byrds","floor":20.0,"turns":7.0},{"damage":41.0,"enemies":"Slavers","floor":26.0,"turns":5.0},{"damage":20.0,"enemies":"Replay:Snechameleon","floor":29.0,"turns":5.0},{"damage":19,"enemies":"Spheric Guardian","floor":32,"turns":4},{"damage":32,"enemies":"Snecko","floor":33,"turns":5},{"damage":62,"enemies":"Pondfish","floor":35,"turns":9},{"damage":1,"enemies":"3 Shapes","floor":37,"turns":2},{"damage":19,"enemies":"3 Darklings","floor":41,"turns":3},{"damage":28,"enemies":"Reptomancer","floor":42,"turns":5},{"damage":35,"enemies":"Writhing Mass","floor":44,"turns":4},{"damage":26,"enemies":"Transient","floor":47,"turns":6},{"damage":19,"enemies":"3 Darklings","floor":50,"turns":3},{"damage":86,"enemies":"infinitespire:MassOfShapes","floor":52,"turns":4}],"seed_played":"5443869366477402058","potions_obtained":[{"floor":7.0,"key":"Milkshake"},{"floor":12.0,"key":"ElixirPotion"},{"floor":16.0,"key":"PowerPotion"},{"floor":26.0,"key":"AttackPotion"},{"floor":33,"key":"Energy Potion"},{"floor":35,"key":"BloodPotion"},{"floor":47,"key":"Reflective Coating"}],"is_trial":false,"path_per_floor":["M","M","?","?","M","R","E","R","T","E","?","M","M","PTL","PTL","M","R","B",null,"M","?","?","?","?","R","E","R","T","E","?","AVR","M","M","R","B",null,"M","?","$","?","M","E","R","M","T","R","M","?","AVR","M","R","B"],"character_chosen":"IRONCLAD","items_purchased":["Hemokinesis","Toolbox","Ghostly Armor","War Paint","Guide Book","Chemical X","Sling","Replay:Bottled Steam"],"campfire_rested":4,"item_purchase_floors":[0,0,0,0,0,39,39,39],"current_hp_per_floor":[58,62,51,51,55,55,28,50,50,24,24,28,34,34,34,31,53,23,62,53,53,53,53,68,68,33,55,55,51,51,51,52,40,65,23,70,85,85,85,85,84,75,75,77,77,77,71,71,71,72,82,0,0],"gold":226,"neow_bonus":"","is_daily":false,"chose_seed":false,"campfire_upgraded":5,"win_rate":0.0,"timestamp":1609187511,"path_taken":["M","M","?","?","M","R","E","R","T","E","?","M","M","PTL","PTL","M","R","BOSS","M","?","?","?","?","R","E","R","T","E","?","AVR","M","M","R","BOSS","M","?","$","?","M","E","R","M","T","R","M","?","AVR","M","R","BOSS"],"items_purchased_type":["Card","Relic","Card","Relic","Relic","Relic","Relic","Relic"],"build_version":"2020-12-22","purchased_purges":3,"victory":false,"max_hp_per_floor":[75,75,75,75,75,75,75,75,75,75,75,75,75,75,75,75,75,75,75,75,75,75,75,75,75,75,75,75,85,85,85,85,85,85,85,85,85,85,85,85,85,85,85,85,85,85,85,82,82,82,82,82,82],"card_choices":[{"not_picked":["Disarm","Sword Boomerang","Power Through"],"picked":"SKIP","floor":1.0},{"not_picked":["Entrench","Wild Strike"],"picked":"Heavy Blade","floor":2.0},{"not_picked":["Twin Strike","Thunderclap"],"picked":"Flex","floor":5.0},{"not_picked":["Sentinel","Replay:Undeath\u0027s Touch","Clash"],"picked":"SKIP","floor":7.0},{"not_picked":["Second Wind","Searing Blow","Run Through"],"picked":"SKIP","floor":10.0},{"not_picked":["Replay:Undeath\u0027s Touch","Heavy Blade","Anger"],"picked":"SKIP","floor":12.0},{"not_picked":["Sentinel","Body Slam","Warcry"],"picked":"SKIP","floor":12.0},{"not_picked":["Bludgeon","Evolve"],"picked":"Rupture","floor":13.0},{"not_picked":["Sword Boomerang","Heavy Blade","Shrug It Off"],"picked":"SKIP","floor":13.0},{"not_picked":["Disarm","Flex"],"picked":"Blood for Blood","floor":16.0},{"not_picked":["Twin Strike","Anger","Havoc"],"picked":"SKIP","floor":16.0},{"not_picked":["Fiend Fire","Exhume"],"picked":"Double Tap","floor":18.0},{"not_picked":["Warcry","Dark Embrace"],"picked":"True Grit","floor":20.0},{"not_picked":["Hemokinesis","ReplayTheSpireMod:LeadingStrike"],"picked":"Cleave","floor":20.0},{"not_picked":["Clothesline","Warcry","Entrench"],"picked":"SKIP","floor":26.0},{"not_picked":["Immolate","Replay:Many Hands"],"picked":"Whirlwind","floor":29.0},{"not_picked":["Clash","ReplayTheSpireMod:Strike From Hell"],"picked":"Infernal Blade","floor":32},{"not_picked":["Whirlwind","Havoc","ReplayTheSpireMod:Limb From Limb"],"picked":"SKIP","floor":32},{"not_picked":["Wild Strike","Headbutt"],"picked":"Spot Weakness","floor":33},{"not_picked":["Armaments","Eclipse","Flame Barrier"],"picked":"SKIP","floor":33},{"not_picked":["Feed","Eclipse"],"picked":"Brutality","floor":35},{"not_picked":["Headbutt","Seeing Red","Ghostly Armor+1"],"picked":"SKIP","floor":37},{"not_picked":["Replay:Undeath\u0027s Touch","Life Link+1","Cleave"],"picked":"SKIP","floor":37},{"not_picked":["Run Through+1","Immolate"],"picked":"Infernal Blade","floor":41},{"not_picked":["Searing Blow","infinitespire:OneForAll+1","Armaments"],"picked":"SKIP","floor":41},{"not_picked":["Pommel Strike","Disarm"],"picked":"Combust","floor":42},{"not_picked":["Twin Strike","Flex"],"picked":"Limit Break","floor":44},{"not_picked":["Armaments","Sword Boomerang","Shrug It Off"],"picked":"SKIP","floor":44},{"not_picked":["Exhume","Run Through+1"],"picked":"Spot Weakness+1","floor":47},{"not_picked":["Sword Boomerang","Massacre","Thunderclap+1"],"picked":"SKIP","floor":47},{"not_picked":["Dual Wield+1","Intimidate","Headbutt"],"picked":"SKIP","floor":50},{"not_picked":["Seeing Red","Sword Boomerang","Warcry+1"],"picked":"SKIP","floor":50}],"player_experience":389952,"relics_obtained":[{"floor":7.0,"key":"ReplayTheSpireMod:Shallot"},{"floor":9.0,"key":"Akabeko"},{"floor":10.0,"key":"Prayer Wheel"},{"floor":26.0,"key":"Bottled Flame"},{"floor":28.0,"key":"Iron Hammer"},{"floor":29.0,"key":"Pear"},{"floor":30,"key":"Ring of Hypnosis"},{"floor":42,"key":"Thread and Needle"},{"floor":45,"key":"Replay:Baseball"}],"event_choices":[{"damage_healed":0.0,"max_hp_gain":0.0,"max_hp_loss":0.0,"gold_gain":75.0,"event_name":"betterThird:BetterGoop","player_choice":"Gold","floor":3.0,"gold_loss":0.0,"damage_taken":11.0},{"damage_healed":0.0,"max_hp_gain":0.0,"max_hp_loss":0.0,"gold_gain":0.0,"event_name":"Golden Idol","player_choice":"Take Wound","floor":11.0,"gold_loss":0.0,"damage_taken":0.0,"relics_obtained":["Golden Idol"],"cards_obtained":["Injury"]},{"damage_healed":0.0,"max_hp_gain":0.0,"max_hp_loss":0.0,"gold_gain":0.0,"event_name":"Addict","player_choice":"Obtained Relic","floor":21.0,"gold_loss":85.0,"damage_taken":0.0,"relics_obtained":["Replay:Accelerometer"]},{"damage_healed":0.0,"max_hp_gain":0.0,"max_hp_loss":0.0,"gold_gain":0.0,"event_name":"Vampires","player_choice":"Ignored","floor":22.0,"gold_loss":0.0,"damage_taken":0.0},{"damage_healed":0.0,"max_hp_gain":0.0,"max_hp_loss":0.0,"gold_gain":0.0,"event_name":"Cursed Tome","player_choice":"Ignored","floor":23.0,"gold_loss":0.0,"damage_taken":0.0},{"damage_healed":15.0,"max_hp_gain":0.0,"max_hp_loss":0.0,"gold_gain":0.0,"event_name":"The Library","player_choice":"Heal","floor":24.0,"gold_loss":0.0,"damage_taken":0.0},{"damage_healed":0,"gold_gain":0,"player_choice":"Ignored","damage_taken":0,"max_hp_gain":0,"max_hp_loss":0,"event_name":"Tomb of Lord Red Mask","floor":38,"gold_loss":0},{"cards_removed":["Parasite"],"damage_healed":0,"gold_gain":0,"player_choice":"Purged","damage_taken":0,"max_hp_gain":0,"max_hp_loss":0,"event_name":"Purifier","floor":48,"gold_loss":0}],"is_beta":false,"boss_relics":[{"not_picked":["ChewingGum","Velvet Choker"],"picked":"Mark of Pain"},{"not_picked":["Replay:Drink Me","Ooze Armor"],"picked":"SlaversCollar"}],"items_purged_floors":[0,31,39],"is_endless":false,"potions_floor_spawned":[7,12,16,26,33,35,41,47,50],"killed_by":"infinitespire:MassOfShapes","ascension_level":17}}