{"host":"0cgp910o8339lr91","time":1609168210,"event":{"mods":["BaseMod","Colored Map","Filter the Spire","Minty Spire (QoL Compilation)","Relic Stats","Slay-I","ojb\u0027s Better Paths Mod","ojb\u0027s Info Mod"],"gold_per_floor":[113,126,126,126,142,171,171,206,231,257,270,270,296,316,316,415,415,431,431,451,359,284,313,412,441,441,441,456,47,72,72,72,175,175,218,218,218,260,108,167,209,265,265,291,342,242,242,242,242,242,242,242,96,157,157],"floor_reached":56,"playtime":37899,"items_purged":["ThirdEye","Swivel"],"score":1808,"play_id":"5468f778-2500-4103-a694-bef9cabbd16a","local_time":"20201228161010","is_ascension_mode":true,"campfire_choices":[{"data":"WindmillStrike","floor":7.0,"key":"SMITH"},{"data":"Alpha","floor":12.0,"key":"SMITH"},{"data":"Ragnarok","floor":15.0,"key":"SMITH"},{"data":"Enlightenment","floor":27.0,"key":"SMITH"},{"data":"Ghostly","floor":32.0,"key":"SMITH"},{"data":"Apotheosis","floor":47,"key":"SMITH"},{"floor":49,"key":"RECALL"},{"data":"Ghostly","floor":52,"key":"SMITH"}],"circlet_count":0,"master_deck":["Vigilance","Ragnarok+1","DeusExMachina+1","WindmillStrike+1","Establishment","ThirdEye+1","DeceiveReality","Swivel","CrushJoints","WreathOfFlame","Halt","Alpha+1","Ghostly+1","Ghostly+1","Ghostly","Ghostly","Ghostly","Enlightenment+1","DeusExMachina","LikeWater","Swivel","Wish","Madness","Madness","Apotheosis+1","Panacea","Panacea","LikeWater+1","Hologram+1","Shockwave+1","Alpha+1"],"relics":["Pandora\u0027s Box","War Paint","Anchor","Nunchaku","Pear","Juzu Bracelet","Runic Pyramid","Omamori","Strawberry","Gremlin Horn","InkBottle","Blue Candle","Coffee Dripper","PrismaticShard","Toy Ornithopter","StrikeDummy","Oddly Smooth Stone","Pocketwatch","Incense Burner","DollysMirror","Damaru"],"acts_visited":["Exordium","TheCity","TheBeyond","TheEnding"],"potions_floor_usage":[44,50,55],"damage_taken":[{"damage":11.0,"enemies":"Small Slimes","floor":1.0,"turns":3.0},{"damage":5.0,"enemies":"Jaw Worm","floor":2.0,"turns":5.0},{"damage":0.0,"enemies":"2 Louse","floor":5.0,"turns":3.0},{"damage":6.0,"enemies":"3 Sentries","floor":6.0,"turns":10.0},{"damage":0.0,"enemies":"Lagavulin","floor":8.0,"turns":5.0},{"damage":7.0,"enemies":"3 Sentries","floor":10.0,"turns":8.0},{"damage":0.0,"enemies":"Looter","floor":11.0,"turns":3.0},{"damage":28.0,"enemies":"Gremlin Nob","floor":13.0,"turns":4.0},{"damage":0.0,"enemies":"Exordium Wildlife","floor":14.0,"turns":2.0},{"damage":1.0,"enemies":"The Guardian","floor":16.0,"turns":7.0},{"damage":4.0,"enemies":"2 Thieves","floor":18.0,"turns":4.0},{"damage":0.0,"enemies":"Chosen","floor":20.0,"turns":5.0},{"damage":4.0,"enemies":"Gremlin Leader","floor":23.0,"turns":7.0},{"damage":2.0,"enemies":"Slavers","floor":25.0,"turns":5.0},{"damage":0.0,"enemies":"Sentry and Sphere","floor":28.0,"turns":6.0},{"damage":2.0,"enemies":"Gremlin Leader","floor":30.0,"turns":7.0},{"damage":2.0,"enemies":"Automaton","floor":33.0,"turns":8.0},{"damage":4.0,"enemies":"3 Darklings","floor":35.0,"turns":6.0},{"damage":3.0,"enemies":"3 Shapes","floor":38.0,"turns":6.0},{"damage":0.0,"enemies":"Giant Head","floor":40.0,"turns":8.0},{"damage":0.0,"enemies":"Maw","floor":41.0,"turns":7.0},{"damage":3.0,"enemies":"Nemesis","floor":42.0,"turns":9.0},{"damage":25,"enemies":"Reptomancer","floor":44,"turns":6},{"damage":24,"enemies":"2 Orb Walkers","floor":45,"turns":5},{"damage":0,"enemies":"Awakened One","floor":50,"turns":10},{"damage":5,"enemies":"Shield and Spear","floor":54,"turns":7},{"damage":8,"enemies":"The Heart","floor":55,"turns":10}],"seed_played":"2531202096926157533","potions_obtained":[{"floor":1.0,"key":"Explosive Potion"},{"floor":5.0,"key":"FearPotion"},{"floor":8.0,"key":"SpeedPotion"},{"floor":14.0,"key":"EssenceOfSteel"},{"floor":20.0,"key":"Fruit Juice"},{"floor":25.0,"key":"Ancient Potion"},{"floor":33.0,"key":"FairyPotion"},{"floor":35.0,"key":"Regen Potion"},{"floor":45,"key":"AttackPotion"}],"is_trial":false,"path_per_floor":["M","M","?","?","M","E","R","E","T","E","M","R","E","M","R","B",null,"M","?","M","$","?","E","?","E","T","R","M","$","E","?","R","B",null,"M","?","?","M","$","E","M","E","T","E","?","$","R","T","R","B",null,"R","$","E","B",null],"character_chosen":"WATCHER","items_purchased":["Enlightenment","LikeWater","InkBottle","PrismaticShard","DollysMirror"],"campfire_rested":0,"item_purchase_floors":[21,29,29,39,53],"current_hp_per_floor":[54,49,49,54,54,48,48,48,48,51,51,51,23,23,23,22,71,67,43,43,43,43,39,39,49,49,49,49,49,47,47,47,45,53,49,42,32,29,29,29,29,26,26,21,16,16,16,16,16,21,47,47,47,42,39],"gold":157,"neow_bonus":"BOSS_RELIC","is_daily":false,"chose_seed":false,"campfire_upgraded":7,"win_rate":0.0,"timestamp":1609168210,"path_taken":["M","M","?","?","M","E","R","E","T","E","M","R","E","M","R","BOSS","M","?","M","$","?","E","?","E","T","R","M","$","E","?","R","BOSS","M","?","?","M","?","E","M","E","T","E","?","$","R","?","R","BOSS","R","$","E","BOSS"],"items_purchased_type":["Card","Card","Relic","Relic","Relic"],"build_version":"2020-12-22","purchased_purges":2,"victory":true,"max_hp_per_floor":[72,72,72,77,77,77,77,77,77,87,87,87,87,87,87,87,87,87,43,43,43,43,43,43,55,55,55,55,55,55,55,55,55,55,55,55,55,55,55,55,55,55,55,55,55,55,55,55,55,55,55,55,55,55,55],"relic_stats":{"Nunchaku":[7],"Gremlin Horn":[17,19],"counters":[27,166],"Blue Candle":[0],"Pandora\u0027s Box":["Ragnarok","Swivel","DeusExMachina","WindmillStrike","ThirdEye","Establishment","ThirdEye","Pray"],"Juzu Bracelet":0,"War Paint":["ThirdEye","DeusExMachina"],"obtain_stats":[{"Pear":10,"Gremlin Horn":26,"Blue Candle":30,"Oddly Smooth Stone":44,"Damaru":54,"Juzu Bracelet":13,"Omamori":23,"Incense Burner":48,"War Paint":6,"PrismaticShard":39,"Anchor":8,"Nunchaku":9,"DollysMirror":53,"Strawberry":25,"Pandora\u0027s Box":0,"Coffee Dripper":34,"PureWater":0,"StrikeDummy":42,"InkBottle":29,"Toy Ornithopter":40,"Runic Pyramid":17,"Pocketwatch":45},{"Pear":6,"Gremlin Horn":14,"Blue Candle":16,"Oddly Smooth Stone":23,"Damaru":26,"Juzu Bracelet":8,"Omamori":13,"Incense Burner":24,"War Paint":4,"PrismaticShard":19,"Anchor":5,"Nunchaku":5,"DollysMirror":25,"Strawberry":14,"Pandora\u0027s Box":0,"Coffee Dripper":17,"PureWater":0,"StrikeDummy":22,"InkBottle":15,"Toy Ornithopter":20,"Runic Pyramid":10,"Pocketwatch":24},{"Pear":34,"Gremlin Horn":71,"Blue Candle":84,"Oddly Smooth Stone":134,"Damaru":156,"Juzu Bracelet":41,"Omamori":66,"Incense Burner":139,"War Paint":21,"PrismaticShard":104,"Anchor":26,"Nunchaku":26,"DollysMirror":149,"Strawberry":71,"Pandora\u0027s Box":0,"Coffee Dripper":92,"PureWater":0,"StrikeDummy":128,"InkBottle":77,"Toy Ornithopter":112,"Runic Pyramid":50,"Pocketwatch":139}],"InkBottle":[46],"Toy Ornithopter":15,"Pocketwatch":[3]},"card_choices":[{"not_picked":["MentalFortress","Weave"],"picked":"DeceiveReality","floor":1.0},{"not_picked":["Protect","Evaluate"],"picked":"Swivel","floor":2.0},{"not_picked":["Vengeance","EmptyBody"],"picked":"WreathOfFlame","floor":5.0},{"not_picked":["Wireheading","FollowUp"],"picked":"Halt","floor":6.0},{"not_picked":["SignatureMove","SashWhip"],"picked":"Worship","floor":8.0},{"not_picked":["Protect","Swivel"],"picked":"Alpha","floor":10.0},{"not_picked":["SandsOfTime","ThirdEye","ClearTheMind"],"picked":"SKIP","floor":11.0},{"not_picked":["Evaluate","WaveOfTheHand","Crescendo"],"picked":"SKIP","floor":13.0},{"not_picked":["ForeignInfluence","MentalFortress","FlyingSleeves"],"picked":"SKIP","floor":14.0},{"not_picked":["FlyingSleeves","JustLucky+1","Evaluate"],"picked":"SKIP","floor":18.0},{"not_picked":["ConjureBlade","CarveReality","Indignation"],"picked":"SKIP","floor":20.0},{"not_picked":["Protect","FlurryOfBlows+1","MentalFortress"],"picked":"SKIP","floor":23.0},{"not_picked":["Study+1","Evaluate","JustLucky"],"picked":"SKIP","floor":25.0},{"not_picked":["FlurryOfBlows","Prostrate"],"picked":"DeusExMachina","floor":28.0},{"not_picked":["FlyingSleeves","ForeignInfluence"],"picked":"Swivel","floor":30.0},{"not_picked":["SpiritShield","DevaForm"],"picked":"Wish","floor":33.0},{"not_picked":["Protect","EmptyBody","Pray+1"],"picked":"SKIP","floor":35.0},{"not_picked":["Swift Strike","Finesse"],"picked":"Apotheosis","floor":37.0},{"not_picked":["Mind Blast","Blind"],"picked":"Panacea","floor":37.0},{"not_picked":["Chrysalis","Bandage Up"],"picked":"Panacea","floor":37.0},{"not_picked":["FlurryOfBlows+1","Protect"],"picked":"LikeWater+1","floor":38.0},{"not_picked":["HandOfGreed","Pommel Strike","Clothesline+1"],"picked":"SKIP","floor":40.0},{"not_picked":["Havoc+1","ThirdEye+1","BowlingBash+1"],"picked":"SKIP","floor":41.0},{"not_picked":["Blizzard+1","Dagger Spray"],"picked":"Hologram+1","floor":42.0},{"not_picked":["Ball Lightning","FollowUp+1","Sword Boomerang+1"],"picked":"SKIP","floor":44},{"not_picked":["Searing Blow","Dagger Spray+1"],"picked":"Shockwave+1","floor":45},{"not_picked":["Reinforced Body","Phantasmal Killer","Evaluate"],"picked":"SKIP","floor":54}],"player_experience":1038989,"relics_obtained":[{"floor":6.0,"key":"War Paint"},{"floor":8.0,"key":"Anchor"},{"floor":9.0,"key":"Nunchaku"},{"floor":10.0,"key":"Pear"},{"floor":13.0,"key":"Juzu Bracelet"},{"floor":23.0,"key":"Omamori"},{"floor":25.0,"key":"Strawberry"},{"floor":26.0,"key":"Gremlin Horn"},{"floor":30.0,"key":"Blue Candle"},{"floor":40.0,"key":"Toy Ornithopter"},{"floor":42.0,"key":"StrikeDummy"},{"floor":44,"key":"Oddly Smooth Stone"},{"floor":45,"key":"Pocketwatch"},{"floor":48,"key":"Incense Burner"},{"floor":54,"key":"Damaru"}],"event_choices":[{"damage_healed":0.0,"max_hp_gain":0.0,"max_hp_loss":0.0,"gold_gain":0.0,"cards_transformed":["Pray"],"event_name":"Living Wall","player_choice":"Change","floor":3.0,"gold_loss":0.0,"damage_taken":0.0,"cards_obtained":["CrushJoints"]},{"damage_healed":0.0,"max_hp_gain":5.0,"max_hp_loss":0.0,"gold_gain":0.0,"event_name":"Big Fish","player_choice":"Donut","floor":4.0,"gold_loss":0.0,"damage_taken":0.0},{"damage_healed":0.0,"max_hp_gain":0.0,"max_hp_loss":44.0,"gold_gain":0.0,"event_name":"Ghosts","player_choice":"Became a Ghost","floor":19.0,"gold_loss":0.0,"damage_taken":0.0,"cards_obtained":["Ghostly","Ghostly","Ghostly","Ghostly","Ghostly"]},{"cards_removed":["Worship"],"damage_healed":0.0,"max_hp_gain":0.0,"max_hp_loss":0.0,"gold_gain":0.0,"event_name":"Beggar","player_choice":"Gave Gold","floor":22.0,"gold_loss":75.0,"damage_taken":0.0},{"damage_healed":0.0,"max_hp_gain":0.0,"max_hp_loss":0.0,"gold_gain":99.0,"event_name":"Nest","player_choice":"Stole From Cult","floor":24.0,"gold_loss":0.0,"damage_taken":0.0},{"cards_removed":["Eruption"],"damage_healed":0.0,"max_hp_gain":0.0,"max_hp_loss":0.0,"gold_gain":0.0,"event_name":"Back to Basics","player_choice":"Elegance","floor":31.0,"gold_loss":0.0,"damage_taken":0.0},{"damage_healed":0.0,"max_hp_gain":0.0,"max_hp_loss":0.0,"gold_gain":0.0,"event_name":"Winding Halls","player_choice":"Embrace Madness","floor":36.0,"gold_loss":0.0,"damage_taken":7.0,"cards_obtained":["Madness","Madness"]},{"damage_healed":0.0,"max_hp_gain":0.0,"max_hp_loss":0.0,"gold_gain":0.0,"event_name":"SensoryStone","player_choice":"Memory 3","floor":37.0,"gold_loss":0.0,"damage_taken":10.0},{"damage_healed":0,"gold_gain":0,"player_choice":"Fight","damage_taken":0,"max_hp_gain":0,"max_hp_loss":0,"event_name":"Mysterious Sphere","floor":45,"gold_loss":0}],"is_beta":false,"boss_relics":[{"not_picked":["Velvet Choker","Runic Dome"],"picked":"Runic Pyramid"},{"not_picked":["VioletLotus","Fusion Hammer"],"picked":"Coffee Dripper"}],"items_purged_floors":[29,46],"is_endless":false,"potions_floor_spawned":[1,5,8,11,14,20,25,33,35,41,45],"ascension_level":7}}