{"host":"nukjzc0ca34w6eem","time":1609135827,"event":{"mods":["2.2 Compatiblity","AchievementEnabler","BaseMod","Colored Powertips","Downfall","Minty Spire (QoL Compilation)","StSLib"],"gold_per_floor":[99,99,99,99,99,110,134,167,181,631,631,663,663,161,174,174,174,174],"floor_reached":16,"playtime":972,"items_purged":["Slimebound:Icky"],"score":127,"play_id":"9d41b94e-ae30-47fa-8609-a17b6f3c2f01","local_time":"20201227221027","is_ascension_mode":true,"campfire_choices":[{"data":"hexamod:Float","floor":1.0,"key":"SMITH"},{"floor":13,"key":"RECALL"}],"circlet_count":0,"master_deck":["hexamod:Strike","hexamod:Strike","hexamod:Strike","hexamod:Strike","hexamod:Defend","hexamod:Defend","hexamod:Defend","hexamod:Defend","hexamod:Sear","hexamod:Float+1","hexamod:ThirdSeal","hexamod:SpectralSpark","hexamod:HeatShield","hexamod:FirstSeal","hexamod:FourthSeal","hexamod:BurningTouch","hexamod:Haunt","hexamod:RecurringNightmare","Slimebound:Icky","Slimebound:Icky","hexamod:ThermalTransfer","hexamod:WildfireWeapon","hexamod:PhantomFireball","hexamod:PhantomCloak","hexamod:HeatMetal","hexamod:PhantomCloak"],"relics":["hexamod:SpiritBrand","downfall:HeartsMalice","Bag of Preparation","Blood Vial","Vajra","Lantern","Akabeko"],"acts_visited":["Exordium"],"potions_floor_usage":[12,12,16,16],"damage_taken":[{"damage":0.0,"enemies":"Cultist","floor":2.0,"turns":1.0},{"damage":0.0,"enemies":"Jaw Worm","floor":3.0,"turns":1.0},{"damage":0.0,"enemies":"2 Louse","floor":4.0,"turns":1.0},{"damage":15.0,"enemies":"Exordium Wildlife","floor":6.0,"turns":5.0},{"damage":25.0,"enemies":"Lagavulin","floor":8.0,"turns":8.0},{"damage":17,"enemies":"Red Slaver","floor":9,"turns":3},{"damage":23,"enemies":"3 Sentries","floor":12,"turns":7},{"damage":4,"enemies":"downfall:FleeingMerchant","floor":14,"turns":4},{"damage":0,"enemies":"2 Fungi Beasts","floor":15,"turns":3},{"damage":55,"enemies":"downfall:Defect","floor":16,"turns":5}],"seed_played":"2863605446055682986","potions_obtained":[{"floor":6.0,"key":"Fire Potion"},{"floor":8,"key":"Explosive Potion"},{"floor":9,"key":"hexamod:InfernoChargePotion"},{"floor":9,"key":"Fire Potion"},{"floor":12,"key":"SkillPotion"},{"floor":14,"key":"hexamod:InfernoChargePotion"},{"floor":15,"key":"Energy Potion"}],"is_trial":false,"path_per_floor":["R","M","M","M","?","M","T","E","M","?","?","E","R","$","M","B"],"character_chosen":"THE_SPIRIT","items_purchased":["Lantern","hexamod:HeatMetal","hexamod:PhantomCloak","Akabeko"],"campfire_rested":0,"item_purchase_floors":[14,14,14,14],"current_hp_per_floor":[70,70,70,70,63,55,55,37,29,29,52,38,38,43,52,0,0,0],"gold":174,"neow_bonus":"THREE_ENEMY_KILL","is_daily":false,"chose_seed":false,"campfire_upgraded":1,"win_rate":0.0,"timestamp":1609135827,"path_taken":["R","M","M","M","?","M","T","E","M","?","?","E","R","?","M","BOSS"],"items_purchased_type":["Relic","Card","Card","Relic"],"build_version":"2020-12-22","purchased_purges":1,"victory":false,"max_hp_per_floor":[70,70,70,70,70,70,70,70,70,70,70,70,70,70,70,70,70,70],"card_choices":[{"not_picked":["hexamod:SpectersWail","hexamod:NecessarySacrifice"],"picked":"hexamod:ThirdSeal","floor":2.0},{"not_picked":["hexamod:CatchUp","hexamod:InspiringFlames"],"picked":"hexamod:SpectralSpark","floor":3.0},{"not_picked":["hexamod:SwordOfDarkness","hexamod:BacktrackSmack"],"picked":"hexamod:HeatShield","floor":4.0},{"not_picked":["hexamod:EmpoweredFlame","hexamod:Hexaguard"],"picked":"hexamod:FourthSeal","floor":6.0},{"not_picked":["hexamod:FastForward","hexamod:Rewind"],"picked":"hexamod:BurningTouch","floor":6.0},{"not_picked":["hexamod:RadiantFlame","hexamod:Firestarter"],"picked":"hexamod:Haunt","floor":8},{"not_picked":["hexamod:SwordOfDarkness","hexamod:AdvancingGuard"],"picked":"hexamod:RecurringNightmare","floor":9},{"not_picked":["hexamod:SkipABeat","hexamod:ThirdSeal","hexamod:RadiantFlame"],"picked":"SKIP","floor":9},{"not_picked":["hexamod:GhostLash","hexamod:FourthSeal"],"picked":"hexamod:ThermalTransfer","floor":12},{"not_picked":["hexamod:BacktrackSmack","hexamod:SwordOfDarkness"],"picked":"hexamod:WildfireWeapon","floor":12},{"not_picked":["hexamod:ThermalTransfer","hexamod:FastForward"],"picked":"hexamod:PhantomFireball","floor":14},{"not_picked":["hexamod:ShieldOfDarkness","hexamod:HauntingEcho"],"picked":"hexamod:PhantomCloak","floor":14},{"not_picked":["hexamod:HauntingEcho","hexamod:CatchUp","hexamod:TimeWarp"],"picked":"SKIP","floor":15},{"not_picked":["hexamod:SwordOfDarkness","hexamod:SpectralAdrenaline","hexamod:InspiringFlames"],"picked":"SKIP","floor":15}],"player_experience":468535,"relics_obtained":[{"floor":7.0,"key":"Bag of Preparation"},{"floor":8,"key":"Blood Vial"},{"floor":12,"key":"Vajra"}],"event_choices":[{"damage_healed":23,"gold_gain":0,"player_choice":"Banana","damage_taken":0,"max_hp_gain":0,"max_hp_loss":0,"event_name":"Big Fish","floor":11,"gold_loss":0}],"is_beta":false,"boss_relics":[],"items_purged_floors":[14],"is_endless":false,"potions_floor_spawned":[6,9,15],"killed_by":"downfall:Defect","ascension_level":4}}