{"host":"khm4we1ijduz33xh","time":1609164230,"event":{"mods":["AchievementEnabler","BaseMod","Colored Map","Minty Spire (QoL Compilation)","Rare Cards Sparkle","StSLib"],"gold_per_floor":[112,112,112,112,126,126,51,51,51,84,104,159,185,201,201,201,201],"floor_reached":16,"playtime":620,"items_purged":["Regret"],"score":133,"play_id":"d7d08e78-0dc8-4bfc-bb7f-cc7648dbbf92","local_time":"20201228230350","is_ascension_mode":false,"campfire_choices":[{"data":"Adaptation","floor":6,"key":"SMITH"},{"data":"Eruption","floor":8,"key":"SMITH"},{"floor":15,"key":"REST"}],"circlet_count":0,"master_deck":["Strike_P","Strike_P","Strike_P","Defend_P","Defend_P","Defend_P","Defend_P","Eruption+1","Vigilance","Adaptation+1","FearNoEvil"],"relics":["PureWater","NeowsBlessing","WingedGreaves","Singing Bowl","The Courier","Shuriken","CaptainsWheel"],"acts_visited":["Exordium"],"potions_floor_usage":[12,13,16],"damage_taken":[{"damage":0,"enemies":"Small Slimes","floor":1,"turns":1},{"damage":0,"enemies":"2 Louse","floor":5,"turns":1},{"damage":0,"enemies":"Lagavulin","floor":10,"turns":2},{"damage":1,"enemies":"Jaw Worm","floor":11,"turns":2},{"damage":26,"enemies":"Gremlin Nob","floor":12,"turns":4},{"damage":39,"enemies":"3 Sentries","floor":13,"turns":6},{"damage":0,"enemies":"3 Louse","floor":14,"turns":3},{"damage":55,"enemies":"Slime Boss","floor":16,"turns":7}],"seed_played":"-4583513380055474802","potions_obtained":[{"floor":1,"key":"Regen Potion"},{"floor":10,"key":"SkillPotion"},{"floor":13,"key":"SpeedPotion"}],"is_trial":false,"path_per_floor":["M","?","?","?","M","R","$","R","T","E","M","?","E","M","R","B"],"character_chosen":"WATCHER","items_purchased":[],"campfire_rested":1,"item_purchase_floors":[],"current_hp_per_floor":[72,72,72,72,72,72,72,72,72,74,75,51,29,31,55,0,0],"gold":201,"neow_bonus":"THREE_ENEMY_KILL","is_daily":false,"chose_seed":false,"campfire_upgraded":2,"win_rate":0.0,"timestamp":1609164230,"path_taken":["M","?","?","?","M","R","$","R","T","E","M","?","E","M","R","BOSS"],"items_purchased_type":[],"build_version":"2020-12-22","purchased_purges":1,"victory":false,"max_hp_per_floor":[72,72,72,72,72,72,72,72,72,74,76,78,80,82,82,82,82],"card_choices":[{"not_picked":["FlyingSleeves","MentalFortress"],"picked":"Adaptation","floor":1},{"not_picked":["Consecrate","Adaptation"],"picked":"FearNoEvil","floor":5},{"not_picked":["Crescendo","ThirdEye","SignatureMove"],"picked":"Singing Bowl","floor":10},{"not_picked":["SashWhip","FollowUp","Evaluate"],"picked":"Singing Bowl","floor":11},{"not_picked":["Prostrate","Protect","Sanctity"],"picked":"Singing Bowl","floor":12},{"not_picked":["CrushJoints","CutThroughFate","Wallop"],"picked":"Singing Bowl","floor":13},{"not_picked":["Omniscience","TalkToTheHand","Meditate"],"picked":"Singing Bowl","floor":14}],"player_experience":142790,"relics_obtained":[{"floor":9,"key":"Singing Bowl"},{"floor":10,"key":"The Courier"},{"floor":12,"key":"Shuriken"},{"floor":13,"key":"CaptainsWheel"}],"event_choices":[{"damage_healed":0,"gold_gain":0,"player_choice":"Box","damage_taken":0,"relics_obtained":["WingedGreaves"],"max_hp_gain":0,"max_hp_loss":0,"event_name":"Big Fish","floor":2,"gold_loss":0,"cards_obtained":["Regret"]},{"damage_healed":0,"gold_gain":0,"player_choice":"Ignored","damage_taken":0,"max_hp_gain":0,"max_hp_loss":0,"event_name":"Liars Game","floor":3,"gold_loss":0},{"cards_removed":["Strike_P"],"damage_healed":0,"gold_gain":0,"player_choice":"Forget","damage_taken":0,"max_hp_gain":0,"max_hp_loss":0,"event_name":"Living Wall","floor":4,"gold_loss":0},{"damage_healed":0,"gold_gain":0,"player_choice":"Searched \u00272\u0027 times","damage_taken":0,"max_hp_gain":0,"max_hp_loss":0,"event_name":"Dead Adventurer","floor":12,"gold_loss":0}],"is_beta":false,"boss_relics":[],"items_purged_floors":[7],"is_endless":false,"potions_floor_spawned":[1,10,13],"killed_by":"Slime Boss","ascension_level":0}}