{"host":"wxm9nhpxzwflah6x","time":1609134101,"event":{"mods":["2.2 Compatiblity","AchievementEnabler","BaseMod","Bestiary","Better Third Choice","Challenge The Spire","Curses Come First","Infinite Spire","Minty Spire (QoL Compilation)","Quick Restart","Rare Cards Sparkle","Replay The Spire","StSLib","TheHero"],"gold_per_floor":[112,124,124,138,154,188,188,202,225,258,258,293,293,303,303,407,407,417,617,627,645,645,645,677,677,677,696,720,766,393,426,426,537,537,555,582,484,520,520,545,609,938,938,938,594,617,617,644,644,756,756,776,776,776,808,819,867,881,897,897,897,913,913,925,925,925,1027,1027,1031,1031,1031,1032,1032,1032,1047,1047,1095,1095,1095,1095,1104,727,749,742,742,815,815,816,816,816,413,413,447,482,480,480,480,512,536,560,557,557,645,645,648,648,648,657,657,657,685,685,685,685,1004,1010,1013,1005,1005,1105,1105,1112,1111,1021,1027,1027,1014,1014,1009,1034,1037,1032,982,1081,1081,1081,1180,1180,1167,1169,1171,1351,990,977,977,950,950,944,933,935,935,935,935,989,989,989,421,414,468],"floor_reached":160,"playtime":11190,"items_purged":["animeID:Smash","Pot Of Greed","Pot Of Greed","animeID:AllForOne","Decay","animeID:RecoveryGirl+1","animeID:DefendMH","animeID:TetsuTetsu+1","Doubt"],"score":4795,"play_id":"c570288b-d5bb-4d57-b4d8-3c077f0b5e3a","local_time":"20201227214141","is_ascension_mode":true,"campfire_choices":[{"data":"animeID:Endeavor","floor":7.0,"key":"SMITH"},{"floor":11.0,"key":"REST"},{"data":"animeID:Rei","floor":13.0,"key":"SMITH"},{"floor":15.0,"key":"REST"},{"data":"infinitespire:FutureSight","floor":23.0,"key":"SMITH"},{"floor":25.0,"key":"REST"},{"floor":32.0,"key":"REST"},{"data":"infinitespire:UltimateForm","floor":44.0,"key":"SMITH"},{"data":"animeID:PresentMic","floor":47.0,"key":"SMITH"},{"data":"animeID:RedRiot","floor":61.0,"key":"SMITH"},{"data":"animeID:RecoveryGirl","floor":66.0,"key":"SMITH"},{"data":"animeID:Cementoss","floor":74.0,"key":"SMITH"},{"data":"infinitespire:Menacing","floor":76.0,"key":"SMITH"},{"data":"Wish","floor":80.0,"key":"SMITH"},{"data":"animeID:USA_Smash","floor":85.0,"key":"SMITH"},{"data":"Madness","floor":97.0,"key":"SMITH"},{"data":"Madness","floor":110.0,"key":"SMITH"},{"data":"Transmutation","floor":112.0,"key":"SMITH"},{"data":"Scrawl","floor":114.0,"key":"SMITH"},{"floor":119.0,"key":"DIG"},{"data":"animeID:Iida","floor":128,"key":"SMITH"},{"data":"infinitespire:Gouge","floor":136,"key":"SMITH"},{"data":"Midas Touch","floor":145,"key":"SMITH"},{"data":"Replay:DivineShield","floor":153,"key":"SMITH"},{"data":"infinitespire:Starlight","floor":156,"key":"SMITH"}],"circlet_count":0,"master_deck":["animeID:Deku+1","animeID:Rei+1","animeID:Kendo","animeID:Endeavor+1","animeID:EraserHead","animeID:Thirteen","animeID:Iida+1","animeID:Iida+1","infinitespire:FutureSight+1","animeID:PresentMic+1","animeID:USA_Smash+1","animeID:Cementoss+1","animeID:Cementoss+1","animeID:Deku+1","animeID:RedRiot+1","infinitespire:UltimateForm+1","animeID:RedRiot+1","infinitespire:Gouge+1","animeID:Chisaki+1","Wish+1","animeID:ProminenceBurn+1","animeID:SkinnyGum+1","ReplayTheSpireMod:Trickstab+1","Rebound+1","Demon Form+1","infinitespire:Menacing+1","animeID:Rei+1","Replay:DivineShield+1","Scrawl+1","Madness+1","Madness+1","Double Energy+1","Transmutation+1","infinitespire:Starlight+1","infinitespire:Punishment+1","Midas Touch+1","Double Energy+1","animeID:MirioTogata+1","CommonCold","Master of Strategy","animeID:USA_Smash+1","animeID:Shigaraki+1"],"relics":["Molten Egg 2","Ring of Fury","Snack Pack","HornCleat","Burning Blood","Coffee Dripper","Gremlin Horn","Sizzling Blood","infinitespire:Blanks Blanky","StrikeDummy","Raider\u0027s Mask","Busted Crown","Cracked Core","Ring of the Snake","PureWater","infinitespire:DarkRift","Mirror","infinitespire:Chaos","Ring of Hypnosis","ReplayTheSpireMod:Ring of Challenge","Astrolabe","Pen Nib","Bottled Tornado","infinitespire:Satchel","Frozen Egg 2","Guide Book","SacredBark","ReplayTheSpireMod:Ring of Addiction","Toy Ornithopter","White Beast Statue","Black Star","Nloth\u0027s Gift","Torii","Ginger","Replay:Baseball","Mummified Hand","InkBottle","Durian","Runic Pyramid","infinitespire:WardingShard","Lee\u0027s Waffle","Happy Flower","Replay:Rubber Ducky","Gambling Chip","Bottled Flame","Replay:Towering Pillar of Hats","Lantern","Pet Ghost","Replay:Ancient Bell","Smiling Mask","Shuriken","Calipers","Question Card","Vajra","infinitespire:CheckeredPen","Replay:Ringing Soul","Replay:Bottled Snecko","Old Coin","Quantum Egg","Replay:Bottled Eggs","Blood Vial","Gremlin Food","Toolbox","Ring of Chaos","Counterbalance","Lizard Tail","ReplayTheSpireMod:Lightbulb","Eternal Feather","Onion Ring","infinitespire:FocusingShard","Kintsugi","Omamori","HandDrill","Toxic Egg 2","Replay:Multitool"],"acts_visited":["Exordium","TheCity","TheBeyond","Exordium","TheCity","TheBeyond","Exordium","TheCity","TheBeyond","TheEnding"],"potions_floor_usage":[127,129,131,139,148,149,150,154,159],"damage_taken":[{"damage":0.0,"enemies":"infinitespire:Voidling","floor":1.0,"turns":1.0},{"damage":0.0,"enemies":"Jaw Worm","floor":2.0,"turns":1.0},{"damage":0.0,"enemies":"Small Slimes","floor":4.0,"turns":1.0},{"damage":10.0,"enemies":"Looter","floor":5.0,"turns":2.0},{"damage":0.0,"enemies":"Replay:BlueRogue","floor":6.0,"turns":5.0},{"damage":11.0,"enemies":"Exordium Wildlife","floor":8.0,"turns":3.0},{"damage":16.0,"enemies":"Lagavulin","floor":10.0,"turns":4.0},{"damage":26.0,"enemies":"Gremlin Nob","floor":12.0,"turns":4.0},{"damage":7.0,"enemies":"Red Slaver","floor":14.0,"turns":4.0},{"damage":38.0,"enemies":"Hexaghost","floor":16.0,"turns":8.0},{"damage":8.0,"enemies":"3 Byrds","floor":18.0,"turns":4.0},{"damage":7.0,"enemies":"2 Thieves","floor":20.0,"turns":3.0},{"damage":10.0,"enemies":"Shelled Parasite and Fungi","floor":21.0,"turns":3.0},{"damage":23.0,"enemies":"Nightmare","floor":24.0,"turns":7.0},{"damage":0.0,"enemies":"Centurion and Healer","floor":27.0,"turns":3.0},{"damage":8.0,"enemies":"Snecko","floor":28.0,"turns":6.0},{"damage":49.0,"enemies":"Book of Stabbing","floor":29.0,"turns":6.0},{"damage":32.0,"enemies":"Gremlin Leader","floor":31.0,"turns":7.0},{"damage":23.0,"enemies":"Champ","floor":33.0,"turns":10.0},{"damage":7.0,"enemies":"3 Shapes","floor":35.0,"turns":3.0},{"damage":33.0,"enemies":"3 Darklings","floor":36.0,"turns":6.0},{"damage":0.0,"enemies":"R_Hoarder","floor":40.0,"turns":8.0},{"damage":33.0,"enemies":"infinitespire:Three Voidlings","floor":41.0,"turns":5.0},{"damage":0.0,"enemies":"Nightmare_Alpha","floor":41.0,"turns":9.0},{"damage":0.0,"enemies":"Giant Head","floor":42.0,"turns":11.0},{"damage":0.0,"enemies":"Maw","floor":46.0,"turns":6.0},{"damage":8.0,"enemies":"Writhing Mass","floor":48.0,"turns":7.0},{"damage":0.0,"enemies":"Time Eater","floor":50.0,"turns":8.0},{"damage":0.0,"enemies":"Jaw Worm","floor":52.0,"turns":1.0},{"damage":0.0,"enemies":"Cultist","floor":55.0,"turns":3.0},{"damage":0.0,"enemies":"Small Slimes","floor":56.0,"turns":1.0},{"damage":0.0,"enemies":"3 Sentries","floor":57.0,"turns":6.0},{"damage":24.0,"enemies":"3 Louse","floor":58.0,"turns":2.0},{"damage":20.0,"enemies":"Looter","floor":59.0,"turns":2.0},{"damage":0.0,"enemies":"Lagavulin","floor":62.0,"turns":4.0},{"damage":0.0,"enemies":"2 Fungi Beasts","floor":64.0,"turns":1.0},{"damage":0.0,"enemies":"Hexaghost","floor":67.0,"turns":2.0},{"damage":14.0,"enemies":"2 Thieves","floor":69.0,"turns":3.0},{"damage":22.0,"enemies":"Shell Parasite","floor":72.0,"turns":3.0},{"damage":30.0,"enemies":"Slavers","floor":75.0,"turns":3.0},{"damage":32.0,"enemies":"Snake Plant","floor":81.0,"turns":4.0},{"damage":0.0,"enemies":"Gremlin Leader","floor":83.0,"turns":2.0},{"damage":0.0,"enemies":"Cultist and Chosen","floor":84.0,"turns":5.0},{"damage":0.0,"enemies":"Collector","floor":86.0,"turns":3.0},{"damage":0.0,"enemies":"3 Darklings","floor":88.0,"turns":2.0},{"damage":16.0,"enemies":"3 Shapes","floor":90.0,"turns":2.0},{"damage":0.0,"enemies":"R_Hoarder","floor":93.0,"turns":4.0},{"damage":0.0,"enemies":"Mind Bloom Boss Battle","floor":94.0,"turns":2.0},{"damage":0.0,"enemies":"Sphere and 2 Shapes","floor":95.0,"turns":2.0},{"damage":0.0,"enemies":"2 Orb Walkers","floor":98.0,"turns":3.0},{"damage":0.0,"enemies":"3 Darklings","floor":99.0,"turns":4.0},{"damage":0.0,"enemies":"Reptomancer","floor":100.0,"turns":2.0},{"damage":0.0,"enemies":"Transient","floor":101.0,"turns":6.0},{"damage":2.0,"enemies":"infinitespire:MassOfShapes","floor":103.0,"turns":4.0},{"damage":0.0,"enemies":"Cultist","floor":105.0,"turns":2.0},{"damage":1.0,"enemies":"Jaw Worm","floor":108.0,"turns":2.0},{"damage":0.0,"enemies":"3 Sentries","floor":111.0,"turns":1.0},{"damage":0.0,"enemies":"Nightmare","floor":115.0,"turns":4.0},{"damage":0.0,"enemies":"Small Slimes","floor":116.0,"turns":2.0},{"damage":0.0,"enemies":"Blue Slaver","floor":117.0,"turns":2.0},{"damage":0.0,"enemies":"Large Slime","floor":118.0,"turns":3.0},{"damage":0.0,"enemies":"Slime Boss","floor":120.0,"turns":3.0},{"damage":0.0,"enemies":"Shell Parasite","floor":122.0,"turns":1.0},{"damage":0.0,"enemies":"Chosen","floor":123.0,"turns":2.0},{"damage":0.0,"enemies":"Snake Plant","floor":125.0,"turns":1.0},{"damage":0,"enemies":"Nightmare_Alpha","floor":127,"turns":6},{"damage":12,"enemies":"Cultist and Chosen","floor":129,"turns":2},{"damage":11,"enemies":"Centurion and Healer","floor":131,"turns":2},{"damage":0,"enemies":"Snake Plant","floor":132,"turns":1},{"damage":0,"enemies":"Collector","floor":137,"turns":1},{"damage":0,"enemies":"3 Darklings","floor":139,"turns":4},{"damage":0,"enemies":"3 Shapes","floor":140,"turns":1},{"damage":0,"enemies":"Sphere and 2 Shapes","floor":141,"turns":2},{"damage":0,"enemies":"Nemesis","floor":144,"turns":3},{"damage":0,"enemies":"Transient","floor":146,"turns":5},{"damage":0,"enemies":"Writhing Mass","floor":148,"turns":2},{"damage":0,"enemies":"R_Hoarder","floor":149,"turns":4},{"damage":0,"enemies":"Spire Growth","floor":150,"turns":2},{"damage":42,"enemies":"infinitespire:MassOfShapes","floor":154,"turns":5},{"damage":0,"enemies":"Shield and Spear","floor":158,"turns":3},{"damage":0,"enemies":"The Heart","floor":159,"turns":5}],"seed_played":"7959169058786590371","potions_obtained":[{"floor":1.0,"key":"infinitespire:BlackPotion"},{"floor":4.0,"key":"Weak Potion"},{"floor":6.0,"key":"Fire Potion"},{"floor":18.0,"key":"BlessingOfTheForge"},{"floor":24.0,"key":"Fruit Juice"},{"floor":27.0,"key":"GamblersBrew"},{"floor":31.0,"key":"Adrenaline Potion"},{"floor":38.0,"key":"Doom Potion"},{"floor":40.0,"key":"SteroidPotion"},{"floor":41.0,"key":"LiquidMemories"},{"floor":42.0,"key":"Energy Potion"},{"floor":48.0,"key":"LiquidMemories"},{"floor":56.0,"key":"PowerPotion"},{"floor":59.0,"key":"Adrenaline Potion"},{"floor":64.0,"key":"Dexterity Potion"},{"floor":65.0,"key":"ColorlessPotion"},{"floor":65.0,"key":"Explosive Potion"},{"floor":67.0,"key":"Strength Potion"},{"floor":69.0,"key":"BlessingOfTheForge"},{"floor":72.0,"key":"Flashbang"},{"floor":75.0,"key":"Regen Potion"},{"floor":81.0,"key":"Toxic Potion"},{"floor":83.0,"key":"Block Potion"},{"floor":86.0,"key":"AttackPotion"},{"floor":88.0,"key":"Adrenaline Potion"},{"floor":90.0,"key":"Block Potion"},{"floor":93.0,"key":"infinitespire:BlackPotion"},{"floor":94.0,"key":"Swift Potion"},{"floor":95.0,"key":"Swift Potion"},{"floor":98.0,"key":"Energy Potion"},{"floor":99.0,"key":"LiquidMemories"},{"floor":100.0,"key":"ColorlessPotion"},{"floor":101.0,"key":"LiquidMemories"},{"floor":103.0,"key":"Regen Potion"},{"floor":105.0,"key":"Elixir"},{"floor":108.0,"key":"DuplicationPotion"},{"floor":111.0,"key":"AttackPotion"},{"floor":116.0,"key":"AttackPotion"},{"floor":117.0,"key":"LiquidBronze"},{"floor":118.0,"key":"PowerPotion"},{"floor":120.0,"key":"AttackPotion"},{"floor":122.0,"key":"Ancient Potion"},{"floor":123.0,"key":"Languid Potion"},{"floor":129,"key":"Death Potion"},{"floor":131,"key":"Milkshake"},{"floor":132,"key":"Cursed Concoction"},{"floor":139,"key":"ColorlessPotion"},{"floor":140,"key":"LiquidMemories"},{"floor":141,"key":"Elixir"},{"floor":148,"key":"FearPotion"},{"floor":149,"key":"ColorlessPotion"},{"floor":150,"key":"Swift Potion"},{"floor":154,"key":"Block Potion"},{"floor":159,"key":"Swift Potion"}],"is_trial":false,"path_per_floor":["M","M","?","M","M","E","R","M","T","E","R","E","R","M","R","B",null,"M","?","M","M","AVR","R","NM","R","T","M","M","E","$","E","R","B",null,"M","M","$","?","AVR","E","?","E","T","R","$","M","R","M","R","B",null,"M","?","?","M","M","E","M","M","T","R","E","AVR","M","?","R","B",null,"M","?","?","M","?","R","E","R","T","PTL","PTL","R","M","$","E","M","R","B",null,"M","?","M","$","?","E","?","M","T","R","?","M","E","M","R","B",null,"M","?","?","M","AVR","R","E","R","T","R","NM","M","M","M","R","B",null,"M","M","?","M","?","NM","R","M","T","M","M","$","?","AVR","R","B",null,"M","M","M","?","$","E","R","M","T","M","E","M","?","?","R","B",null,"R","$","E","B",null],"character_chosen":"THE_HERO","items_purchased":["Lizard Tail","Fruit Juice","infinitespire:Chaos","Fruit Juice","Mummified Hand","DistilledChaos","Explosive Potion","infinitespire:WardingShard","Lee\u0027s Waffle","Counterbalance","Omamori","Master of Strategy","HandDrill","Elixir"],"campfire_rested":4,"item_purchase_floors":[30,37,45,45,82,82,82,91,91,143,157,157,157,157],"current_hp_per_floor":[75,75,75,75,65,69,69,62,62,50,72,50,50,51,73,41,75,72,72,72,64,64,64,66,87,87,87,81,44,44,22,48,41,87,82,59,64,64,64,74,67,79,79,79,88,101,101,101,101,101,101,101,98,98,101,101,101,87,77,77,77,97,97,101,101,101,101,101,101,101,99,87,87,87,77,77,77,77,77,77,97,97,102,102,102,102,102,102,102,97,109,95,109,109,109,109,109,109,109,109,109,109,109,109,109,102,102,107,107,105,105,105,105,105,106,106,106,106,106,106,106,106,106,106,106,103,106,106,106,106,106,106,106,106,107,107,110,108,108,111,111,92,92,109,109,107,107,107,107,107,107,107,107,102,111,111,114,115,118],"gold":468,"neow_bonus":"THREE_ENEMY_KILL","is_daily":false,"chose_seed":false,"campfire_upgraded":20,"win_rate":0.0,"timestamp":1609134101,"path_taken":["M","?","?","M","M","E","R","M","T","E","R","E","R","M","R","BOSS","M","?","M","M","AVR","R","NM","R","T","?","M","E","$","E","R","BOSS","M","M","$","?","AVR","E","?","E","T","R","?","M","R","?","R","BOSS","M","?","?","M","M","E","M","M","T","R","E","AVR","M","?","R","BOSS","M","?","?","?","?","R","E","R","T","PTL","PTL","R","M","?","E","M","R","BOSS","M","?","M","$","?","E","?","?","T","R","?","M","E","M","R","BOSS","M","?","?","M","AVR","R","E","R","T","R","NM","M","?","M","R","BOSS","M","M","?","?","?","NM","R","M","T","M","?","?","?","AVR","R","BOSS","M","M","M","?","?","E","R","M","T","M","E","?","?","?","R","BOSS","R","$","E","BOSS"],"items_purchased_type":["Relic","Potion","Relic","Potion","Relic","Potion","Potion","Relic","Relic","Relic","Relic","Card","Relic","Potion"],"build_version":"2020-12-22","purchased_purges":9,"victory":true,"max_hp_per_floor":[75,75,75,75,75,75,75,75,75,75,75,75,75,75,75,75,75,75,75,75,75,75,75,87,87,87,87,87,87,87,87,87,87,87,87,87,92,92,92,92,92,92,92,92,101,101,101,101,101,101,101,101,101,101,101,101,101,101,101,101,101,101,101,101,101,101,101,101,101,101,99,99,99,99,99,99,99,99,97,97,97,97,102,102,102,102,102,102,102,102,109,109,109,109,109,109,109,109,109,109,109,109,109,109,109,109,107,107,107,105,105,105,105,105,106,106,106,106,106,106,106,106,106,106,106,103,106,106,106,106,106,106,106,106,107,107,110,108,108,111,111,111,109,109,109,107,107,107,107,107,107,107,107,108,111,111,114,115,118],"card_choices":[{"not_picked":["animeID:Tsuyu","animeID:ToruHagakure"],"picked":"animeID:Ojiro","floor":1.0},{"not_picked":["animeID:Tsuyu","animeID:ToruHagakure","animeID:Mineta"],"picked":"SKIP","floor":2.0},{"not_picked":["animeID:Mineta","animeID:Momo"],"picked":"animeID:Rei","floor":4.0},{"not_picked":["animeID:Uraraka","animeID:DetroitDelaware"],"picked":"animeID:Kendo","floor":5.0},{"not_picked":["animeID:Momo","animeID:Thirteen"],"picked":"animeID:Endeavor","floor":6.0},{"not_picked":["animeID:DetroitSmash","animeID:ToruHagakure"],"picked":"animeID:EraserHead","floor":8.0},{"not_picked":["animeID:Mineta","animeID:Hatsume"],"picked":"animeID:RecoveryGirl","floor":10.0},{"not_picked":["animeID:Mina","animeID:TodorokiShoto"],"picked":"animeID:Thirteen","floor":12.0},{"not_picked":["animeID:Uraraka","animeID:Tomura"],"picked":"animeID:Iida","floor":14.0},{"not_picked":["animeID:RedRiot","animeID:Shigaraki"],"picked":"animeID:AllForOne","floor":16.0},{"not_picked":["animeID:DetroitSmash","animeID:Crystallize"],"picked":"animeID:Kendo","floor":18.0},{"not_picked":["animeID:Tsuyu+1","animeID:Aoyama"],"picked":"animeID:Tamaki","floor":20.0},{"not_picked":["animeID:Aoyama+1","animeID:Kirishima"],"picked":"animeID:Iida+1","floor":21.0},{"not_picked":["animeID:Tomura","animeID:GranTorino"],"picked":"animeID:TetsuTetsu+1","floor":24.0},{"not_picked":["animeID:Himiko","animeID:Twice"],"picked":"animeID:PresentMic","floor":27.0},{"not_picked":["animeID:Aoyama","animeID:Mezo+1","animeID:Mina"],"picked":"SKIP","floor":28.0},{"not_picked":["animeID:GranTorino","animeID:EraserHead","animeID:Mina+1"],"picked":"SKIP","floor":29.0},{"not_picked":["animeID:Tamaki+1","animeID:ShootStyle","animeID:Tengai"],"picked":"SKIP","floor":31.0},{"not_picked":["animeID:Hawks","animeID:Shigaraki"],"picked":"animeID:USA_Smash","floor":33.0},{"not_picked":["animeID:ToruHagakure+1","animeID:Twice+1"],"picked":"animeID:Cementoss+1","floor":35.0},{"not_picked":["animeID:DelawareSmash+1","animeID:Mina"],"picked":"animeID:Cementoss","floor":36.0},{"not_picked":["animeID:DetroitSmash+1","animeID:Tomura+1"],"picked":"animeID:Deku+1","floor":38.0},{"not_picked":["animeID:Dabi+1","animeID:Mina+1"],"picked":"animeID:RedRiot","floor":38.0},{"not_picked":["animeID:TodorokiShoto+1","animeID:Tamaki"],"picked":"animeID:RedRiot","floor":40.0},{"not_picked":["infinitespire:Punishment","infinitespire:NeuralNetwork"],"picked":"infinitespire:Gouge","floor":41.0},{"not_picked":["animeID:Ojiro","animeID:Kurono"],"picked":"animeID:Chisaki","floor":42.0},{"not_picked":["Redo"],"picked":"SKIP","floor":46.0},{"not_picked":["Redo"],"picked":"SKIP","floor":46.0},{"not_picked":["Redo"],"picked":"SKIP","floor":48.0},{"not_picked":[],"picked":"Wish","floor":50.0},{"not_picked":["Prepared"],"picked":"SKIP","floor":52.0},{"not_picked":["animeID:DetroitSmash+1"],"picked":"SKIP","floor":55.0},{"not_picked":[],"picked":"Rebound+1","floor":56.0},{"not_picked":["Dagger Throw+1"],"picked":"SKIP","floor":57.0},{"not_picked":["Prepared"],"picked":"SKIP","floor":58.0},{"not_picked":["Quick Slash+1"],"picked":"SKIP","floor":59.0},{"not_picked":["animeID:Mineta"],"picked":"SKIP","floor":62.0},{"not_picked":["Berserk+1"],"picked":"SKIP","floor":64.0},{"not_picked":[],"picked":"Demon Form+1","floor":67.0},{"not_picked":["infinitespire:Collect","infinitespire:NeuralNetwork"],"picked":"infinitespire:Menacing","floor":68.0},{"not_picked":["Go for the Eyes+1"],"picked":"SKIP","floor":69.0},{"not_picked":["CrushJoints+1"],"picked":"SKIP","floor":72.0},{"not_picked":["Melter+1"],"picked":"SKIP","floor":75.0},{"not_picked":["Ball Lightning+1"],"picked":"SKIP","floor":81.0},{"not_picked":[],"picked":"Replay:DivineShield","floor":83.0},{"not_picked":["Clash+1"],"picked":"SKIP","floor":84.0},{"not_picked":[],"picked":"Scrawl","floor":86.0},{"not_picked":["Immolate+1"],"picked":"SKIP","floor":88.0},{"not_picked":["True Grit"],"picked":"SKIP","floor":90.0},{"not_picked":["Conclude+1"],"picked":"SKIP","floor":93.0},{"not_picked":["animeID:Mezo+1"],"picked":"SKIP","floor":95.0},{"not_picked":[],"picked":"Double Energy+1","floor":99.0},{"not_picked":["Conserve Battery"],"picked":"SKIP","floor":100.0},{"not_picked":["Reinforced Body"],"picked":"SKIP","floor":101.0},{"not_picked":[],"picked":"Transmutation","floor":103.0},{"not_picked":[],"picked":"Injury","floor":104.0},{"not_picked":[],"picked":"Writhe","floor":104.0},{"not_picked":[],"picked":"Decay","floor":104.0},{"not_picked":["Finesse"],"picked":"SKIP","floor":105.0},{"not_picked":["animeID:Mezo+1"],"picked":"SKIP","floor":108.0},{"not_picked":["Choke+1","Scrawl"],"picked":"SKIP","floor":111.0},{"not_picked":["ReplayTheSpireMod:Echoes of Time","infinitespire:Execution"],"picked":"infinitespire:Starlight","floor":115.0},{"not_picked":["Twin Strike+1","Core Surge+1"],"picked":"SKIP","floor":115.0},{"not_picked":["Clash+1","Backflip"],"picked":"SKIP","floor":116.0},{"not_picked":["animeID:ShootStyle+1","ReplayTheSpireMod:Shiv Toss"],"picked":"SKIP","floor":117.0},{"not_picked":["Prepared","Run Through+1"],"picked":"SKIP","floor":118.0},{"not_picked":["Beam Cell+1","Dodge and Roll"],"picked":"SKIP","floor":122.0},{"not_picked":["animeID:Bakugo+1","JustLucky+1"],"picked":"SKIP","floor":123.0},{"not_picked":["Secret Weapon","Pommel Strike+1"],"picked":"SKIP","floor":125.0},{"not_picked":["infinitespire:Collect","infinitespire:TheBestDefense"],"picked":"infinitespire:Punishment","floor":127},{"not_picked":["Abandon","Replay:ManipulateFuture"],"picked":"SKIP","floor":127},{"not_picked":["Disarm","animeID:DelawareSmash+1"],"picked":"SKIP","floor":129},{"not_picked":["Replay:Parry+1","FlyingSleeves+1"],"picked":"SKIP","floor":131},{"not_picked":["Shrug It Off","Acrobatics+1"],"picked":"SKIP","floor":132},{"not_picked":["Venomology"],"picked":"Midas Touch","floor":137},{"not_picked":["Well Laid Plans+1","animeID:Iida"],"picked":"SKIP","floor":139},{"not_picked":["Hello World+1"],"picked":"Double Energy","floor":140},{"not_picked":["Perfected Strike+1","All For One+1"],"picked":"SKIP","floor":141},{"not_picked":["animeID:DetroitSmash+1","animeID:Tamaki+1"],"picked":"SKIP","floor":144},{"not_picked":["animeID:Muscular+1","animeID:Iida+1"],"picked":"SKIP","floor":146},{"not_picked":["animeID:NightEye+1","animeID:Crystallize+1"],"picked":"SKIP","floor":148},{"not_picked":["animeID:Kaminari","animeID:Mezo+1"],"picked":"SKIP","floor":149},{"not_picked":["animeID:Kurono","animeID:Kaminari"],"picked":"SKIP","floor":150},{"not_picked":["animeID:Chisaki+1"],"picked":"animeID:MirioTogata+1","floor":154},{"not_picked":["animeID:GranTorino+1"],"picked":"animeID:USA_Smash+1","floor":158},{"not_picked":["animeID:ProminenceBurn+1"],"picked":"animeID:Shigaraki+1","floor":159}],"player_experience":231099,"relics_obtained":[{"floor":6.0,"key":"Blood Vial"},{"floor":9.0,"key":"Nunchaku"},{"floor":10.0,"key":"ReplayFunnel"},{"floor":12.0,"key":"Grinning Jar"},{"floor":24.0,"key":"Strawberry"},{"floor":26.0,"key":"infinitespire:Midas Blood"},{"floor":29.0,"key":"infinitespire:CursedDice"},{"floor":31.0,"key":"StoneCalendar"},{"floor":38.0,"key":"Replay:Rubber Ducky"},{"floor":40.0,"key":"ReplayTheSpireMod:Shallot"},{"floor":42.0,"key":"Old Coin"},{"floor":43.0,"key":"TungstenRod"},{"floor":49.0,"key":"Ring of Hypnosis"},{"floor":49.0,"key":"ReplayTheSpireMod:Ring of Challenge"},{"floor":57.0,"key":"Bottled Tornado"},{"floor":60.0,"key":"infinitespire:Satchel"},{"floor":62.0,"key":"Frozen Egg 2"},{"floor":65.0,"key":"ReplayTheSpireMod:Ring of Addiction"},{"floor":65.0,"key":"Toy Ornithopter"},{"floor":65.0,"key":"White Beast Statue"},{"floor":75.0,"key":"Torii"},{"floor":75.0,"key":"Ginger"},{"floor":77.0,"key":"Replay:Baseball"},{"floor":83.0,"key":"InkBottle"},{"floor":83.0,"key":"Durian"},{"floor":93.0,"key":"Happy Flower"},{"floor":93.0,"key":"Replay:Rubber Ducky"},{"floor":94.0,"key":"Gambling Chip"},{"floor":96.0,"key":"Bottled Flame"},{"floor":98.0,"key":"Replay:Towering Pillar of Hats"},{"floor":100.0,"key":"Lantern"},{"floor":100.0,"key":"Pet Ghost"},{"floor":111.0,"key":"Vajra"},{"floor":111.0,"key":"infinitespire:CheckeredPen"},{"floor":113.0,"key":"Replay:Ringing Soul"},{"floor":115.0,"key":"Replay:Bottled Snecko"},{"floor":115.0,"key":"Old Coin"},{"floor":119.0,"key":"Quantum Egg"},{"floor":127,"key":"Replay:Bottled Eggs"},{"floor":127,"key":"Blood Vial"},{"floor":130,"key":"Gremlin Food"},{"floor":144,"key":"Lizard Tail"},{"floor":144,"key":"ReplayTheSpireMod:Lightbulb"},{"floor":147,"key":"Eternal Feather"},{"floor":149,"key":"Onion Ring"},{"floor":149,"key":"infinitespire:FocusingShard"},{"floor":158,"key":"Toxic Egg 2"},{"floor":158,"key":"Replay:Multitool"}],"event_choices":[{"damage_healed":0.0,"max_hp_gain":0.0,"max_hp_loss":0.0,"gold_gain":0.0,"event_name":"Living Wall","player_choice":"Grow","floor":3.0,"gold_loss":0.0,"damage_taken":0.0,"cards_upgraded":["animeID:Deku"]},{"damage_healed":0.0,"max_hp_gain":0.0,"max_hp_loss":0.0,"gold_gain":250.0,"event_name":"The Joust","player_choice":"Bet on Owner","floor":19.0,"gold_loss":50.0,"damage_taken":0.0},{"damage_healed":0.0,"max_hp_gain":0.0,"max_hp_loss":0.0,"gold_gain":0.0,"event_name":"The Joust","player_choice":"Bet on Murderer","floor":41.0,"gold_loss":50.0,"damage_taken":0.0},{"damage_healed":0.0,"max_hp_gain":0.0,"max_hp_loss":0.0,"gold_gain":0.0,"event_name":"betterThird:BetterScrap","player_choice":"Relic ","floor":53.0,"gold_loss":0.0,"damage_taken":3.0,"cards_obtained":["ReplayTheSpireMod:Speed Training"]},{"damage_healed":0.0,"max_hp_gain":0.0,"max_hp_loss":0.0,"gold_gain":0.0,"event_name":"The Library","player_choice":"Read","floor":70.0,"gold_loss":0.0,"damage_taken":0.0,"cards_obtained":["animeID:Rei"]},{"damage_healed":0.0,"max_hp_gain":0.0,"max_hp_loss":0.0,"gold_gain":0.0,"event_name":"N\u0027loth","player_choice":"Traded Relic","floor":71.0,"relics_lost":["Replay:Bandana"],"gold_loss":0.0,"damage_taken":0.0,"relics_obtained":["Nloth\u0027s Gift"]},{"damage_healed":0.0,"max_hp_gain":0.0,"max_hp_loss":0.0,"gold_gain":0.0,"event_name":"Vampires","player_choice":"Ignored","floor":73.0,"gold_loss":0.0,"damage_taken":0.0},{"damage_healed":0.0,"max_hp_gain":0.0,"max_hp_loss":0.0,"gold_gain":0.0,"event_name":"Winding Halls","player_choice":"Embrace Madness","floor":92.0,"gold_loss":0.0,"damage_taken":14.0,"cards_obtained":["Madness","Madness"]},{"damage_healed":0.0,"max_hp_gain":0.0,"max_hp_loss":0.0,"gold_gain":0.0,"event_name":"MindBloom","player_choice":"Fight","floor":94.0,"gold_loss":0.0,"damage_taken":0.0},{"damage_healed":0.0,"max_hp_gain":0.0,"max_hp_loss":0.0,"gold_gain":0.0,"event_name":"Mysterious Sphere","player_choice":"Fight","floor":98.0,"gold_loss":0.0,"damage_taken":0.0},{"damage_healed":0.0,"max_hp_gain":0.0,"max_hp_loss":0.0,"gold_gain":0.0,"event_name":"Tomb of Lord Red Mask","player_choice":"Ignored","floor":102.0,"gold_loss":0.0,"damage_taken":0.0},{"cards_removed":["Amnesia"],"damage_healed":0.0,"max_hp_gain":0.0,"max_hp_loss":0.0,"gold_gain":0.0,"event_name":"Golden Wing","player_choice":"Card Removal","floor":106.0,"gold_loss":0.0,"damage_taken":7.0},{"damage_healed":0.0,"max_hp_gain":0.0,"max_hp_loss":0.0,"gold_gain":0.0,"event_name":"betterThird:BetterSerpent","player_choice":"Ignored","floor":107.0,"gold_loss":0.0,"damage_taken":648.0},{"cards_removed":["Injury"],"damage_healed":0.0,"max_hp_gain":0.0,"max_hp_loss":0.0,"gold_gain":0.0,"event_name":"Designer","player_choice":"Upgrade and Remove","floor":124.0,"gold_loss":90.0,"damage_taken":0.0,"cards_upgraded":["animeID:Ojiro"]},{"cards_removed":["Writhe","Parasite"],"damage_healed":0.0,"max_hp_gain":0.0,"max_hp_loss":0.0,"gold_gain":0.0,"event_name":"Fountain of Cleansing","player_choice":"Removed Curses","floor":126.0,"gold_loss":0.0,"damage_taken":0.0},{"damage_healed":0,"gold_gain":99,"player_choice":"Steal","damage_taken":0,"max_hp_gain":0,"max_hp_loss":0,"event_name":"betterThird:BetterNest","floor":134,"gold_loss":0},{"damage_healed":0,"gold_gain":0,"player_choice":"Chosen: Green","damage_taken":0,"max_hp_gain":0,"max_hp_loss":0,"event_name":"betterThird:BetterPortal","floor":142,"gold_loss":0},{"damage_healed":0,"gold_gain":180,"player_choice":"GOLD GOLD ","damage_taken":19,"max_hp_gain":0,"max_hp_loss":0,"event_name":"Knowing Skull","floor":142,"potions_obtained":[],"gold_loss":0,"cards_obtained":[]},{"damage_healed":0,"gold_gain":0,"player_choice":"Ignored","damage_taken":0,"max_hp_gain":0,"max_hp_loss":0,"event_name":"Tomb of Lord Red Mask","floor":151,"gold_loss":0},{"cards_removed":["animeID:Kendo"],"damage_healed":0,"gold_gain":0,"player_choice":"Removed Attack","damage_taken":0,"max_hp_gain":0,"max_hp_loss":0,"event_name":"Falling","floor":152,"gold_loss":0}],"is_beta":false,"boss_relics":[{"not_picked":["Ring of Chaos","SlaversCollar"],"picked":"Runic Pyramid"},{"not_picked":["Sozu","Kintsugi"],"picked":"Empty Cage"},{"not_picked":["Calling Bell","Replay:Bronze Core"],"picked":"Astrolabe"},{"not_picked":["Replay:Grab Bag","Fusion Hammer"],"picked":"Black Star"},{"not_picked":["Abe\u0027s Treasure","Replay:Drink Me"],"picked":"Runic Pyramid"},{"not_picked":["Sozu","Honey Jar"],"picked":"Replay:Ancient Bell"},{"not_picked":["Oddly Smooth Stone","Blood Vial"],"picked":"Smiling Mask"},{"not_picked":["ReplayTheSpireMod:Ninjato","Sundial"],"picked":"Shuriken"},{"not_picked":["infinitespire:Lychee Nut","FossilizedHelix"],"picked":"Calipers"},{"not_picked":["infinitespire:Cupcake","Velvet Choker","Snecko Eye"]},{"not_picked":["Painkiller Herb","ChewingGum"],"picked":"Ring of Chaos"},{"not_picked":["Sozu","Honey Jar"],"picked":"Kintsugi"}],"items_purged_floors":[22,30,39,45,109,133,135,143,157],"is_endless":true,"potions_floor_spawned":[1,4,6,18,24,27,31,40,41,41,42,48,56,59,64,67,69,72,75,81,83,84,86,88,90,93,94,95,98,99,100,101,103,105,108,111,116,117,118,120,122,123,125,129,131,132,137,139,140,141,144,146,148,149,150,154,158,159],"ascension_level":1}}