{"host":"h4390p13uu6iw1q5","time":1609128330,"event":{"mods":["BaseMod","Colored Map","Minty Spire (QoL Compilation)"],"gold_per_floor":[134,174,174,1,16,16,56,111,111,186,201,21,51,91,91,191,191,231,231,246,267,27,27,42,42,67,67,192,192,192,232,232,332,332,397,437,36,86,86,86,86,86,86,86,126,126,141,156,156,156,156],"floor_reached":50,"playtime":3266,"items_purged":["Strike_P"],"score":575,"play_id":"65b9c8f7-7adc-4bea-bfd6-b6dd8872a4f5","local_time":"20201227230530","daily_mods":["Allstar","Colorless Cards","Night Terrors"],"is_ascension_mode":false,"campfire_choices":[{"data":"Apotheosis","floor":6,"key":"SMITH"},{"floor":15,"key":"REST"},{"floor":23,"key":"REST"},{"floor":25,"key":"REST"},{"data":"BowlingBash","floor":27,"key":"SMITH"},{"floor":29,"key":"REST"},{"data":"Consecrate","floor":32,"key":"SMITH"},{"data":"BattleHymn","floor":40,"key":"SMITH"},{"data":"MentalFortress","floor":42,"key":"SMITH"},{"data":"Wish","floor":49,"key":"SMITH"}],"circlet_count":0,"master_deck":["Defend_P","Defend_P","Defend_P","Defend_P","Eruption","Vigilance+1","Chrysalis","Dark Shackles","HandOfGreed+1","Apotheosis+1","Impatience+1","Consecrate+1","Crescendo","EmptyBody","Metamorphosis","BowlingBash+1","EmptyMind","SashWhip","SpiritShield","Impatience","Bite","Bite","Bite","Bite","Bite","FollowUp+1","Indignation","Good Instincts+1","HandOfGreed","Meditate+1","Secret Technique","EmptyBody+1","Wireheading+1","MentalFortress","BattleHymn+1","MentalFortress+1","Adaptation","Protect","Madness","Madness","Impatience","MentalFortress+1","SpiritShield","ThirdEye","Wish+1"],"relics":["PureWater","Art of War","Pear","The Courier","War Paint","Dream Catcher","SlaversCollar","Red Mask","Lantern","OrangePellets","Potion Belt","FossilizedHelix","Gremlin Horn","Bottled Lightning","Coffee Dripper","Happy Flower","Torii","Mercury Hourglass"],"acts_visited":["Exordium","TheCity","TheBeyond"],"potions_floor_usage":[13,16,18,21,21,28,36,45,50,50],"damage_taken":[{"damage":0,"enemies":"Small Slimes","floor":1,"turns":4},{"damage":0,"enemies":"2 Louse","floor":2,"turns":3},{"damage":6,"enemies":"Jaw Worm","floor":5,"turns":4},{"damage":7,"enemies":"Exordium Wildlife","floor":7,"turns":3},{"damage":16,"enemies":"Gremlin Nob","floor":8,"turns":3},{"damage":0,"enemies":"Blue Slaver","floor":11,"turns":3},{"damage":9,"enemies":"3 Sentries","floor":13,"turns":4},{"damage":2,"enemies":"Looter","floor":14,"turns":2},{"damage":0,"enemies":"Slime Boss","floor":16,"turns":3},{"damage":12,"enemies":"2 Thieves","floor":18,"turns":4},{"damage":15,"enemies":"Shell Parasite","floor":20,"turns":5},{"damage":34,"enemies":"Masked Bandits","floor":21,"turns":5},{"damage":39,"enemies":"Shelled Parasite and Fungi","floor":24,"turns":7},{"damage":0,"enemies":"Colosseum Slavers","floor":28,"turns":4},{"damage":36,"enemies":"Colosseum Nobs","floor":28,"turns":5},{"damage":0,"enemies":"3 Cultists","floor":31,"turns":3},{"damage":27,"enemies":"Collector","floor":33,"turns":7},{"damage":0,"enemies":"3 Shapes","floor":35,"turns":3},{"damage":0,"enemies":"3 Darklings","floor":36,"turns":2},{"damage":4,"enemies":"Mind Bloom Boss Battle","floor":38,"turns":5},{"damage":18,"enemies":"Maw","floor":45,"turns":7},{"damage":6,"enemies":"Spire Growth","floor":47,"turns":6},{"damage":0,"enemies":"3 Darklings","floor":48,"turns":6},{"damage":51,"enemies":"Awakened One","floor":50,"turns":12}],"seed_played":"3313543068594885719","potions_obtained":[{"floor":11,"key":"Strength Potion"},{"floor":13,"key":"AttackPotion"},{"floor":14,"key":"ColorlessPotion"},{"floor":16,"key":"Weak Potion"},{"floor":20,"key":"LiquidMemories"},{"floor":21,"key":"Explosive Potion"},{"floor":28,"key":"Swift Potion"},{"floor":33,"key":"Swift Potion"},{"floor":38,"key":"StancePotion"},{"floor":48,"key":"BlessingOfTheForge"}],"is_trial":false,"path_per_floor":["M","M","?","$","M","R","M","E","T","?","M","$","E","M","R","B",null,"M","?","M","?","$","R","M","R","T","R","?","R","T","M","R","B",null,"M","M","$","?","?","R","?","R","T","?","M","?","M","M","R","B"],"character_chosen":"WATCHER","items_purchased":["Art of War","Crescendo","War Paint","Lantern","OrangePellets","MentalFortress","BattleHymn","MentalFortress","Adaptation","Happy Flower","Protect"],"campfire_rested":4,"item_purchase_floors":[4,4,12,22,22,37,37,37,37,37,37],"current_hp_per_floor":[72,72,72,72,66,66,59,53,53,42,42,42,33,31,77,77,77,65,53,47,31,31,48,25,43,43,43,15,38,38,38,38,26,38,38,38,38,38,33,33,33,33,33,33,20,20,26,38,38,0,0],"gold":156,"neow_bonus":"","is_daily":true,"chose_seed":false,"campfire_upgraded":6,"win_rate":0.0,"timestamp":1609128330,"path_taken":["M","M","?","$","M","R","M","E","T","?","?","$","E","M","R","BOSS","M","?","M","?","$","R","M","R","T","R","?","R","?","M","R","BOSS","M","M","$","?","?","R","?","R","T","?","M","?","M","M","R","BOSS"],"items_purchased_type":["Relic","Card","Relic","Relic","Relic","Card","Card","Card","Card","Relic","Card"],"build_version":"2020-12-22","purchased_purges":1,"victory":false,"max_hp_per_floor":[72,72,72,72,72,72,72,82,82,82,82,82,82,82,77,77,77,77,53,53,53,53,48,48,43,43,43,43,38,38,38,38,38,38,38,38,38,38,38,38,38,38,38,38,38,38,38,38,38,38,38],"card_choices":[{"not_picked":["Dark Shackles","EmptyBody"],"picked":"Consecrate","floor":1},{"not_picked":["Blind","Halt","PathToVictory"],"picked":"SKIP","floor":2},{"not_picked":["Halt","Deep Breath"],"picked":"FlyingSleeves","floor":5},{"not_picked":["Swift Strike","EmptyMind"],"picked":"EmptyBody","floor":7},{"not_picked":["FlurryOfBlows","Perseverance"],"picked":"Metamorphosis","floor":8},{"not_picked":["JustLucky","ClearTheMind"],"picked":"BowlingBash","floor":11},{"not_picked":["Crescendo","Pray"],"picked":"EmptyMind","floor":13},{"not_picked":["Crescendo","Impatience","Jack Of All Trades"],"picked":"SKIP","floor":14},{"not_picked":["Nirvana","EmptyFist"],"picked":"SashWhip","floor":15},{"not_picked":["Wish","Blasphemy"],"picked":"SpiritShield","floor":16},{"not_picked":["ThirdEye+1","Impatience","EmptyBody"],"picked":"SKIP","floor":18},{"not_picked":["ThirdEye+1","EmptyBody"],"picked":"Impatience","floor":18},{"not_picked":["FollowUp","JustLucky","MentalFortress"],"picked":"SKIP","floor":20},{"not_picked":["MentalFortress","EmptyMind+1"],"picked":"FollowUp+1","floor":21},{"not_picked":["CrushJoints","EmptyFist+1"],"picked":"Indignation","floor":23},{"not_picked":["Prostrate","PathToVictory+1"],"picked":"Good Instincts+1","floor":24},{"not_picked":["Consecrate","CutThroughFate"],"picked":"HandOfGreed","floor":25},{"not_picked":["FearNoEvil","Impatience"],"picked":"Meditate+1","floor":29},{"not_picked":["Evaluate","Consecrate","EmptyFist"],"picked":"SKIP","floor":31},{"not_picked":["Scrawl","Chrysalis"],"picked":"Secret Technique","floor":33},{"not_picked":["SashWhip","SignatureMove+1"],"picked":"EmptyBody+1","floor":35},{"not_picked":["Pray+1","Perseverance+1"],"picked":"Wireheading+1","floor":36},{"not_picked":["Trip","Violence"],"picked":"Impatience","floor":44},{"not_picked":["FlyingSleeves+1","Halt+1"],"picked":"MentalFortress+1","floor":45},{"not_picked":["SashWhip","ReachHeaven+1"],"picked":"ThirdEye","floor":47},{"not_picked":["FlurryOfBlows+1","SashWhip"],"picked":"Wish","floor":48}],"player_experience":2385183,"relics_obtained":[{"floor":8,"key":"Pear"},{"floor":9,"key":"The Courier"},{"floor":13,"key":"Dream Catcher"},{"floor":21,"key":"Red Mask"},{"floor":26,"key":"Potion Belt"},{"floor":28,"key":"FossilizedHelix"},{"floor":28,"key":"Gremlin Horn"},{"floor":30,"key":"Bottled Lightning"},{"floor":38,"key":"Torii"},{"floor":43,"key":"Mercury Hourglass"}],"event_choices":[{"damage_healed":0,"gold_gain":0,"player_choice":"Grow","damage_taken":0,"max_hp_gain":0,"max_hp_loss":0,"event_name":"Living Wall","floor":3,"gold_loss":0,"cards_upgraded":["HandOfGreed"]},{"damage_healed":0,"gold_gain":75,"player_choice":"Gather Gold","damage_taken":11,"max_hp_gain":0,"max_hp_loss":0,"event_name":"World of Goop","floor":10,"gold_loss":0},{"damage_healed":0,"gold_gain":0,"player_choice":"Became a vampire","damage_taken":0,"max_hp_gain":0,"max_hp_loss":24,"event_name":"Vampires","floor":19,"gold_loss":0,"cards_obtained":["Bite","Bite","Bite","Bite","Bite"]},{"damage_healed":0,"gold_gain":0,"player_choice":"Fought Bandits","damage_taken":0,"max_hp_gain":0,"max_hp_loss":0,"event_name":"Masked Bandits","floor":21,"gold_loss":0},{"damage_healed":0,"gold_gain":0,"player_choice":"Fight","damage_taken":0,"max_hp_gain":0,"max_hp_loss":0,"event_name":"Colosseum","floor":28,"gold_loss":0},{"damage_healed":0,"gold_gain":0,"player_choice":"Fought Nobs","damage_taken":0,"max_hp_gain":0,"max_hp_loss":0,"event_name":"Colosseum","floor":28,"gold_loss":0},{"damage_healed":0,"gold_gain":0,"player_choice":"Fight","damage_taken":0,"max_hp_gain":0,"max_hp_loss":0,"event_name":"MindBloom","floor":38,"gold_loss":0},{"damage_healed":0,"gold_gain":0,"player_choice":"Embrace Madness","damage_taken":5,"max_hp_gain":0,"max_hp_loss":0,"event_name":"Winding Halls","floor":39,"gold_loss":0,"cards_obtained":["Madness","Madness"]},{"cards_removed":["FlyingSleeves"],"damage_healed":0,"gold_gain":0,"player_choice":"Removed Attack","damage_taken":0,"max_hp_gain":0,"max_hp_loss":0,"event_name":"Falling","floor":41,"gold_loss":0},{"damage_healed":0,"gold_gain":0,"player_choice":"Memory 1","damage_taken":0,"max_hp_gain":0,"max_hp_loss":0,"event_name":"SensoryStone","floor":44,"gold_loss":0},{"damage_healed":0,"gold_gain":0,"player_choice":"Copied","damage_taken":0,"max_hp_gain":0,"max_hp_loss":0,"event_name":"Duplicator","floor":46,"gold_loss":0,"cards_obtained":["SpiritShield"]}],"is_beta":false,"boss_relics":[{"not_picked":["Snecko Eye","Astrolabe"],"picked":"SlaversCollar"},{"not_picked":["Sozu","Cursed Key"],"picked":"Coffee Dripper"}],"items_purged_floors":[12],"is_endless":false,"potions_floor_spawned":[11,13,14,16,20,21,28,33,38,48],"killed_by":"Awakened One","ascension_level":0}}