{"host":"hpblg3770qrn5zz2","time":1609197074,"event":{"mods":["BaseMod","Downfall","Duelist Mod","Minty Spire (QoL Compilation)","Replay The Spire","StSLib"],"gold_per_floor":[143,143,143,167,179,179,198,211,236,236,258,283,133,173,173,311,311,365,365,365,365,131,131,131,131,181,181,231,299,328,363,363,511,511,547,61,61,81,81,81,157,208,208,42,42,96,152,177,177,195,195],"floor_reached":50,"playtime":3141,"items_purged":[],"score":584,"play_id":"85db37e6-e338-4d97-bcaf-edaabd9ffdbe","local_time":"20201228151114","is_ascension_mode":false,"campfire_choices":[{"floor":6,"key":"REST"},{"floor":15,"key":"DIG"},{"floor":23,"key":"REST"},{"data":"theDuelist:Nameless:Power:MaskedDragon","floor":25,"key":"SMITH"},{"floor":27,"key":"REST"},{"floor":32,"key":"REST"},{"floor":40,"key":"REST"},{"floor":45,"key":"REST"}],"circlet_count":0,"master_deck":["theDuelist:BabyDragon","theDuelist:CaveDragon","theDuelist:RainbowNeos","theDuelist:RainbowOverdragon","theDuelist:KamionTimelord+1","theDuelist:MiraculousDescent","theDuelist:InfernoFireBlast","theDuelist:BloodSparks","theDuelist:Sparks+1","theDuelist:MeteorDestruction","theDuelist:SilentDoom+1","theDuelist:BigFire","theDuelist:GreenGraveOni","theDuelist:YamataDragon+1","theDuelist:Downbeat+1","theDuelist:RainbowOverdragon","theDuelist:Nameless:Power:MaskedDragon+1","theDuelist:LesserDragon+1","theDuelist:LesserDragon+1","theDuelist:KamionTimelord+1","theDuelist:CastleWalls+1","theDuelist:GravityAxe","theDuelist:SilentDoom","theDuelist:Nameless:Greed:GracefulCharity","theDuelist:CastleWalls","theDuelist:RainbowNeos","theDuelist:KamionTimelord","theDuelist:BerserkerCrush+1","theDuelist:ObeliskTormentor","theDuelist:CrystalBlessing","theDuelist:Eva","theDuelist:VendreadCharge","theDuelist:Eva+1","theDuelist:InfernoFireBlast","theDuelist:PsychicShockwave+1","theDuelist:TheCreator+1","theDuelist:BigFire+1","theDuelist:SpellShatteringArrow+1","theDuelist:FusionWeapon+1","theDuelist:DeltaAttacker"],"relics":["theDuelist:MillenniumPuzzle","theDuelist:CardPoolRelic","theDuelist:CardPoolBasicRelic","theDuelist:BoosterPackPoolRelic","theDuelist:CardPoolAddRelic","theDuelist:CardPoolMinusRelic","theDuelist:CardPoolSaveRelic","theDuelist:CardPoolOptionsRelic","ReplayTheSpireMod:TigerMarble","Replay:Bandana","Lantern","Gremlin Food","theDuelist:HauntedRelic","theDuelist:DuelistOrichalcum","Brimstone","Potion Belt","Nunchaku","theDuelist:MillenniumKey","theDuelist:MetronomeRelicD","Durian","Bird Faced Urn"],"acts_visited":["Exordium","TheCity","TheBeyond"],"potions_floor_usage":[30],"damage_taken":[{"damage":1,"enemies":"Jaw Worm","floor":1,"turns":3},{"damage":0,"enemies":"Cultist","floor":5,"turns":2},{"damage":4,"enemies":"2 Louse","floor":7,"turns":2},{"damage":0,"enemies":"Lots of Slimes","floor":8,"turns":2},{"damage":0,"enemies":"2 Fungi Beasts","floor":11,"turns":1},{"damage":7,"enemies":"Looter","floor":12,"turns":2},{"damage":0,"enemies":"Blue Slaver","floor":14,"turns":2},{"damage":26,"enemies":"Hexaghost","floor":16,"turns":8},{"damage":10,"enemies":"Chosen","floor":18,"turns":3},{"damage":22,"enemies":"2 Thieves","floor":28,"turns":3},{"damage":16,"enemies":"Replay:Snechameleon","floor":29,"turns":2},{"damage":2,"enemies":"Snecko","floor":30,"turns":1},{"damage":16,"enemies":"3 Cultists","floor":31,"turns":2},{"damage":69,"enemies":"Champ","floor":33,"turns":4},{"damage":0,"enemies":"3 Darklings","floor":35,"turns":3},{"damage":0,"enemies":"Orb Walker","floor":38,"turns":1},{"damage":4,"enemies":"R_Hoarder","floor":41,"turns":3},{"damage":5,"enemies":"Spire Growth","floor":42,"turns":4},{"damage":20,"enemies":"Maw","floor":46,"turns":5},{"damage":14,"enemies":"Jaw Worm Horde","floor":47,"turns":3},{"damage":2,"enemies":"4 Shapes","floor":48,"turns":2},{"damage":108,"enemies":"Awakened One","floor":50,"turns":7}],"seed_played":"913675955800486314","potions_obtained":[{"floor":5,"key":"BlessingOfTheForge"},{"floor":11,"key":"theDuelist:LavaBottle"},{"floor":14,"key":"Ancient Potion"},{"floor":21,"key":"Cursed Concoction"},{"floor":21,"key":"theDuelist:CoolBottle"},{"floor":21,"key":"theDuelist:DragonOrbPlusBottle"},{"floor":29,"key":"theDuelist:SealedPackC"},{"floor":33,"key":"theDuelist:VoidBottle"},{"floor":41,"key":"FearPotion"}],"is_trial":false,"path_per_floor":["M","?","?","T","M","R","M","M","T","?","M","M","$","M","R","B",null,"M","?","?","?","$","R","$","R","T","R","M","E","M","M","R","B",null,"M","$","?","M","$","R","E","M","T","$","R","M","M","M","R","B"],"character_chosen":"THE_DUELIST","items_purchased":["Lantern","theDuelist:GravityAxe","Brimstone","theDuelist:ObeliskTormentor","theDuelist:CrystalBlessing","theDuelist:MetronomeRelicD","theDuelist:TheCreator"],"campfire_rested":6,"item_purchase_floors":[13,22,22,36,36,36,44],"current_hp_per_floor":[79,84,67,67,67,85,81,81,81,81,85,78,78,78,78,52,89,83,83,77,77,77,93,93,93,93,93,71,55,57,41,70,1,97,97,97,92,92,92,97,98,93,93,93,102,86,76,74,74,0,0],"gold":195,"neow_bonus":"THREE_CARDS","is_daily":false,"chose_seed":false,"campfire_upgraded":1,"win_rate":0.0,"timestamp":1609197074,"path_taken":["M","?","?","?","M","R","?","?","T","?","?","M","$","M","R","BOSS","M","?","?","?","$","R","$","R","T","R","?","E","M","M","R","BOSS","M","?","?","M","$","R","E","M","T","?","R","M","M","M","R","BOSS"],"items_purchased_type":["Relic","Card","Relic","Card","Card","Relic","Card"],"build_version":"2020-12-22","purchased_purges":0,"victory":false,"max_hp_per_floor":[80,85,85,85,85,85,85,85,85,85,89,89,89,89,89,89,89,93,93,93,93,93,93,93,93,93,93,93,93,97,97,97,97,97,97,97,97,97,97,97,102,102,102,102,102,102,102,102,102,102,102],"card_choices":[{"not_picked":["theDuelist:SwordDeepSeated","theDuelist:CombinationAttack"],"picked":"theDuelist:BigFire","floor":0},{"not_picked":["theDuelist:LabyrinthWall","theDuelist:PurplePainOni","theDuelist:ReinforcementsArmy","theDuelist:BigKoala"],"picked":"theDuelist:RainbowOverdragon","floor":1},{"not_picked":["theDuelist:VenomShot","theDuelist:WhiteMagicalHat","theDuelist:BigKoala","theDuelist:LightningVortex"],"picked":"theDuelist:SilentDoom","floor":5},{"not_picked":["theDuelist:BattleguardKing","theDuelist:BigFire","theDuelist:LightningDarts","theDuelist:SmashingGround"],"picked":"theDuelist:RainbowOverdragon","floor":7},{"not_picked":["theDuelist:CrystalRaigeki","theDuelist:MythicalBeast"],"picked":"theDuelist:InfernoFireBlast","floor":8},{"not_picked":["theDuelist:ElectromagneticShield","theDuelist:Electrowhip","theDuelist:WhiteHowling"],"picked":"theDuelist:MiraculousDescent","floor":11},{"not_picked":["theDuelist:BigFire","theDuelist:Jinzo","theDuelist:DianKeto","theDuelist:HarpieFeather"],"picked":"theDuelist:GreenGraveOni","floor":12},{"not_picked":["theDuelist:SilentDoom","theDuelist:AfterTheStorm","theDuelist:PotDuality","theDuelist:DarkFactory"],"picked":"theDuelist:MeteorDestruction","floor":14},{"not_picked":["theDuelist:Mathematician","theDuelist:InstantFusion","theDuelist:PineappleBlast","theDuelist:Wildfire"],"picked":"theDuelist:KamionTimelord","floor":16},{"not_picked":["theDuelist:Mathematician","theDuelist:GravityLash","theDuelist:Raigeki","theDuelist:Wildfire"],"picked":"theDuelist:KamionTimelord+1","floor":18},{"not_picked":["theDuelist:Eva","theDuelist:HappyLover","theDuelist:LabyrinthWall","theDuelist:RainbowOverdragon+1"],"picked":"theDuelist:RainbowNeos","floor":28},{"not_picked":["theDuelist:DarkBurningAttack","theDuelist:WhiteMagicalHat","theDuelist:SpiritHarp","theDuelist:FrontierWiseman"],"picked":"theDuelist:RainbowNeos","floor":29},{"not_picked":["theDuelist:CoreBlaster","theDuelist:Hinotama","theDuelist:WhiteMagicalHat","theDuelist:UnderworldCannon+1"],"picked":"theDuelist:Downbeat+1","floor":30},{"not_picked":["theDuelist:AncientGearFist+1","theDuelist:Hinotama+1","theDuelist:InfernoFireBlast+1","theDuelist:SpiralSpearStrike+1"],"picked":"theDuelist:SilentDoom+1","floor":31},{"not_picked":["theDuelist:Eva+1","theDuelist:HappyLover","theDuelist:RainbowNeos","theDuelist:RainbowOverdragon+1"],"picked":"theDuelist:KamionTimelord","floor":33},{"not_picked":["theDuelist:CombinationAttack","theDuelist:SpellShatteringArrow+1","theDuelist:FluteKuriboh+1","theDuelist:Invigoration"],"picked":"theDuelist:BerserkerCrush+1","floor":35},{"not_picked":["theDuelist:Hinotama+1","theDuelist:SpiritHarp","theDuelist:Tuningware","theDuelist:PsychicShockwave"],"picked":"theDuelist:Eva","floor":37},{"not_picked":["theDuelist:Hinotama","theDuelist:MagnumShield","theDuelist:Eva","theDuelist:CombinationAttack"],"picked":"theDuelist:VendreadCharge","floor":37},{"not_picked":["theDuelist:MythicalBeast+1","theDuelist:SangaEarth","theDuelist:WormApocalypse+1","theDuelist:SpiritHarp"],"picked":"theDuelist:Eva+1","floor":38},{"not_picked":["theDuelist:SpellShatteringArrow","theDuelist:BlackPendant+1","theDuelist:ScrapFactory+1","theDuelist:SparkBlaster+1"],"picked":"theDuelist:InfernoFireBlast","floor":41},{"not_picked":["theDuelist:PowerWall","theDuelist:Graverobber+1","theDuelist:Wiretap","theDuelist:MiraculousDescent"],"picked":"theDuelist:PsychicShockwave+1","floor":42},{"not_picked":["theDuelist:BattleguardKing+1","theDuelist:Hinotama+2","theDuelist:LightningDarts+2","theDuelist:RainbowOverdragon+1"],"picked":"theDuelist:BigFire+1","floor":46},{"not_picked":["theDuelist:CoreBlaster+2","theDuelist:DoubleTool","theDuelist:MeteorDestruction+1","theDuelist:UnderworldCannon+1"],"picked":"theDuelist:SpellShatteringArrow+1","floor":47},{"not_picked":["theDuelist:Raigeki+1","theDuelist:SpiralSpearStrike+1"],"picked":"theDuelist:FusionWeapon+1","floor":48}],"player_experience":4358,"relics_obtained":[{"floor":4,"key":"ReplayTheSpireMod:TigerMarble"},{"floor":9,"key":"Replay:Bandana"},{"floor":15,"key":"Gremlin Food"},{"floor":26,"key":"Potion Belt"},{"floor":29,"key":"Nunchaku"},{"floor":41,"key":"Durian"},{"floor":43,"key":"Bird Faced Urn"}],"event_choices":[{"damage_healed":0,"gold_gain":0,"player_choice":"Donut","damage_taken":0,"max_hp_gain":5,"max_hp_loss":0,"event_name":"Big Fish","floor":2,"gold_loss":0},{"damage_healed":0,"gold_gain":0,"player_choice":"Entered Light","damage_taken":17,"max_hp_gain":0,"max_hp_loss":0,"event_name":"Shining Light","floor":3,"gold_loss":0,"cards_upgraded":["theDuelist:CastleWalls","theDuelist:LesserDragon"]},{"power_reward":4,"total_magic_score":44,"gold_gain":0,"greed_reward":4,"duelist":true,"damage_taken":0,"relics_obtained":[],"points":19,"max_hp_gain":0,"max_hp_loss":0,"spent_points":{"magic":2,"greed":4,"war":0,"power":4,"hunger":1},"event_name":"Nameless Tomb","floor":10,"gold_loss":0,"cards_obtained":["theDuelist:Nameless:Power:MaskedDragon","theDuelist:Nameless:Greed:GracefulCharity"]},{"damage_healed":0,"gold_gain":0,"player_choice":"Leave","duelist":true,"damage_taken":0,"max_hp_gain":0,"max_hp_loss":0,"event_name":"Relic Duplicator","floor":19,"gold_loss":0},{"damage_healed":0,"gold_gain":0,"player_choice":"Dig - random Duelist relic","duelist":true,"damage_taken":0,"max_hp_gain":0,"max_hp_loss":0,"event_name":"Aknamkanon\u0027s Tomb","floor":20,"gold_loss":0},{"damage_healed":0,"gold_gain":0,"player_choice":"Got Potions","damage_taken":0,"max_hp_gain":0,"max_hp_loss":0,"event_name":"Lab","floor":21,"gold_loss":0},{"damage_healed":0,"gold_gain":0,"player_choice":"Memory 2","damage_taken":5,"max_hp_gain":0,"max_hp_loss":0,"event_name":"SensoryStone","floor":37,"gold_loss":0}],"is_beta":false,"boss_relics":[{"not_picked":["Honey Jar","Cursed Key"],"picked":"theDuelist:HauntedRelic"},{"not_picked":["Replay:Drink Me","Replay:Grab Bag"],"picked":"theDuelist:MillenniumKey"}],"items_purged_floors":[],"is_endless":false,"potions_floor_spawned":[5,11,14,16,29,33,41,46],"killed_by":"Awakened One","ascension_level":0}}