{"host":"vh33hu3wddwn6yt6","time":1609155526,"event":{"mods":["AchievementEnabler","Act Like it!","Aspiration","BaseMod","Better Altar","Better Match","Better Note","Better Sensory Stone","Better Skull","Better Third Choice","BetterRewards","Downfall","Hermit","Hubris","Infinite Spire","Minty Spire (QoL Compilation)","Permanent Neow","Replay The Spire","Shade Mod","Shop Mod","Spicy Shops","StSLib","SuperFastMode","The Blackbeard","The Necromancer","The Runesmith","The Servant 0.9.4","TheBandit","Wandering Minibosses"],"gold_per_floor":[99,99,112,128,128,142,142,162,190,115,145,70,70,100,118,222,222,222,241,252,263,263,113,113,213,247,262,279,291,276,304,324,427,427,352,364,364,376,356,356,356,371,271,303,303,332,350,380,397,502,502,502,515,565,565,576,576,607,626,626,645,645,664,394,405,417,516,516,574,587,597,597,350,350,380,380,412,412,430,448,448,448,470,573,573,573,594,613,664,717,743,789,789,831,443,485,485,501,501,524,625,625,625,646,662,680,680,780,815,815,842,842,854,854,854,879,891,994,994,994,1018,1018,1038,705,719,760,782,782,782,795,795,809,830,847,946,946,946,958,974,974,995,1020,1047,1067,1104,1143,848,848,869,890,910,1014,1014,1051,668,668,772],"floor_reached":158,"playtime":5512,"items_purged":["Doubt","Runesmith:Defend_RS","Decay","Runesmith:Defend_RS","Runesmith:Grindstone+1"],"score":5947,"play_id":"303b1921-c415-4a66-943b-54207883bc73","local_time":"20201228123846","is_ascension_mode":true,"campfire_choices":[{"data":"Runesmith:Fortify","floor":1.0,"key":"SMITH"},{"floor":10.0,"key":"RECALL"},{"data":"Runesmith:Reinforce","floor":12.0,"key":"SMITH"},{"data":"Runesmith:CraftFirestone","floor":18.0,"key":"SMITH"},{"data":"Runesmith:PoweredAnvil","floor":35.0,"key":"SMITH"},{"data":"Runesmith:Strike_RS","floor":40.0,"key":"SMITH"},{"data":"Runesmith:PoweredAnvil","floor":52.0,"key":"SMITH"},{"data":"Runesmith:Grindstone","floor":60,"key":"SMITH"},{"data":"Runesmith:Strike_RS","floor":62,"key":"SMITH"},{"data":"Runesmith:Strike_RS","floor":76,"key":"SMITH"},{"data":"Runesmith:Defend_RS","floor":78,"key":"SMITH"},{"floor":81,"key":"REST"},{"floor":86,"key":"REST"},{"floor":103,"key":"DIG"},{"floor":112,"key":"DIG"},{"floor":115,"key":"DIG"},{"floor":120,"key":"DIG"},{"floor":128,"key":"DIG"},{"floor":131,"key":"DIG"},{"floor":137,"key":"DIG"},{"floor":148,"key":"DIG"},{"floor":156,"key":"DIG"}],"circlet_count":0,"master_deck":["Runesmith:Strike_RS+1","Runesmith:Strike_RS+1","Runesmith:Strike_RS+1","Runesmith:Defend_RS+1","Runesmith:CraftFirestone+1","Runesmith:Fortify+1","Runesmith:Reinforce+1","Runesmith:PoweredAnvil+1","Runesmith:PoweredAnvil+1","Runesmith:PoweredAnvil+1","Runesmith:PoweredAnvil+1","Runesmith:Reinforce+1","Runesmith:MetallurgicalResearch+1","Runesmith:Reinforce+1","Negative_Energy_Javelin+1","Replay:SS_hec_2+1","blackbeard:CaptainsHat","Runesmith:PoweredAnvil+1"],"relics":["Runesmith:BrokenRuby","Ring of Fury","Ring of Peace","MealTicket","downfall:HeartBlessingBlue","hubris:OldNail","downfall:HeartBlessingRed","Runic Pyramid","Singing Bowl","Replay:Wanted Poster","Ring of the Snake","Regal Pillow","downfall:HeartBlessingGreen","aspiration:Legacy_Headhunter","Runesmith:Nanobots","MerchantsRug","Toxic Egg 2","Ancient Tea Set","hubris:MedicalManual","infinitespire:FocusingShard","hubris:ScarierMask","Tiny House","hubris:Potato","Replay:WaspNest","Orrery","Replay:Bandana","hubris:TerracottaHorce","hubris:CuriousFeather","Shovel","Medical Kit","Meat on the Bone","Sozu","hubris:SlimyHat","hubris:Icosahedron","PreservedInsect","infinitespire:ShieldingShard","Painkiller Herb","infinitespire:EmpoweringShard","Replay:Lucky Slots","Membership Card","PrismaticShard","Turnip","Bag of Marbles","CaptainsWheel","White Beast Statue","infinitespire:Cupcake","Bag of Preparation","Strange Spoon","Strange Spoon","Juzu Bracelet","infinitespire:Lucky Rock","Dream Catcher","aspiration:Lifesprig","DollysMirror","hubris:Spice","aspiration:HiddenCompartment","hubris:SphereOfDissonance","infinitespire:Midas Blood"],"acts_visited":["Exordium","TheCity","TheBeyond","Exordium","TheCity","TheBeyond","Exordium","TheCity","TheBeyond","TheEnding"],"potions_floor_usage":[152],"damage_taken":[{"damage":0.0,"enemies":"Cultist","floor":3.0,"turns":4.0},{"damage":0.0,"enemies":"Small Slimes","floor":4.0,"turns":4.0},{"damage":0.0,"enemies":"Jaw Worm","floor":6.0,"turns":4.0},{"damage":0.0,"enemies":"Exordium Thugs","floor":8.0,"turns":4.0},{"damage":0.0,"enemies":"Replay:BlueRogue","floor":9.0,"turns":7.0},{"damage":6.0,"enemies":"Gremlin Nob","floor":11.0,"turns":5.0},{"damage":0.0,"enemies":"Replay:BlueRogue","floor":14.0,"turns":5.0},{"damage":0.0,"enemies":"3 Louse","floor":15.0,"turns":3.0},{"damage":31.0,"enemies":"downfall:Defect","floor":16.0,"turns":10.0},{"damage":0.0,"enemies":"Chosen","floor":19.0,"turns":5.0},{"damage":9.0,"enemies":"3 Byrds","floor":20.0,"turns":5.0},{"damage":28.0,"enemies":"3 Cultists","floor":21.0,"turns":7.0},{"damage":3.0,"enemies":"Nightmare","floor":26.0,"turns":10.0},{"damage":3.0,"enemies":"Chosen and Byrds","floor":27.0,"turns":5.0},{"damage":11.0,"enemies":"Centurion and Healer","floor":28.0,"turns":4.0},{"damage":0.0,"enemies":"Snake Plant","floor":29.0,"turns":5.0},{"damage":0.0,"enemies":"downfall:FleeingMerchant","floor":30.0,"turns":4.0},{"damage":3.0,"enemies":"Slavers","floor":31.0,"turns":5.0},{"damage":0.0,"enemies":"Cultist and Chosen","floor":32.0,"turns":4.0},{"damage":0.0,"enemies":"downfall:Silent","floor":33.0,"turns":8.0},{"damage":0.0,"enemies":"Orb Walker","floor":36.0,"turns":4.0},{"damage":8.0,"enemies":"3 Darklings","floor":38.0,"turns":4.0},{"damage":0.0,"enemies":"downfall:FleeingMerchant","floor":39.0,"turns":4.0},{"damage":0.0,"enemies":"Writhing Mass","floor":42.0,"turns":4.0},{"damage":0.0,"enemies":"Reptomancer","floor":44.0,"turns":5.0},{"damage":8.0,"enemies":"Nemesis","floor":46.0,"turns":3.0},{"damage":0.0,"enemies":"Maw","floor":47.0,"turns":3.0},{"damage":0.0,"enemies":"R_Hoarder","floor":48.0,"turns":6.0},{"damage":0.0,"enemies":"4 Shapes","floor":49.0,"turns":5.0},{"damage":0.0,"enemies":"downfall:Ironclad","floor":50.0,"turns":6.0},{"damage":0.0,"enemies":"Jaw Worm","floor":53.0,"turns":1.0},{"damage":0,"enemies":"Small Slimes","floor":56,"turns":1},{"damage":0,"enemies":"3 Sentries","floor":58,"turns":2},{"damage":0,"enemies":"Cultist","floor":59,"turns":1},{"damage":0,"enemies":"Blue Slaver","floor":61,"turns":1},{"damage":0,"enemies":"2 Fungi Beasts","floor":63,"turns":1},{"damage":0,"enemies":"downfall:FleeingMerchant","floor":64,"turns":2},{"damage":0,"enemies":"Red Slaver","floor":65,"turns":1},{"damage":0,"enemies":"Gremlin Gang","floor":66,"turns":3},{"damage":0,"enemies":"Fading Forest","floor":67,"turns":6},{"damage":0,"enemies":"Shell Parasite","floor":70,"turns":1},{"damage":0,"enemies":"Spheric Guardian","floor":71,"turns":2},{"damage":18,"enemies":"Slavers","floor":75,"turns":3},{"damage":1,"enemies":"Gremlin Leader","floor":77,"turns":3},{"damage":0,"enemies":"Snake Plant","floor":79,"turns":3},{"damage":0,"enemies":"Centurion and Healer","floor":80,"turns":3},{"damage":0,"enemies":"Shelled Parasite and Fungi","floor":83,"turns":2},{"damage":0,"enemies":"Collector","floor":84,"turns":4},{"damage":0,"enemies":"Orb Walker","floor":87,"turns":1},{"damage":0,"enemies":"3 Shapes","floor":88,"turns":1},{"damage":0,"enemies":"Reptomancer","floor":89,"turns":3},{"damage":0,"enemies":"2 Orb Walkers","floor":90,"turns":1},{"damage":0,"enemies":"Maw","floor":91,"turns":3},{"damage":0,"enemies":"R_Hoarder","floor":92,"turns":3},{"damage":0,"enemies":"Nemesis","floor":94,"turns":3},{"damage":0,"enemies":"Reptomancer","floor":96,"turns":2},{"damage":0,"enemies":"Writhing Mass","floor":98,"turns":3},{"damage":0,"enemies":"Jaw Worm Horde","floor":100,"turns":2},{"damage":0,"enemies":"Awakened One","floor":101,"turns":4},{"damage":0,"enemies":"2 Louse","floor":104,"turns":1},{"damage":0,"enemies":"Small Slimes","floor":105,"turns":1},{"damage":0,"enemies":"Cultist","floor":106,"turns":1},{"damage":0,"enemies":"Gremlin Nob","floor":109,"turns":2},{"damage":0,"enemies":"Gremlin Gang","floor":111,"turns":1},{"damage":0,"enemies":"Red Slaver","floor":113,"turns":1},{"damage":0,"enemies":"3 Sentries","floor":116,"turns":1},{"damage":0,"enemies":"Large Slime","floor":117,"turns":1},{"damage":74,"enemies":"Hexaghost","floor":118,"turns":3},{"damage":0,"enemies":"3 Byrds","floor":121,"turns":1},{"damage":0,"enemies":"Centurion and Healer","floor":123,"turns":1},{"damage":0,"enemies":"Snake Plant","floor":125,"turns":1},{"damage":0,"enemies":"Book of Stabbing","floor":126,"turns":2},{"damage":0,"enemies":"Chosen and Byrds","floor":127,"turns":1},{"damage":0,"enemies":"Snecko","floor":130,"turns":1},{"damage":0,"enemies":"Centurion and Healer","floor":132,"turns":1},{"damage":0,"enemies":"Snake Plant","floor":133,"turns":1},{"damage":0,"enemies":"Chosen and Byrds","floor":134,"turns":1},{"damage":0,"enemies":"Champ","floor":135,"turns":3},{"damage":0,"enemies":"Orb Walker","floor":138,"turns":1},{"damage":0,"enemies":"3 Darklings","floor":139,"turns":1},{"damage":0,"enemies":"Transient","floor":141,"turns":3},{"damage":0,"enemies":"Maw","floor":142,"turns":2},{"damage":0,"enemies":"Reptomancer","floor":143,"turns":1},{"damage":0,"enemies":"Writhing Mass","floor":144,"turns":2},{"damage":0,"enemies":"R_Hoarder","floor":145,"turns":2},{"damage":0,"enemies":"Transient","floor":146,"turns":3},{"damage":0,"enemies":"Sphere and 2 Shapes","floor":149,"turns":1},{"damage":0,"enemies":"Maw","floor":150,"turns":2},{"damage":0,"enemies":"Spire Growth","floor":151,"turns":2},{"damage":0,"enemies":"infinitespire:LordOfFortification","floor":152,"turns":15},{"damage":0,"enemies":"downfall:CharBossMerchant","floor":154,"turns":3},{"damage":0,"enemies":"downfall:NeowBoss","floor":157,"turns":9}],"seed_played":"-6298321804751186790","potions_obtained":[{"floor":0.0,"key":"Reflective Coating"},{"floor":0.0,"key":"SkillPotion"},{"floor":0.0,"key":"hexamod:EctoCoolerPotion"},{"floor":8.0,"key":"Dexterity Potion"},{"floor":11.0,"key":"PowerPotion"},{"floor":20.0,"key":"SpeedPotion"},{"floor":27.0,"key":"Venom Potion"},{"floor":32.0,"key":"ColorlessPotion"},{"floor":33.0,"key":"hexamod:EctoCoolerPotion"},{"floor":38.0,"key":"FearPotion"},{"floor":46.0,"key":"Weak Potion"},{"floor":49.0,"key":"SpeedPotion"},{"floor":54,"key":"DuplicationPotion"},{"floor":56,"key":"Flashbang"},{"floor":66,"key":"Toxic Potion"}],"is_trial":false,"path_per_floor":["R","?","M","M","?","M","T","M","E","R","E","R","?","E","M","B",null,"R","M","M","M","?","?","T","AVR","NM","M","M","M","$","E","M","B",null,"R","M","AVR","M","$","R","T","M","NS","E","?","E","M","E","M","B",null,"R","M","AVR","?","M","?","E","M","R","M","R","M","$","M","M","B",null,"R","M","M","?","$","?","E","R","E","R","M","M","R","$","M","B",null,"R","M","M","E","?","M","E","?","E","$","E","AVR","M","?","M","B",null,"R","M","M","M","?","?","E","$","M","R","M","?","R","E","M","B",null,"T","?","AVR","?","T","?","E","?","T","?","?","T","?","?","?","B",null,"T","?","?","AVR","?","?","E","?","E","?","T","T","?","?","?","B",null,"E","T","T","B",null],"character_chosen":"RUNESMITH_CLASS","items_purchased":["MerchantsRug","Runesmith:PoweredAnvil","hubris:Potato","Replay:WaspNest","Orrery","Replay:Bandana","Shovel","Medical Kit","Membership Card","PrismaticShard","Turnip","Strange Spoon","Juzu Bracelet","infinitespire:Lucky Rock","Dream Catcher","DollysMirror","hubris:Spice","aspiration:HiddenCompartment","hubris:SphereOfDissonance"],"campfire_rested":2,"item_purchase_floors":[39,39,64,64,64,73,95,95,124,124,124,147,147,147,147,155,155,155,155],"current_hp_per_floor":[70,70,70,70,70,70,70,70,70,80,74,74,77,77,77,46,83,83,83,74,46,46,93,93,93,92,89,80,82,99,98,98,100,105,105,107,107,101,111,111,111,113,113,115,115,109,111,113,113,115,123,123,125,132,132,134,134,136,138,138,140,140,142,154,154,156,158,158,158,160,162,162,162,162,148,148,149,149,151,153,172,172,174,174,174,174,176,178,178,180,182,184,176,178,186,188,188,190,190,192,194,194,194,196,198,200,200,200,202,202,204,204,206,210,210,212,214,142,198,198,200,200,202,217,219,219,221,221,199,201,201,203,205,207,209,228,228,230,232,232,234,236,238,240,242,244,250,250,252,252,254,254,254,256,264,264,266],"gold":772,"neow_bonus":"THREE_SMALL_POTIONS","is_daily":false,"chose_seed":false,"campfire_upgraded":10,"win_rate":0.0,"timestamp":1609155526,"path_taken":["R","?","M","M","?","M","T","?","E","R","E","R","?","E","M","BOSS","R","M","M","M","?","?","T","AVR","NM","M","M","?","$","E","M","BOSS","R","M","AVR","M","$","R","T","M","NS","E","?","E","?","E","M","BOSS","R","M","AVR","?","M","?","E","M","R","M","R","?","?","?","M","BOSS","R","M","M","?","$","?","E","R","E","R","M","?","R","?","M","BOSS","R","M","M","?","?","M","E","?","E","$","E","AVR","?","?","M","BOSS","R","M","M","M","?","?","E","$","M","R","M","?","R","E","M","BOSS","T","?","AVR","?","T","?","E","?","T","?","?","T","?","?","?","BOSS","T","?","?","AVR","?","?","E","?","E","?","T","T","?","?","?","BOSS","E","T","T","BOSS"],"items_purchased_type":["Relic","Card","Relic","Relic","Relic","Relic","Relic","Relic","Relic","Relic","Relic","Relic","Relic","Relic","Relic","Relic","Relic","Relic","Relic"],"build_version":"2020-12-22","purchased_purges":5,"victory":true,"max_hp_per_floor":[70,70,70,70,70,70,70,70,70,80,80,80,83,83,83,83,83,83,83,83,83,83,93,93,93,95,95,97,99,101,103,103,105,105,105,107,107,109,111,111,111,113,113,115,115,117,119,121,121,123,123,123,125,132,132,134,134,136,138,138,140,140,142,154,154,156,158,158,158,160,162,162,162,162,166,166,168,168,170,172,172,172,174,174,174,174,176,178,178,180,182,184,184,186,186,188,188,190,190,192,194,194,194,196,198,200,200,200,202,202,204,204,206,210,210,212,214,216,216,216,218,218,220,220,222,222,224,224,224,226,226,228,230,232,234,234,234,236,238,238,240,242,244,246,248,250,250,250,252,252,254,254,254,256,264,264,266],"card_choices":[{"not_picked":["Runesmith:PerfectChisel","Runesmith:Firestorm","Runesmith:HeatExchange"],"picked":"SKIP","floor":3.0},{"not_picked":["Runesmith:Attraction","Runesmith:PerfectChisel"],"picked":"Runesmith:EnergizedChisel","floor":4.0},{"not_picked":["Runesmith:Malloc","Runesmith:PerfectChisel","Runesmith:Overpower"],"picked":"SKIP","floor":6.0},{"not_picked":["Runesmith:RunicBlueprint","Runesmith:BackupBattery","Runesmith:CraftMagma"],"picked":"SKIP","floor":8.0},{"not_picked":["Runesmith:LightningRod","Runesmith:EnergizedChisel"],"picked":"Runesmith:Reinforce","floor":9.0},{"not_picked":["Runesmith:EnergizedChisel","Runesmith:StaticCage","Runesmith:Attraction"],"picked":"SKIP","floor":11.0},{"not_picked":["Runesmith:CraftProtectio","Runesmith:HammerThrow","Runesmith:MakeshiftArmor"],"picked":"SKIP","floor":14.0},{"not_picked":["Runesmith:CraftMagma","Runesmith:HeatedChisel","Runesmith:CraftProtectio"],"picked":"SKIP","floor":15.0},{"not_picked":["Runesmith:EnergizedChisel","Runesmith:Grindstone","Runesmith:BackupBattery+1"],"picked":"SKIP","floor":19.0},{"not_picked":["Runesmith:NanitesCloud","Runesmith:CraftMagma","Runesmith:EnergizedChisel+1"],"picked":"SKIP","floor":20.0},{"not_picked":["Runesmith:EarthShield","Runesmith:Overpower","Runesmith:HammerThrow"],"picked":"SKIP","floor":21.0},{"not_picked":["Runesmith:Retool","Runesmith:HammerTime","Runesmith:ChiselStab+1"],"picked":"Singing Bowl","floor":26.0},{"not_picked":["Runesmith:BackupBattery","Runesmith:Retool+1"],"picked":"Runesmith:PoweredAnvil","floor":27.0},{"not_picked":["Runesmith:RuneHurl","Runesmith:StaticCage","Runesmith:HeatedChisel+1"],"picked":"Singing Bowl","floor":28.0},{"not_picked":["Runesmith:Empowerment","Runesmith:CraftMagma+1","Runesmith:UnstableHammer"],"picked":"Singing Bowl","floor":29.0},{"not_picked":["Runesmith:HammerTime","Runesmith:CraftPrismatica","Runesmith:LithiumIon"],"picked":"Singing Bowl","floor":30.0},{"not_picked":["Runesmith:Superposition","Runesmith:OneForEveryone","Runesmith:Augment"],"picked":"Singing Bowl","floor":31.0},{"not_picked":["Runesmith:ChaoticBlast","Runesmith:HeatExchange"],"picked":"Runesmith:Grindstone","floor":32.0},{"not_picked":["Runesmith:ArcReactor","Runesmith:CraftMedicinae","Runesmith:Supernova"],"picked":"Singing Bowl","floor":33.0},{"not_picked":["Runesmith:BackupBattery+1","Runesmith:CraftIncendium+1","Runesmith:FieryHammer+1"],"picked":"Singing Bowl","floor":36.0},{"not_picked":["Runesmith:StaticCage+1","Runesmith:CraftObretio","Runesmith:DoubleUp"],"picked":"Singing Bowl","floor":38.0},{"not_picked":["Runesmith:Discharge","Runesmith:HammerTime","Runesmith:Grindstone"],"picked":"Singing Bowl","floor":39.0},{"not_picked":["Runesmith:UnstableHammer+1","Runesmith:HeatedChisel","Runesmith:StaticCage+1"],"picked":"Singing Bowl","floor":42.0},{"not_picked":["Runesmith:RuneHurl","Runesmith:Firestorm","Runesmith:StaticCage+1"],"picked":"Singing Bowl","floor":44.0},{"not_picked":["Runesmith:ShiftingStrike","Runesmith:HammerAndChisel+1","Runesmith:EnergizedChisel+1"],"picked":"Singing Bowl","floor":46.0},{"not_picked":["Runesmith:Accelerate+1","Runesmith:Attraction+1","Runesmith:HeatedChisel"],"picked":"Singing Bowl","floor":47.0},{"not_picked":["Runesmith:Malloc+1","Runesmith:ChiselStab+1","Runesmith:RunicBlueprint+1"],"picked":"Singing Bowl","floor":48.0},{"not_picked":["Runesmith:HammerThrow","Runesmith:FieryHammer"],"picked":"Runesmith:PoweredAnvil+1","floor":49.0},{"not_picked":["Runesmith:LastStand+1","Runesmith:ArcReactor","Runesmith:Supernova+1"],"picked":"Singing Bowl","floor":50.0},{"not_picked":["Runesmith:Overpower","Runesmith:UnstableHammer","Runesmith:ElementalConversion+1"],"picked":"Singing Bowl","floor":53.0},{"not_picked":["Runesmith:MakeshiftArmor+1","Runesmith:EnergizedChisel","Runesmith:StaticCage+1"],"picked":"Singing Bowl","floor":54},{"not_picked":["Runesmith:Repurpose+1","Runesmith:HammerAndChisel+1","Runesmith:CraftVitae+1"],"picked":"Singing Bowl","floor":56},{"not_picked":["Runesmith:Attraction+1","Runesmith:Terraform+1","Runesmith:CraftReservo+1"],"picked":"Singing Bowl","floor":58},{"not_picked":["Runesmith:ShiftingStrike","Runesmith:FieryHammer","Runesmith:HammerAndChisel+1"],"picked":"Singing Bowl","floor":59},{"not_picked":["Runesmith:ChiselStab","Runesmith:UnstableHammer","Runesmith:HeatExchange"],"picked":"Singing Bowl","floor":61},{"not_picked":["Runesmith:ArcReactor","Runesmith:Overpower","Runesmith:Permafrost"],"picked":"Singing Bowl","floor":63},{"not_picked":["Runesmith:Firewall+1","Runesmith:StaticCage+1","Runesmith:Augment+1"],"picked":"Singing Bowl","floor":64},{"not_picked":["Runesmith:HeatExchange","Runesmith:ChiselStab","Runesmith:Repurpose+1"],"picked":"Singing Bowl","floor":64},{"not_picked":["Runesmith:Repurpose+1","Runesmith:UnlimitedPower","Runesmith:ShiftingStrike"],"picked":"Singing Bowl","floor":64},{"not_picked":["Runesmith:CraftIncendium+1","Runesmith:WhiteBalance","Runesmith:RunicBlueprint+1"],"picked":"Singing Bowl","floor":64},{"not_picked":["Runesmith:HammerThrow","Runesmith:Retool+1","Runesmith:CraftProtectio+1"],"picked":"Singing Bowl","floor":64},{"not_picked":["Runesmith:ChiselStab","Runesmith:EnergizedChisel","Runesmith:StaticCage+1"],"picked":"Singing Bowl","floor":64},{"not_picked":["Runesmith:CraftMagma+1","Runesmith:MakeshiftArmor+1"],"picked":"Runesmith:Reinforce+1","floor":65},{"not_picked":["Runesmith:HeatExchange","Runesmith:Firewall+1","Runesmith:HammerThrow"],"picked":"Singing Bowl","floor":66},{"not_picked":["Runesmith:CraftIndustria+1","Runesmith:ArcReactor","Runesmith:LastStand+1"],"picked":"Singing Bowl","floor":67},{"not_picked":["Runesmith:Malloc+1","Runesmith:CraftProtectio+1","Runesmith:ShiftingStrike"],"picked":"Singing Bowl","floor":70},{"not_picked":["Runesmith:HammerThrow","Runesmith:RuneHurl","Runesmith:Terraform+1"],"picked":"Singing Bowl","floor":71},{"not_picked":["infinitespire:FutureSight","infinitespire:Oblivion","infinitespire:SealOfDarkness+"],"picked":"Singing Bowl","floor":75},{"not_picked":["Runesmith:ShiftingStrike+1","Runesmith:EnergizedChisel","Runesmith:CraftIndustria+1"],"picked":"Singing Bowl","floor":75},{"not_picked":["Runesmith:EnergizedChisel+1","Runesmith:StaticCage+1","Runesmith:HammerAndChisel+1"],"picked":"Singing Bowl","floor":77},{"not_picked":["Runesmith:CraftProtectio+1","Runesmith:LithiumIon+1","Runesmith:HammerThrow"],"picked":"Singing Bowl","floor":79},{"not_picked":["Runesmith:Grindstone+1","Runesmith:DoubleUp+1","Runesmith:ChargedHammer"],"picked":"Singing Bowl","floor":80},{"not_picked":["Runesmith:BackupBattery+1","Runesmith:Overpower+1","Runesmith:DoubleUp+1"],"picked":"Singing Bowl","floor":83},{"not_picked":["Runesmith:LightningRod+1","Runesmith:ReplicatingBarrier"],"picked":"Runesmith:MetallurgicalResearch+1","floor":84},{"not_picked":["Runesmith:NegativeSpace+1","Runesmith:MakeshiftArmor+1","Runesmith:Repurpose+1"],"picked":"Singing Bowl","floor":87},{"not_picked":["Runesmith:HammerThrow","Runesmith:HeatExchange+1","Runesmith:Supernova+1"],"picked":"Singing Bowl","floor":88},{"not_picked":["Runesmith:Repurpose+1","Runesmith:Firewall+1"],"picked":"Runesmith:Reinforce+1","floor":89},{"not_picked":["Runesmith:OneForEveryone","Runesmith:Firestorm","Runesmith:HeatExchange"],"picked":"Singing Bowl","floor":90},{"not_picked":["Runesmith:Firestorm+1","Runesmith:Repurpose+1","Runesmith:ChiselStab"],"picked":"Singing Bowl","floor":91},{"not_picked":["Runesmith:CraftMagma+1","Runesmith:Grindstone+1","Runesmith:LightningRod+1"],"picked":"Singing Bowl","floor":92},{"not_picked":["Runesmith:ElementalConversion+1","Runesmith:Refine+1","Runesmith:BackupBattery+1"],"picked":"Singing Bowl","floor":94},{"not_picked":["Runesmith:ShiftingStrike","Runesmith:FieryHammer","Runesmith:Discharge"],"picked":"Singing Bowl","floor":96},{"not_picked":["Runesmith:CraftProtectio+1","Runesmith:EarthShield+1","Runesmith:Overpower+1"],"picked":"Singing Bowl","floor":98},{"not_picked":["Runesmith:UnstableHammer","Runesmith:GoWithTheFlow","Runesmith:HammerThrow"],"picked":"Singing Bowl","floor":100},{"not_picked":["Runesmith:MetallurgicalResearch+1","Runesmith:GenerateForcefield+1","Runesmith:FissionHammer"],"picked":"Singing Bowl","floor":101},{"not_picked":["Runesmith:Refine+1","Runesmith:Repurpose+1","Runesmith:Grindstone+1"],"picked":"Singing Bowl","floor":104},{"not_picked":["Runesmith:HeatedChisel","Runesmith:OneForEveryone","Runesmith:CraftObretio+1"],"picked":"Singing Bowl","floor":105},{"not_picked":["Runesmith:StaticCage+1","Runesmith:ChiselStab","Runesmith:RuneHurl"],"picked":"Singing Bowl","floor":106},{"not_picked":["Runesmith:Accelerate+1","Runesmith:EnergizedChisel","Runesmith:CraftMagma+1"],"picked":"Singing Bowl","floor":109},{"not_picked":["Runesmith:MakeshiftArmor+1","Runesmith:Grindstone+1","Runesmith:CraftVitae+1"],"picked":"Singing Bowl","floor":111},{"not_picked":["Runesmith:HeatExchange","Runesmith:Superposition","Runesmith:CraftMagma+1"],"picked":"Singing Bowl","floor":113},{"not_picked":["hubris:EnhanceAbility","Replay:Sssssssssstrike","Crow Ritual"],"picked":"Singing Bowl","floor":114},{"not_picked":["expansioncontent:DashGenerateEvil","expansioncontent:AwakenDeath","Forethought+1"],"picked":"Singing Bowl","floor":114},{"not_picked":["Runesmith:Grindstone+1","Runesmith:Malloc+1","Runesmith:Repurpose+1"],"picked":"Singing Bowl","floor":116},{"not_picked":["Runesmith:ShiftingStrike","Runesmith:ChiselStab","Runesmith:Overpower"],"picked":"Singing Bowl","floor":117},{"not_picked":["Runesmith:CreatorForm","Runesmith:UnlimitedPower","Runesmith:Duplicate+1"],"picked":"Singing Bowl","floor":118},{"not_picked":["Runesmith:CraftProtectio+1","Runesmith:BackupBattery+1","Runesmith:Augment+1"],"picked":"Singing Bowl","floor":121},{"not_picked":["Runesmith:ChargedHammer","Runesmith:RunicBlueprint+1","aspiration:UnbridledHammer"],"picked":"Singing Bowl","floor":123},{"not_picked":["wariomod:SimpleShield+1","wariomod:Goblast","sneckomod:DiceBlock+1"],"picked":"Singing Bowl","floor":125},{"not_picked":["Conserve Battery+1","Inflame+1"],"picked":"Negative_Energy_Javelin+1","floor":126},{"not_picked":["Hidden Blade+1","Guardian:SentryBeam","Brutality"],"picked":"Singing Bowl","floor":127},{"not_picked":["hexamod:CatchUp+1","Guardian:SpikerProtocol","Catalyst+1"],"picked":"Singing Bowl","floor":130},{"not_picked":["blackbeard:CannonballSupply+1","wariomod:Boomsmack+1","Fasting2"],"picked":"Singing Bowl","floor":132},{"not_picked":["Blood_Whip","sneckomod:UnknownUncommonAttack+1","blackbeard:DeadlyArsenal+1"],"picked":"Singing Bowl","floor":133},{"not_picked":["Flex+1","Slimebound:GoopSpray+1","hexamod:BurningTouch+1"],"picked":"Singing Bowl","floor":134},{"not_picked":["Slimebound:SelfFormingGoo","Bludgeon","Grasp_Heart"],"picked":"Singing Bowl","floor":135},{"not_picked":["wariomod:SmallSprint+1","FollowUp+1","wariomod:TreasureDig+1"],"picked":"Singing Bowl","floor":138},{"not_picked":["hexamod:HauntingEcho","hermit:HighCaliber+1","Barrier+1"],"picked":"Singing Bowl","floor":139},{"not_picked":["Runesmith:CraftMagma+1","hexamod:AdvancingGuard+1","hermit:TrackingShot"],"picked":"Singing Bowl","floor":141},{"not_picked":["hermit:Roulette","Slimebound:SlimeSpikes+1","hubris:Counter+1"],"picked":"Singing Bowl","floor":142},{"not_picked":["hexamod:AdvancingGuard+1","sneckomod:Nope+1","hermit:Desperado+1"],"picked":"Singing Bowl","floor":143},{"not_picked":["Guardian:HyperBeam_Guardian","hexamod:NightmareGuise+1","sneckomod:Nope+1"],"picked":"Singing Bowl","floor":144},{"not_picked":["Offering+1","wariomod:DropBash","Leap+1"],"picked":"Singing Bowl","floor":145},{"not_picked":["hermit:Dive+1","expansioncontent:LastStand","Unruled+1"],"picked":"Singing Bowl","floor":146},{"not_picked":["Runesmith:ChiselStab","wariomod:SimpleShield+1","blackbeard:DeadlyArsenal+1"],"picked":"Singing Bowl","floor":149},{"not_picked":["Snipe+1","Defy Death+1"],"picked":"Replay:SS_hec_2+1","floor":150},{"not_picked":["Runesmith:Firewall+1","wariomod:TheGrandJourney+1","hexamod:FourthSeal"],"picked":"Singing Bowl","floor":151},{"not_picked":["Shade:Tombstone","Slimebound:Teamwork+1"],"picked":"blackbeard:CaptainsHat","floor":152},{"not_picked":["Violent_Necrosis+1","Bone_Bullets+1","Runesmith:Terraform+1"],"picked":"Singing Bowl","floor":154},{"not_picked":["DevaForm","blackbeard:Murder","Feed"],"picked":"Singing Bowl","floor":157}],"player_experience":606448,"relics_obtained":[{"floor":2.0,"key":"Ring of Fury"},{"floor":2.0,"key":"Ring of Peace"},{"floor":9.0,"key":"MealTicket"},{"floor":11.0,"key":"hubris:OldNail"},{"floor":14.0,"key":"ReplayTheSpireMod:Ninjato"},{"floor":24.0,"key":"Singing Bowl"},{"floor":26.0,"key":"Regal Pillow"},{"floor":41.0,"key":"Toxic Egg 2"},{"floor":44.0,"key":"Ancient Tea Set"},{"floor":46.0,"key":"hubris:MedicalManual"},{"floor":48.0,"key":"infinitespire:FocusingShard"},{"floor":90,"key":"hubris:CuriousFeather"},{"floor":103,"key":"hubris:SlimyHat"},{"floor":112,"key":"PreservedInsect"},{"floor":115,"key":"infinitespire:ShieldingShard"},{"floor":120,"key":"infinitespire:EmpoweringShard"},{"floor":128,"key":"Bag of Marbles"},{"floor":131,"key":"White Beast Statue"},{"floor":137,"key":"Bag of Preparation"},{"floor":148,"key":"aspiration:Lifesprig"},{"floor":156,"key":"infinitespire:Midas Blood"}],"event_choices":[{"damage_healed":0.0,"max_hp_gain":0.0,"max_hp_loss":0.0,"gold_gain":0.0,"event_name":"Upgrade Shrine","player_choice":"Upgraded","floor":5.0,"gold_loss":0.0,"damage_taken":0.0,"cards_upgraded":["Runesmith:EnergizedChisel"]},{"damage_healed":0.0,"max_hp_gain":0.0,"max_hp_loss":0.0,"gold_gain":0.0,"event_name":"Duplicator","player_choice":"Copied","floor":45.0,"gold_loss":0.0,"damage_taken":0.0,"cards_obtained":["Runesmith:PoweredAnvil"]},{"damage_healed":0,"gold_gain":0,"player_choice":"Got Potions","damage_taken":0,"max_hp_gain":0,"max_hp_loss":0,"event_name":"Lab","floor":57,"gold_loss":0},{"cards_removed":["Runesmith:Defend_RS"],"damage_healed":0,"gold_gain":0,"player_choice":"Offered Basic","damage_taken":0,"max_hp_gain":0,"max_hp_loss":0,"event_name":"Bonfire Elementals","floor":74,"gold_loss":0},{"damage_healed":0,"gold_gain":0,"player_choice":"Fight","damage_taken":0,"max_hp_gain":0,"max_hp_loss":0,"event_name":"Mysterious Sphere","floor":90,"gold_loss":0},{"damage_healed":0,"gold_gain":0,"player_choice":"Punched","damage_taken":8,"max_hp_gain":0,"max_hp_loss":0,"event_name":"Designer","floor":93,"gold_loss":0},{"damage_healed":0,"gold_gain":7,"player_choice":"1","damage_taken":0,"max_hp_gain":0,"max_hp_loss":0,"event_name":"betterStone:BetterStone","floor":114,"gold_loss":0},{"damage_healed":0,"gold_gain":0,"player_choice":"CaptainsWheel","damage_taken":0,"relics_obtained":["CaptainsWheel"],"max_hp_gain":0,"max_hp_loss":0,"event_name":"blackbeard:ShipwreckEvent","floor":129,"gold_loss":0}],"is_beta":false,"boss_relics":[{"not_picked":["Runic Dome","hubris:RunicObelisk"],"picked":"Runic Pyramid"},{"not_picked":["Kintsugi","ChewingGum","aspiration:WatcherSkillbook"]},{"not_picked":["hubris:TerracottaHorce","Pandora\u0027s Box"],"picked":"hubris:ScarierMask"},{"not_picked":["hubris:VirtuousBlindfold","Runic Dome","Replay:Drink Me"]},{"not_picked":["Fusion Hammer","Runesmith:UraniumAnvil"],"picked":"hubris:TerracottaHorce"},{"not_picked":["Abe\u0027s Treasure","aspiration:SilentSkillbook"],"picked":"Sozu"},{"not_picked":["Runesmith:CoreCrystal","aspiration:SecretTechniqueScroll"],"picked":"Painkiller Herb"},{"not_picked":["Calling Bell","Fusion Hammer"],"picked":"infinitespire:Cupcake"},{"not_picked":["aspiration:SilentSkillbook","aspiration:ServantSkillbook","ChewingGum"]}],"items_purged_floors":[25,37,64,73,97],"is_endless":true,"potions_floor_spawned":[8,11,14,20,27,32,33,38,46,49,56,63,66,70,71,80,84,91,94,98,100,105,109,113,117,125,126,127,130,132,133,134,135,138,139,141,142,143,144,145,146,149,150,151,152,154,157],"ascension_level":6}}