{"host":"5bdt6s51dmpd4l3v","time":1609122173,"event":{"mods":["AchievementEnabler","BaseMod","Colored Map","Colored Powertips","Highlight Path","Minty Spire (QoL Compilation)","Quick Restart","Rare Cards Sparkle","StSLib"],"gold_per_floor":[119,119,31,42,56,56,67,67,67,67,16,16,42,42,42,115,115,127,127,147,163,182,217,217,1,53,53,64,64,81,81,81,81,81],"floor_reached":33,"playtime":737,"items_purged":[],"score":504,"play_id":"a1d2c210-2cf4-4dc4-ba6c-00568eb69b8c","local_time":"20201228102253","is_ascension_mode":true,"campfire_choices":[{"data":"Flex","floor":6.0,"key":"SMITH"},{"data":"Warcry","floor":8.0,"key":"SMITH"},{"data":"Dual Wield","floor":10.0,"key":"SMITH"},{"data":"Armaments","floor":12.0,"key":"SMITH"},{"data":"Offering","floor":15.0,"key":"SMITH"},{"floor":24,"key":"REST"},{"floor":27,"key":"REST"},{"floor":29,"key":"REST"},{"floor":32,"key":"REST"}],"circlet_count":0,"master_deck":["AscendersBane","Strike_R","Strike_R","Strike_R","Strike_R","Strike_R","Defend_R","Defend_R","Defend_R","Defend_R","Bash","Warcry+1","Spot Weakness","Dual Wield+1","Flex+1","Cleave","Armaments+1","Offering+1","Offering+1","Inflame+1","Headbutt+1"],"relics":["Burning Blood","NeowsBlessing","White Beast Statue","Singing Bowl","Meat on the Bone","Fusion Hammer","Vajra","Nunchaku","Boot"],"acts_visited":["Exordium","TheCity"],"potions_floor_usage":[22,22,22,23,23,33,33],"damage_taken":[{"damage":0.0,"enemies":"2 Louse","floor":1.0,"turns":1.0},{"damage":0.0,"enemies":"Cultist","floor":4.0,"turns":1.0},{"damage":0.0,"enemies":"Small Slimes","floor":5.0,"turns":1.0},{"damage":9.0,"enemies":"Red Slaver","floor":7.0,"turns":2.0},{"damage":6.0,"enemies":"Gremlin Nob","floor":13.0,"turns":3.0},{"damage":69.0,"enemies":"Hexaghost","floor":16.0,"turns":8.0},{"damage":24.0,"enemies":"Shell Parasite","floor":18.0,"turns":2.0},{"damage":18.0,"enemies":"Spheric Guardian","floor":20.0,"turns":3.0},{"damage":30.0,"enemies":"Snake Plant","floor":21.0,"turns":3.0},{"damage":12,"enemies":"3 Cultists","floor":22,"turns":2},{"damage":24,"enemies":"Book of Stabbing","floor":23,"turns":3},{"damage":72,"enemies":"Snecko","floor":28,"turns":6},{"damage":30,"enemies":"Snake Plant","floor":30,"turns":2},{"damage":70,"enemies":"Champ","floor":33,"turns":6}],"seed_played":"-14736732926362937","potions_obtained":[{"floor":1.0,"key":"ColorlessPotion"},{"floor":2.0,"key":"EssenceOfSteel"},{"floor":2.0,"key":"Strength Potion"},{"floor":4.0,"key":"Fire Potion"},{"floor":7.0,"key":"AttackPotion"},{"floor":13.0,"key":"DuplicationPotion"},{"floor":16.0,"key":"EssenceOfSteel"},{"floor":18.0,"key":"DuplicationPotion"},{"floor":20.0,"key":"EntropicBrew"},{"floor":21.0,"key":"ElixirPotion"},{"floor":22,"key":"Block Potion"},{"floor":23,"key":"Energy Potion"}],"is_trial":false,"path_per_floor":["M","?","$","M","M","R","M","R","T","R","$","R","E","T","R","B",null,"M","?","M","M","M","E","R","$","T","R","M","R","M","$","R","B"],"character_chosen":"IRONCLAD","items_purchased":["Spot Weakness","Armaments","Nunchaku","Strength Potion"],"campfire_rested":4,"item_purchase_floors":[3,11,25,25],"current_hp_per_floor":[74,74,74,75,75,75,72,72,72,72,72,72,72,72,72,21,62,46,46,48,38,44,40,64,64,64,83,29,53,43,43,68,0,0],"gold":81,"neow_bonus":"THREE_ENEMY_KILL","is_daily":false,"chose_seed":false,"campfire_upgraded":5,"win_rate":0.0,"timestamp":1609122173,"path_taken":["M","?","$","M","?","R","M","R","T","R","$","R","E","?","R","BOSS","M","?","M","?","?","E","R","$","T","R","M","R","M","$","R","BOSS"],"items_purchased_type":["Card","Card","Relic","Potion"],"build_version":"2020-12-22","purchased_purges":0,"victory":false,"max_hp_per_floor":[75,75,75,75,75,75,75,75,75,75,75,75,75,75,75,75,75,77,77,79,81,81,83,83,83,83,83,83,83,85,85,85,85,85],"card_choices":[{"not_picked":["Sentinel","Heavy Blade"],"picked":"Warcry","floor":1.0},{"not_picked":["Evolve","Warcry"],"picked":"Dual Wield","floor":4.0},{"not_picked":["Iron Wave","Sword Boomerang"],"picked":"Flex","floor":5.0},{"not_picked":["Anger","Intimidate"],"picked":"Cleave","floor":7.0},{"not_picked":["Armaments","Shockwave"],"picked":"Offering","floor":13.0},{"not_picked":["Barricade","Exhume"],"picked":"Offering","floor":16.0},{"not_picked":["Armaments","Warcry","Body Slam"],"picked":"Singing Bowl","floor":18.0},{"not_picked":["Perfected Strike+1","Clash","Clothesline"],"picked":"Singing Bowl","floor":20.0},{"not_picked":["Rage","Body Slam","Armaments"],"picked":"Singing Bowl","floor":21.0},{"not_picked":["Pommel Strike","Feel No Pain"],"picked":"Inflame+1","floor":22},{"not_picked":["Twin Strike","Anger","Sentinel+1"],"picked":"Singing Bowl","floor":23},{"not_picked":["Disarm","Wild Strike"],"picked":"Headbutt+1","floor":28},{"not_picked":["Flex","Anger","Body Slam"],"picked":"Singing Bowl","floor":30}],"player_experience":266490,"relics_obtained":[{"floor":9.0,"key":"White Beast Statue"},{"floor":13.0,"key":"Singing Bowl"},{"floor":14.0,"key":"Meat on the Bone"},{"floor":23,"key":"Vajra"},{"floor":26,"key":"Boot"}],"event_choices":[{"damage_healed":0.0,"max_hp_gain":0.0,"max_hp_loss":0.0,"gold_gain":0.0,"event_name":"Lab","player_choice":"Got Potions","floor":2.0,"gold_loss":0.0,"damage_taken":0.0},{"damage_healed":0.0,"max_hp_gain":0.0,"max_hp_loss":0.0,"gold_gain":0.0,"event_name":"Accursed Blacksmith","player_choice":"Forge","floor":19.0,"gold_loss":0.0,"damage_taken":0.0,"cards_upgraded":["Offering"]}],"is_beta":false,"boss_relics":[{"not_picked":["Velvet Choker","Black Blood"],"picked":"Fusion Hammer"}],"items_purged_floors":[],"is_endless":false,"potions_floor_spawned":[1,4,7,13,16,18,20,21,22,23,28,30],"killed_by":"Champ","ascension_level":18}}