{"host":"q2l6xtlpu05lrop8","time":1609123285,"event":{"mods":["AchievementEnabler","BaseMod","Colored Map","Googly Eyes","Minty Spire (QoL Compilation)","Slay the Streamer","StSLib","The IronCluck","slay the spire mod where everything is the same but ironclad has a cowboy hat"],"gold_per_floor":[209,43,43,43,43,69,69,98,98,98,98,109,1,1,12,12,83,83,95,95,95,114,127,127,143,171,219,219,219,49,49,49],"floor_reached":31,"playtime":2887,"items_purged":["Anger"],"score":466,"play_id":"cde0f733-2037-4d8a-8879-a43e6235adf8","local_time":"20201227184125","is_ascension_mode":true,"campfire_choices":[{"data":"True Grit","floor":11,"key":"SMITH"},{"data":"True Grit","floor":14,"key":"SMITH"},{"data":"Battle Trance","floor":16,"key":"SMITH"},{"floor":24,"key":"REST"}],"circlet_count":0,"master_deck":["AscendersBane","Iron Wave","True Grit+1","Pummel","True Grit+1","Armaments+1","Twin Strike","Spot Weakness","Sword Boomerang","Combust","Pommel Strike","Pain","Fire Breathing","Fire Breathing","Battle Trance+1","Armaments","Power Through","Limit Break","Necronomicurse","Shrug It Off","Wild Strike","Evolve","Shrug It Off"],"relics":["Burning Blood","Tiny Chest","Kunai","WarpedTongs","Paper Frog","Gremlin Horn","Shuriken","Singing Bowl","Snecko Eye","Necronomicon","PreservedInsect","TungstenRod","CeramicFish"],"acts_visited":["Exordium","TheCity"],"potions_floor_usage":[8,23,23],"damage_taken":[{"damage":0,"enemies":"2 Louse","floor":1,"turns":1},{"damage":14,"enemies":"Gremlin Nob","floor":6,"turns":4},{"damage":14,"enemies":"Lagavulin","floor":8,"turns":6},{"damage":4,"enemies":"Jaw Worm","floor":12,"turns":3},{"damage":5,"enemies":"Cultist","floor":15,"turns":2},{"damage":8,"enemies":"Slime Boss","floor":17,"turns":5},{"damage":34,"enemies":"2 Thieves","floor":19,"turns":4},{"damage":9,"enemies":"Chosen","floor":22,"turns":5},{"damage":7,"enemies":"Centurion and Healer","floor":23,"turns":4},{"damage":3,"enemies":"Sentry and Sphere","floor":25,"turns":3},{"damage":35,"enemies":"Gremlin Leader","floor":26,"turns":3},{"damage":30,"enemies":"Shelled Parasite and Fungi","floor":31,"turns":5}],"seed_played":"7992616775247414001","potions_obtained":[{"floor":1,"key":"Block Potion"},{"floor":19,"key":"Fruit Juice"},{"floor":22,"key":"SkillPotion"},{"floor":25,"key":"FearPotion"}],"is_trial":false,"path_per_floor":["M","$","?","T","?","E","T","E","T","T","R","M","$","R","M","R","B",null,"M","?","?","M","M","R","M","E","T","T","T","$","M"],"character_chosen":"IRONCLAD","items_purchased":["Tiny Chest","Battle Trance","Armaments","Evolve","Shrug It Off"],"campfire_rested":1,"item_purchase_floors":[2,13,13,30,30],"current_hp_per_floor":[74,74,74,74,74,66,66,58,58,58,58,62,62,62,63,63,61,73,47,26,26,23,29,54,59,30,30,30,30,30,0,0],"gold":49,"neow_bonus":"HUNDRED_GOLD","is_daily":false,"chose_seed":false,"campfire_upgraded":3,"win_rate":0.0,"timestamp":1609123285,"path_taken":["M","$","?","?","?","E","?","E","T","R","M","$","R","M","R","BOSS","M","?","?","?","M","R","M","E","T","?","$","M"],"items_purchased_type":["Relic","Card","Card","Card","Card"],"build_version":"2020-12-22","purchased_purges":1,"victory":false,"max_hp_per_floor":[75,75,75,75,75,75,75,75,75,75,75,77,77,77,77,77,77,77,79,79,79,79,86,86,88,88,88,88,88,88,88,88],"card_choices":[{"not_picked":["Searing Blow","Dark Embrace"],"picked":"Pommel Strike","floor":1},{"not_picked":["Clash","Sever Soul"],"picked":"Fire Breathing","floor":6},{"not_picked":["Warcry","Headbutt"],"picked":"Fire Breathing","floor":8},{"not_picked":["Whirlwind","Rampage"],"picked":"Power Through","floor":15},{"not_picked":["Brutality","Exhume"],"picked":"Limit Break","floor":17},{"not_picked":["Anger","Twin Strike"],"picked":"Shrug It Off","floor":22},{"not_picked":["Cleave","Warcry"],"picked":"Wild Strike","floor":26}],"player_experience":783422,"relics_obtained":[{"floor":4,"key":"Kunai"},{"floor":6,"key":"Paper Frog"},{"floor":7,"key":"Gremlin Horn"},{"floor":8,"key":"Shuriken"},{"floor":9,"key":"Singing Bowl"},{"floor":20,"key":"Necronomicon"},{"floor":21,"key":"PreservedInsect"},{"floor":26,"key":"TungstenRod"},{"floor":27,"key":"CeramicFish"}],"event_choices":[{"damage_healed":0,"gold_gain":0,"player_choice":"Grow","damage_taken":0,"max_hp_gain":0,"max_hp_loss":0,"event_name":"Living Wall","floor":3,"gold_loss":0,"cards_upgraded":["Armaments"]},{"damage_healed":0,"gold_gain":0,"player_choice":"Rummage","damage_taken":0,"relics_obtained":["WarpedTongs"],"max_hp_gain":0,"max_hp_loss":0,"event_name":"Accursed Blacksmith","floor":5,"gold_loss":0,"cards_obtained":["Pain"]},{"damage_healed":0,"gold_gain":0,"player_choice":"Obtained Book","damage_taken":21,"max_hp_gain":0,"max_hp_loss":0,"event_name":"Cursed Tome","floor":20,"gold_loss":0},{"damage_healed":0,"gold_gain":0,"player_choice":"Relic","damage_taken":0,"max_hp_gain":0,"max_hp_loss":0,"event_name":"Wheel of Change","floor":21,"gold_loss":0}],"is_beta":false,"boss_relics":[{"not_picked":["Fusion Hammer","Black Blood"],"picked":"Snecko Eye"}],"items_purged_floors":[30],"is_endless":false,"potions_floor_spawned":[1,19,22,25],"killed_by":"Shelled Parasite and Fungi","ascension_level":16}}