{"host":"mt3nndg5ku536gxi","time":1609127858,"event":{"mods":["BaseMod","Colored Powertips","Minty Spire (QoL Compilation)","Permanent Neow","Quick Restart","Relic Stats","StSLib"],"gold_per_floor":[117,117,135,135,145,171,171,171,171],"floor_reached":8,"playtime":345,"items_purged":[],"score":112,"play_id":"9a8f3109-2b86-4426-8d4a-17811b5101b7","local_time":"20201228115738","is_ascension_mode":true,"campfire_choices":[{"data":"Eruption","floor":7,"key":"SMITH"}],"circlet_count":0,"master_deck":["AscendersBane","Strike_P","Strike_P","Strike_P","Defend_P","Defend_P","Defend_P","Defend_P","Eruption+1","Vigilance+1","Prostrate+1","CutThroughFate"],"relics":["Coffee Dripper","Question Card"],"acts_visited":["Exordium"],"potions_floor_usage":[8],"damage_taken":[{"damage":8.0,"enemies":"Jaw Worm","floor":1.0,"turns":3.0},{"damage":2.0,"enemies":"Small Slimes","floor":3.0,"turns":3.0},{"damage":1,"enemies":"Cultist","floor":5,"turns":3},{"damage":9,"enemies":"Lagavulin","floor":6,"turns":7},{"damage":0,"enemies":"Gremlin Nob","floor":8,"turns":2}],"seed_played":"-3902401781230623072","potions_obtained":[{"floor":1.0,"key":"SmokeBomb"},{"floor":5,"key":"EssenceOfSteel"},{"floor":6,"key":"FearPotion"}],"is_trial":false,"path_per_floor":["M","?","M","?","M","E","R","E"],"character_chosen":"WATCHER","items_purchased":[],"campfire_rested":0,"item_purchase_floors":[],"current_hp_per_floor":[53,46,44,24,23,14,14,14,14],"gold":171,"neow_bonus":"BOSS_RELIC","is_daily":false,"chose_seed":false,"campfire_upgraded":1,"win_rate":0.0,"timestamp":1609127858,"path_taken":["M","?","M","?","?","E","R","E"],"items_purchased_type":[],"build_version":"2020-12-22","purchased_purges":0,"victory":false,"max_hp_per_floor":[68,68,68,68,68,68,68,68,68],"relic_stats":{"counters":[5,18],"Question Card":0,"obtain_stats":[{"Coffee Dripper":0,"PureWater":0,"Question Card":6},{"Coffee Dripper":0,"PureWater":0,"Question Card":4},{"Coffee Dripper":0,"PureWater":0,"Question Card":16}]},"card_choices":[{"not_picked":["ForeignInfluence","CutThroughFate"],"picked":"Prostrate","floor":1.0},{"not_picked":["Halt","Fasting2"],"picked":"CutThroughFate","floor":3.0},{"not_picked":["Evaluate","FollowUp","CutThroughFate"],"picked":"SKIP","floor":5},{"not_picked":["Protect","WindmillStrike","JustLucky"],"picked":"SKIP","floor":6}],"player_experience":190203,"relics_obtained":[{"floor":6,"key":"Question Card"}],"event_choices":[{"cards_removed":["Strike_P"],"damage_healed":0.0,"max_hp_gain":0.0,"max_hp_loss":0.0,"gold_gain":0.0,"event_name":"Golden Wing","player_choice":"Card Removal","floor":2.0,"gold_loss":0.0,"damage_taken":7.0},{"damage_healed":0.0,"max_hp_gain":0.0,"max_hp_loss":0.0,"gold_gain":0.0,"event_name":"Shining Light","player_choice":"Entered Light","floor":4.0,"gold_loss":0.0,"damage_taken":20.0,"cards_upgraded":["Prostrate","Vigilance"]}],"is_beta":false,"boss_relics":[],"items_purged_floors":[],"is_endless":false,"potions_floor_spawned":[1,5,6],"killed_by":"Gremlin Nob","ascension_level":20}}