{"host":"zig6x0mxqzam82fb","time":1609174471,"event":{"mods":["BaseMod","Block Reminder","Colored Map","Colored Powertips","Minty Spire (QoL Compilation)","Relic Stats","StSLib","The Marked"],"gold_per_floor":[119,133,133,17,33,33,69,84,136,172,172,195,33,33,33,157,157,173,193,193,193,216,216,13,31,58,93,93,93,116,140,140,271,271,284,347,366,386,24,24,24],"floor_reached":40,"playtime":3555,"items_purged":["theMarked:Strike"],"score":534,"play_id":"fe2b0b5a-d3ae-4708-98f8-f0df13db7d0a","local_time":"20201228115431","is_ascension_mode":true,"campfire_choices":[{"data":"theMarked:EternalStudent","floor":6,"key":"SMITH"},{"data":"theMarked:TakeCover","floor":11,"key":"SMITH"},{"data":"Sadistic Nature","floor":15,"key":"SMITH"},{"floor":23,"key":"REST"},{"floor":28,"key":"REST"},{"floor":32,"key":"REST"}],"circlet_count":0,"master_deck":["theMarked:Strike","theMarked:Strike","theMarked:Strike","theMarked:Strike","theMarked:Defend","theMarked:Defend","theMarked:Defend","theMarked:Defend","theMarked:SoldierOfQuellstein+1","theMarked:SwordAndMagic","theMarked:TakeCover+1","theMarked:EternalStudent+1","theMarked:ResourceFulStrike","theMarked:ContemptForTheProud","theMarked:Overthink","theMarked:WardOff","theMarked:Levitate","theMarked:ChainLightning","Sadistic Nature+1","theMarked:FavorableWinds","theMarked:EnhancedHearing+1","theMarked:ChainLightning","theMarked:WardOff","theMarked:ElectricStrings+1","Secret Weapon","theMarked:Indomitable","theMarked:SwordAndMagic","theMarked:EmpowerWeapon+1","theMarked:Panic","theMarked:Defy","theMarked:Frustration+1","theMarked:HeightenedSenses","theMarked:HeritageOfTheMarked","theMarked:ShockingTouch","theMarked:SelfDefenseTraining","theMarked:EternalStudent+1"],"relics":["theMarked:ArtifactOfAir","Golden Idol","InkBottle","Anchor","Tiny Chest","Sozu","The Courier","Bag of Marbles","Nunchaku","Black Star","Incense Burner","PreservedInsect","DollysMirror"],"acts_visited":["Exordium","TheCity","TheBeyond"],"potions_floor_usage":[7,10,27],"damage_taken":[{"damage":2,"enemies":"Jaw Worm","floor":1,"turns":3},{"damage":0,"enemies":"Cultist","floor":2,"turns":2},{"damage":5,"enemies":"Small Slimes","floor":5,"turns":2},{"damage":0,"enemies":"Gremlin Nob","floor":7,"turns":3},{"damage":1,"enemies":"Exordium Thugs","floor":8,"turns":3},{"damage":10,"enemies":"Lagavulin","floor":10,"turns":3},{"damage":0,"enemies":"Large Slime","floor":12,"turns":4},{"damage":22,"enemies":"The Guardian","floor":16,"turns":8},{"damage":6,"enemies":"Shell Parasite","floor":18,"turns":3},{"damage":8,"enemies":"Spheric Guardian","floor":19,"turns":4},{"damage":18,"enemies":"Snake Plant","floor":22,"turns":6},{"damage":6,"enemies":"Centurion and Healer","floor":25,"turns":5},{"damage":21,"enemies":"Gremlin Leader","floor":27,"turns":7},{"damage":2,"enemies":"Cultist and Chosen","floor":30,"turns":5},{"damage":0,"enemies":"Snecko","floor":31,"turns":2},{"damage":15,"enemies":"Collector","floor":33,"turns":5},{"damage":6,"enemies":"3 Darklings","floor":35,"turns":4},{"damage":48,"enemies":"2 Orb Walkers","floor":36,"turns":5},{"damage":10,"enemies":"3 Shapes","floor":37,"turns":4},{"damage":4,"enemies":"Jaw Worm Horde","floor":38,"turns":4},{"damage":15,"enemies":"Reptomancer","floor":40,"turns":2}],"seed_played":"-1479321234281413390","potions_obtained":[{"floor":2,"key":"SkillPotion"},{"floor":5,"key":"Fire Potion"},{"floor":12,"key":"Weak Potion"}],"is_trial":false,"path_per_floor":["M","M","?","$","M","R","E","M","T","E","R","M","$","?","R","B",null,"M","M","?","T","M","R","$","M","T","E","R","?","M","M","R","B",null,"M","?","M","M","$","E"],"character_chosen":"THE_DEFAULT","items_purchased":["theMarked:EternalStudent","theMarked:ResourceFulStrike","Sadistic Nature","Secret Weapon","theMarked:Indomitable","PreservedInsect","theMarked:SelfDefenseTraining","DollysMirror"],"campfire_rested":3,"item_purchase_floors":[4,4,13,24,24,39,39,39],"current_hp_per_floor":[75,75,71,71,66,66,66,65,65,55,55,55,55,55,55,33,71,65,57,57,57,39,60,60,54,54,33,54,54,52,52,71,56,71,65,17,7,3,3,0,0],"gold":24,"neow_bonus":"TEN_PERCENT_HP_BONUS","is_daily":false,"chose_seed":false,"campfire_upgraded":3,"win_rate":0.0,"timestamp":1609174471,"path_taken":["M","M","?","$","M","R","E","M","T","E","R","M","$","?","R","BOSS","M","?","?","?","M","R","$","M","T","E","R","?","M","?","R","BOSS","M","?","M","M","$","E"],"items_purchased_type":["Card","Card","Card","Card","Card","Relic","Card","Relic"],"build_version":"2020-12-22","purchased_purges":1,"victory":false,"max_hp_per_floor":[77,77,71,71,71,71,71,71,71,71,71,71,71,71,71,71,71,71,71,71,71,71,71,71,71,71,71,71,71,71,71,71,71,71,71,71,71,71,71,71,71],"relic_stats":{"Sozu":5,"Nunchaku":[6],"counters":[21,84],"Golden Idol":133,"Tiny Chest":1,"PreservedInsect":56,"Black Star":0,"obtain_stats":[{"Golden Idol":3,"The Courier":21,"PreservedInsect":39,"Incense Burner":36,"Sozu":17,"theMarked:ArtifactOfAir":0,"Anchor":9,"Nunchaku":27,"DollysMirror":39,"Tiny Chest":10,"Bag of Marbles":26,"Black Star":34,"InkBottle":7},{"Golden Idol":2,"The Courier":10,"PreservedInsect":20,"Incense Burner":18,"Sozu":8,"theMarked:ArtifactOfAir":0,"Anchor":5,"Nunchaku":13,"DollysMirror":20,"Tiny Chest":6,"Bag of Marbles":12,"Black Star":16,"InkBottle":4},{"Golden Idol":5,"The Courier":35,"PreservedInsect":82,"Incense Burner":74,"Sozu":28,"theMarked:ArtifactOfAir":0,"Anchor":13,"Nunchaku":53,"DollysMirror":82,"Tiny Chest":16,"Bag of Marbles":46,"Black Star":65,"InkBottle":10}],"InkBottle":[29]},"card_choices":[{"not_picked":["theMarked:BanishingStrike","theMarked:ElectricStrings"],"picked":"theMarked:SwordAndMagic","floor":1},{"not_picked":["theMarked:BanishingWave","theMarked:ResourceFulStrike"],"picked":"theMarked:TakeCover","floor":2},{"not_picked":["theMarked:ChainLightning","theMarked:Seal"],"picked":"theMarked:ContemptForTheProud","floor":5},{"not_picked":["theMarked:ContemptForTheProud","theMarked:Reabsorb"],"picked":"theMarked:Overthink","floor":7},{"not_picked":["theMarked:Static","theMarked:CreepingChasm"],"picked":"theMarked:WardOff","floor":8},{"not_picked":["theMarked:SwordAndMagic","theMarked:Polarize"],"picked":"theMarked:Levitate","floor":10},{"not_picked":["theMarked:WastefulAttack","theMarked:Static"],"picked":"theMarked:ChainLightning","floor":12},{"not_picked":["theMarked:Levitate","theMarked:TurnInvisible"],"picked":"theMarked:FavorableWinds","floor":16},{"not_picked":["theMarked:WastefulDefense","theMarked:EnhanceMovement"],"picked":"theMarked:EnhancedHearing+1","floor":18},{"not_picked":["theMarked:Parkour+1","theMarked:Electrocute"],"picked":"theMarked:ChainLightning","floor":19},{"not_picked":["theMarked:ResourceFulStrike","theMarked:RepellingDischarge"],"picked":"theMarked:ElectricStrings+1","floor":22},{"not_picked":["theMarked:TwofoldDefense","theMarked:Frustration"],"picked":"theMarked:SwordAndMagic","floor":25},{"not_picked":["theMarked:ElectricStrings","theMarked:Aftermath","theMarked:WastefulAttack"],"picked":"SKIP","floor":27},{"not_picked":["theMarked:Opportunist","theMarked:TwofoldDefense+1"],"picked":"theMarked:EmpowerWeapon+1","floor":30},{"not_picked":["theMarked:Defy","theMarked:Static"],"picked":"theMarked:Panic","floor":31},{"not_picked":["theMarked:UnarmedFury","theMarked:Snap"],"picked":"theMarked:Defy","floor":33},{"not_picked":["theMarked:CreepingChasm+1","theMarked:LightningStrikesTwice+1"],"picked":"theMarked:Frustration+1","floor":35},{"not_picked":["theMarked:RogueSparks+1","theMarked:Indomitable"],"picked":"theMarked:HeightenedSenses","floor":36},{"not_picked":["theMarked:SwordAndMagic+1","theMarked:LightningStrikesTwice+1"],"picked":"theMarked:HeritageOfTheMarked","floor":37},{"not_picked":["theMarked:Parkour","theMarked:WastefulAttack+1"],"picked":"theMarked:ShockingTouch","floor":38}],"player_experience":372239,"relics_obtained":[{"floor":7,"key":"InkBottle"},{"floor":9,"key":"Anchor"},{"floor":10,"key":"Tiny Chest"},{"floor":21,"key":"The Courier"},{"floor":26,"key":"Bag of Marbles"},{"floor":27,"key":"Nunchaku"},{"floor":36,"key":"Incense Burner"}],"event_choices":[{"damage_healed":0,"gold_gain":0,"player_choice":"Lose Max HP","damage_taken":0,"relics_obtained":["Golden Idol"],"max_hp_gain":0,"max_hp_loss":6,"event_name":"Golden Idol","floor":3,"gold_loss":0},{"damage_healed":0,"gold_gain":0,"player_choice":"Upgraded","damage_taken":0,"max_hp_gain":0,"max_hp_loss":0,"event_name":"Upgrade Shrine","floor":14,"gold_loss":0,"cards_upgraded":["theMarked:SoldierOfQuellstein"]},{"damage_healed":0,"gold_gain":0,"player_choice":"Read","damage_taken":0,"max_hp_gain":0,"max_hp_loss":0,"event_name":"The Library","floor":20,"gold_loss":0,"cards_obtained":["theMarked:WardOff"]},{"damage_healed":0,"gold_gain":0,"player_choice":"Ignored","damage_taken":0,"max_hp_gain":0,"max_hp_loss":0,"event_name":"Ghosts","floor":29,"gold_loss":0},{"damage_healed":0,"gold_gain":0,"player_choice":"Fight","damage_taken":0,"max_hp_gain":0,"max_hp_loss":0,"event_name":"Mysterious Sphere","floor":36,"gold_loss":0}],"is_beta":false,"boss_relics":[{"not_picked":["SacredBark","Snecko Eye"],"picked":"Sozu"},{"not_picked":["Runic Dome","Runic Pyramid"],"picked":"Black Star"}],"items_purged_floors":[39],"is_endless":false,"potions_floor_spawned":[2,5,12,18,19,25,37,38],"killed_by":"Reptomancer","ascension_level":3}}