{"host":"grli52lbdph2722t","time":1609184406,"event":{"mods":["AchievementEnabler","BaseMod","Downfall","Minty Spire (QoL Compilation)","Quick Restart","StSLib"],"gold_per_floor":[99,99,99,99,199,226,250,278,278,203,219,251,251,282,300,400,400,400,416,259,359,377,130,203,203,203,203,203],"floor_reached":26,"playtime":1526,"items_purged":["champ:Strike","champ:Defend"],"score":380,"play_id":"50379c78-0231-4732-8cdc-ebee5ac21f33","local_time":"20201228204006","is_ascension_mode":true,"campfire_choices":[{"data":"champ:Taunt","floor":1,"key":"SMITH"},{"floor":10,"key":"REST"},{"floor":13,"key":"REST"},{"data":"champ:StrikeOfGenius","floor":18,"key":"SMITH"},{"floor":25,"key":"RECALL"}],"circlet_count":0,"master_deck":["AscendersBane","champ:Defend","champ:Defend","champ:Defend","champ:Execute","champ:Taunt+1","champ:ViciousMockery","champ:CrookedStrike","champ:FlashCut","champ:GladiatorStyle+1","champ:Improvising","champ:RecklessLeap","champ:ArenaPreparation","champ:IronFortress","champ:Improvising","champ:GladiatorStyle","champ:StrikeOfGenius+1","champ:IronFortress","champ:StanceDance","champ:ArenaPreparation","champ:EndlessRage"],"relics":["champ:ChampionCrown","downfall:HeartsMalice","Thread and Needle","Akabeko","Bag of Preparation","Centennial Puzzle","downfall:HeartBlessingGreen","Dream Catcher","Meat on the Bone","Coffee Dripper","Membership Card","Frozen Egg 2"],"acts_visited":["Exordium","TheCity"],"potions_floor_usage":[22,23,26],"damage_taken":[{"damage":0,"enemies":"2 Louse","floor":3,"turns":1},{"damage":0,"enemies":"Cultist","floor":4,"turns":1},{"damage":0,"enemies":"downfall:Heads","floor":5,"turns":1},{"damage":40,"enemies":"Lagavulin","floor":6,"turns":11},{"damage":22,"enemies":"3 Sentries","floor":8,"turns":11},{"damage":15,"enemies":"Jaw Worm","floor":11,"turns":2},{"damage":54,"enemies":"Gremlin Nob","floor":12,"turns":4},{"damage":35,"enemies":"Lagavulin","floor":14,"turns":5},{"damage":10,"enemies":"Exordium Wildlife","floor":15,"turns":3},{"damage":40,"enemies":"downfall:Watcher","floor":16,"turns":14},{"damage":30,"enemies":"Spheric Guardian","floor":19,"turns":5},{"damage":25,"enemies":"downfall:FleeingMerchant","floor":20,"turns":4},{"damage":38,"enemies":"Shell Parasite","floor":22,"turns":6},{"damage":25,"enemies":"downfall:FleeingMerchant","floor":23,"turns":4},{"damage":82,"enemies":"Gremlin Leader","floor":26,"turns":6}],"seed_played":"2016963754779369619","potions_obtained":[{"floor":6,"key":"sneckomod:MuddlingPotion"},{"floor":8,"key":"Fire Potion"},{"floor":12,"key":"SteroidPotion"}],"is_trial":false,"path_per_floor":["R","?","M","M","?","E","T","E","?","R","M","E","R","E","M","B",null,"R","M","$","?","M","$","T","R","E"],"character_chosen":"THE_CHAMP","items_purchased":["champ:IronFortress","Membership Card","champ:EndlessRage"],"campfire_rested":2,"item_purchase_floors":[20,23,23],"current_hp_per_floor":[81,74,74,74,74,54,54,37,37,64,64,35,62,62,62,60,83,83,79,79,79,66,78,78,78,0,0,0],"gold":203,"neow_bonus":"THREE_ENEMY_KILL","is_daily":false,"chose_seed":false,"campfire_upgraded":2,"win_rate":0.0,"timestamp":1609184406,"path_taken":["R","?","M","M","?","E","T","E","?","R","M","E","R","E","M","BOSS","R","M","$","?","?","?","T","R","E"],"items_purchased_type":["Card","Relic","Card"],"build_version":"2020-12-22","purchased_purges":2,"victory":false,"max_hp_per_floor":[90,90,90,90,90,90,90,90,90,90,90,90,90,90,90,90,90,90,90,90,90,90,90,90,90,90,90,90],"card_choices":[{"not_picked":["champ:ShieldSigil","champ:BerserkersShout"],"picked":"champ:ViciousMockery","floor":3},{"not_picked":["champ:BladeFlurry","champ:GutPunch"],"picked":"champ:CrookedStrike","floor":4},{"not_picked":["champ:FalseCounter","champ:DefensiveShout"],"picked":"champ:FlashCut","floor":5},{"not_picked":["champ:DefensiveStyle","champ:SteelEdge"],"picked":"champ:Improvising","floor":6},{"not_picked":["champ:PreciseThrust","champ:TornadoPunch"],"picked":"champ:RecklessLeap","floor":8},{"not_picked":["champ:BerserkersShout","champ:Circumvent"],"picked":"champ:ArenaPreparation","floor":11},{"not_picked":["champ:Haymaker","champ:PreciseThrust"],"picked":"champ:IronFortress","floor":12},{"not_picked":["champ:AdrenalArmor","champ:RecklessLeap"],"picked":"champ:Improvising","floor":14},{"not_picked":["champ:Circumvent","champ:BringItOn"],"picked":"champ:GladiatorStyle","floor":15},{"not_picked":["champ:MurderStrike","champ:Devastate"],"picked":"champ:StrikeOfGenius","floor":16},{"not_picked":["champ:EnragedBash","champ:BladeFlurry","champ:GutPunch+1"],"picked":"SKIP","floor":19},{"not_picked":["champ:ShieldSigil+1","champ:StanceDance","champ:BerserkersShout"],"picked":"SKIP","floor":20},{"not_picked":["champ:FlashCut+1","champ:RageSigil"],"picked":"champ:StanceDance","floor":22},{"not_picked":["champ:CrookedStrike+1","champ:Balance"],"picked":"champ:ArenaPreparation","floor":23}],"player_experience":4897303,"relics_obtained":[{"floor":6,"key":"Akabeko"},{"floor":7,"key":"Bag of Preparation"},{"floor":8,"key":"Centennial Puzzle"},{"floor":12,"key":"Dream Catcher"},{"floor":14,"key":"Meat on the Bone"},{"floor":24,"key":"Frozen Egg 2"}],"event_choices":[{"damage_healed":0,"gold_gain":0,"player_choice":"Success","damage_taken":7,"relics_obtained":["Thread and Needle"],"max_hp_gain":0,"max_hp_loss":0,"event_name":"Scrap Ooze","floor":2,"gold_loss":0},{"cards_removed":["champ:Strike"],"damage_healed":0,"gold_gain":0,"player_choice":"Purged","damage_taken":0,"max_hp_gain":0,"max_hp_loss":0,"event_name":"Purifier","floor":9,"gold_loss":0}],"is_beta":false,"boss_relics":[{"not_picked":["Runic Pyramid","Velvet Choker"],"picked":"Coffee Dripper"}],"items_purged_floors":[20,23],"is_endless":false,"potions_floor_spawned":[6,8,12,14,19],"killed_by":"Gremlin Leader","ascension_level":10}}