{"host":"mjmsgaxkb56jw5c5","time":1609190202,"event":{"mods":["Aspiration","BaseMod","Colored Powertips","Conspire","Downfall","Hubris","Minty Spire (QoL Compilation)","Replay The Spire","StSLib","The Jungle"],"gold_per_floor":[119,119,44,59,71,99,15,15,65,76,76,41,41,69,69,165,165,179,179,60,60,75,104,104,134,134,134,145,145,145,24,24,123,123,140,62,62,79,108,108,108,108],"floor_reached":41,"playtime":1530,"items_purged":["Strike_G"],"score":523,"play_id":"38cacf1e-5c17-43fd-b771-e97627e86fd9","local_time":"20201228221642","is_ascension_mode":true,"campfire_choices":[{"data":"Bane","floor":8,"key":"SMITH"},{"data":"Accuracy","floor":11,"key":"SMITH"},{"data":"Infinite Blades","floor":13,"key":"SMITH"},{"data":"Blade Dance","floor":15,"key":"SMITH"},{"floor":24,"key":"REST"},{"floor":27,"key":"REST"},{"data":"ReplayTheSpireMod:Scrap Shanks","floor":30,"key":"SMITH"},{"data":"ReplayTheSpireMod:Scrap Shanks","floor":32,"key":"SMITH"},{"floor":40,"key":"REST"}],"circlet_count":0,"master_deck":["Strike_G","Strike_G","Strike_G","Strike_G","Defend_G","Defend_G","Defend_G","Defend_G","Defend_G","Survivor","Neutralize","Deadly Poison","Bane+1","Infinite Blades+1","ReplayTheSpireMod:Shiv Toss","Noxious Fumes","Blade Dance+1","Accuracy+1","ReplayTheSpireMod:Scrap Shanks+1","Prepared","RitualDagger","Prepared","ReplayTheSpireMod:Scrap Shanks+1","Tools of the Trade","CurseOfTheBell","Infinite Blades","Choke"],"relics":["Ring of the Snake","Nunchaku","Potion Belt","PreservedInsect","HoveringKite","aspiration:FrozenJewel","aspiration:SeaSaltIceCream","aspiration:Nostalgia","champ:ChampionCrown","aspiration:AnachronicSnailShell","hubris:Icosahedron","Calling Bell","Tiny Chest","Singing Bowl","hubris:Spice","Strawberry"],"acts_visited":["Exordium","TheCity","TheBeyond"],"potions_floor_usage":[6,6,14,18,18,18,22,22,22,23,33,33,39,39,39],"damage_taken":[{"damage":1,"enemies":"Jaw Worm","floor":1,"turns":3},{"damage":0,"enemies":"Cultist","floor":4,"turns":3},{"damage":15,"enemies":"Small Slimes","floor":5,"turns":2},{"damage":10,"enemies":"3 Sentries","floor":6,"turns":4},{"damage":1,"enemies":"Looter","floor":10,"turns":3},{"damage":4,"enemies":"Gremlin Nob","floor":14,"turns":3},{"damage":39,"enemies":"Hexaghost","floor":16,"turns":8},{"damage":0,"enemies":"Shell Parasite","floor":18,"turns":2},{"damage":17,"enemies":"conspire:FuzzyDice","floor":22,"turns":4},{"damage":30,"enemies":"Book of Stabbing","floor":23,"turns":5},{"damage":6,"enemies":"conspire:Head Lice","floor":25,"turns":4},{"damage":1,"enemies":"Cultist and Chosen","floor":28,"turns":4},{"damage":29,"enemies":"Champ","floor":33,"turns":7},{"damage":2,"enemies":"3 Shapes","floor":35,"turns":2},{"damage":19,"enemies":"3 Darklings","floor":38,"turns":4},{"damage":37,"enemies":"conspire:MimicChest","floor":39,"turns":5},{"damage":81,"enemies":"Reptomancer","floor":41,"turns":4}],"seed_played":"-6487735393156203459","potions_obtained":[{"floor":1,"key":"DuplicationPotion"},{"floor":4,"key":"SpeedPotion"},{"floor":10,"key":"Block Potion"},{"floor":16,"key":"EntropicBrew"},{"floor":18,"key":"FearPotion"},{"floor":28,"key":"DistilledChaos"},{"floor":33,"key":"Elixir"},{"floor":38,"key":"Swift Potion"},{"floor":39,"key":"Venom Potion"}],"is_trial":false,"path_per_floor":["M","?","$","M","M","E","$","R","T","M","R","?","R","E","R","B",null,"M","?","$","?","M","E","R","E","T","R","M","?","R","$","R","B",null,"M","$","?","M","?","R","E"],"character_chosen":"THE_SILENT","items_purchased":["Noxious Fumes","Blade Dance","ReplayTheSpireMod:Scrap Shanks","Prepared","ReplayTheSpireMod:Scrap Shanks","Strength Potion","Infinite Blades"],"campfire_rested":3,"item_purchase_floors":[7,7,20,20,31,31,36],"current_hp_per_floor":[69,69,69,69,54,44,44,44,44,43,43,60,60,56,56,17,70,70,70,70,64,47,17,38,32,32,53,52,52,52,52,52,23,78,78,78,90,73,43,72,0,0],"gold":108,"neow_bonus":"ONE_RANDOM_RARE_CARD","is_daily":false,"chose_seed":false,"campfire_upgraded":6,"win_rate":0.0,"timestamp":1609190202,"path_taken":["M","?","$","?","M","E","$","R","T","M","R","?","R","E","R","BOSS","M","?","$","?","M","E","R","E","T","R","M","?","R","$","R","BOSS","M","$","?","?","?","R","E"],"items_purchased_type":["Card","Card","Card","Card","Card","Potion","Card"],"build_version":"2020-12-22","purchased_purges":1,"victory":false,"max_hp_per_floor":[70,70,70,70,70,70,70,70,70,70,70,70,70,70,70,70,70,70,70,70,70,70,70,70,70,70,70,70,70,70,70,70,70,78,80,80,90,92,99,99,99,99],"card_choices":[{"not_picked":["hubris:TrickCloak","conspire:DoublingDagger"],"picked":"Deadly Poison","floor":1},{"not_picked":["Flying Knee","ReplayTheSpireMod:The Works"],"picked":"Bane","floor":4},{"not_picked":["hubris:TrickCloak","PiercingWail"],"picked":"Infinite Blades","floor":5},{"not_picked":["Cloak And Dagger","Terror"],"picked":"ReplayTheSpireMod:Shiv Toss","floor":6},{"not_picked":["hubris:SlightOfHand","Dodge and Roll"],"picked":"Accuracy","floor":10},{"not_picked":["Deadly Poison","hubris:Sniper","ReplayTheSpireMod:Shiv Toss"],"picked":"SKIP","floor":14},{"not_picked":["Dodge and Roll+1","Dagger Spray","Cloak And Dagger"],"picked":"SKIP","floor":18},{"not_picked":["Flying Knee","Dagger Spray","Underhanded Strike"],"picked":"SKIP","floor":22},{"not_picked":["Sucker Punch","Blade Dance"],"picked":"Prepared","floor":23},{"not_picked":["Outmaneuver","Slice","Backflip"],"picked":"SKIP","floor":25},{"not_picked":["Slice+1","Bouncing Flask","Noxious Fumes"],"picked":"SKIP","floor":28},{"not_picked":["Grand Finale","Burst"],"picked":"Tools of the Trade","floor":33},{"not_picked":["Distraction","Quick Slash+1","Finisher"],"picked":"Singing Bowl","floor":35},{"not_picked":["Distraction","Dagger Throw+1","conspire:PoisonWeapons+1"],"picked":"Singing Bowl","floor":38},{"not_picked":["Quick Slash","Finisher"],"picked":"Choke","floor":39}],"player_experience":223671,"relics_obtained":[{"floor":6,"key":"Nunchaku"},{"floor":9,"key":"Potion Belt"},{"floor":14,"key":"PreservedInsect"},{"floor":23,"key":"aspiration:FrozenJewel"},{"floor":25,"key":"aspiration:SeaSaltIceCream"},{"floor":26,"key":"aspiration:AnachronicSnailShell"},{"floor":34,"key":"Tiny Chest"},{"floor":34,"key":"Singing Bowl"},{"floor":34,"key":"hubris:Spice"},{"floor":39,"key":"Strawberry"}],"event_choices":[{"damage_healed":0,"gold_gain":0,"player_choice":"Forge","damage_taken":0,"max_hp_gain":0,"max_hp_loss":0,"event_name":"Accursed Blacksmith","floor":2,"gold_loss":0,"cards_upgraded":["Poison Darts"]},{"damage_healed":17,"gold_gain":0,"player_choice":"Healed","damage_taken":0,"max_hp_gain":0,"max_hp_loss":0,"event_name":"The Cleric","floor":12,"gold_loss":35},{"damage_healed":0,"gold_gain":0,"player_choice":"Ignored","damage_taken":0,"max_hp_gain":0,"max_hp_loss":0,"event_name":"Ghosts","floor":19,"gold_loss":0},{"damage_healed":0,"gold_gain":0,"player_choice":"Joined the Cult","damage_taken":6,"max_hp_gain":0,"max_hp_loss":0,"event_name":"Nest","floor":21,"gold_loss":0,"cards_obtained":["RitualDagger"]},{"cards_removed":["Poison Darts"],"damage_healed":2,"gold_gain":0,"player_choice":"Offered Rare","damage_taken":0,"max_hp_gain":10,"max_hp_loss":0,"event_name":"Bonfire Elementals","floor":37,"gold_loss":0}],"is_beta":false,"boss_relics":[{"not_picked":["Honey Jar","aspiration:SecretTechniqueScroll"],"picked":"HoveringKite"},{"not_picked":["conspire:RoyalGoblet","hubris:VirtuousBlindfold"],"picked":"Calling Bell"}],"items_purged_floors":[3],"is_endless":false,"potions_floor_spawned":[1,4,10,16,18,28,33,38,39],"killed_by":"Reptomancer","ascension_level":3}}