{"host":"0cnf9zf1gia27zti","time":1609115092,"event":{"mods":["BaseMod","BetterRewards","Card Forge","Colored Map","Colored Powertips","Conspire","Downfall","Minty Spire (QoL Compilation)","Practice Mode","Quick Restart","Replay The Spire","Robot Space Explorer","Shade Mod","Spicy Shops","StSLib"],"gold_per_floor":[115,115,133,75,85,85,100,43,68,68,96,46,46,2,2,78,78,109,119,148,73,73,73,73,73,119,164,195,213,29,66,66,141,141,154,192,205,66,82,131,142,195,195,206,232,232,152,194,194,212,212],"floor_reached":50,"playtime":2283,"items_purged":["Strike_B"],"score":1444,"play_id":"3330403f-bc2a-4a9c-9445-bb136e4326f6","local_time":"20201228002452","is_ascension_mode":true,"campfire_choices":[{"floor":6,"key":"REST"},{"floor":15,"key":"REST"},{"floor":23,"key":"REST"},{"floor":25,"key":"REST"},{"floor":32,"key":"DIG"},{"floor":46,"key":"REST"},{"floor":49,"key":"DIG"}],"circlet_count":0,"master_deck":["AscendersBane","Defend_B","Defend_B","Defend_B","Defend_B+1","Zap+1","Dualcast+1","Beam Cell","Go for the Eyes+1","Panache","Beam Cell","Gash+1","Scrape","Conserve Battery","Gash","Steam","Steam","Gash","conspire:SpireCoStock+1","Go for the Eyes+1","Scrape","Reboot+1","Beam Cell+1","Scrape","Gash","Reinforced Body","FTL","Violence","Steam","Hyperbeam","Reprogram","Gash","Steam","Gash","Gash+1","Gash"],"relics":["Cracked Core","Hammer of Thor","Seething Fire","Anvil of the Gods","Matryoshka","Omamori","Geode","Bag of Preparation","conspire:Flyswatter","Cursed Key","MealTicket","Pet Ghost","Shovel","Iron Hammer","Emotion Chip","Oddly Smooth Stone","conspire:DeflatedDodgeball","War Paint","Replay:Bottled Flurry","Smiling Mask","ClockworkSouvenir","Gremlin Horn"],"acts_visited":["Exordium","TheCity","TheBeyond"],"potions_floor_usage":[7,16,19,39,42,42],"damage_taken":[{"damage":4,"enemies":"Jaw Worm","floor":1,"turns":2},{"damage":0,"enemies":"2 Louse","floor":3,"turns":2},{"damage":10,"enemies":"Small Slimes","floor":5,"turns":3},{"damage":7,"enemies":"Looter","floor":7,"turns":3},{"damage":5,"enemies":"3 Sentries","floor":11,"turns":4},{"damage":27,"enemies":"Hexaghost","floor":16,"turns":9},{"damage":7,"enemies":"3 Byrds","floor":18,"turns":4},{"damage":2,"enemies":"2 Thieves","floor":19,"turns":3},{"damage":36,"enemies":"Snecko","floor":20,"turns":6},{"damage":5,"enemies":"Book of Stabbing","floor":27,"turns":3},{"damage":0,"enemies":"Chosen and Byrds","floor":28,"turns":2},{"damage":0,"enemies":"Centurion and Healer","floor":29,"turns":3},{"damage":0,"enemies":"Cultist and Chosen","floor":31,"turns":3},{"damage":5,"enemies":"Pondfish","floor":33,"turns":5},{"damage":0,"enemies":"Orb Walker","floor":35,"turns":2},{"damage":0,"enemies":"Mind Bloom Boss Battle","floor":36,"turns":2},{"damage":0,"enemies":"3 Shapes","floor":37,"turns":1},{"damage":0,"enemies":"Jaw Worm Horde","floor":39,"turns":2},{"damage":22,"enemies":"R_Hoarder","floor":40,"turns":9},{"damage":0,"enemies":"4 Shapes","floor":41,"turns":2},{"damage":3,"enemies":"Giant Head","floor":42,"turns":6},{"damage":0,"enemies":"Spire Growth","floor":44,"turns":2},{"damage":25,"enemies":"Nemesis","floor":45,"turns":5},{"damage":0,"enemies":"3 Darklings","floor":48,"turns":2},{"damage":85,"enemies":"Time Eater","floor":50,"turns":9}],"seed_played":"-3742315894704146105","potions_obtained":[{"floor":5,"key":"AttackPotion"},{"floor":11,"key":"AttackPotion"},{"floor":18,"key":"PowerPotion"},{"floor":19,"key":"PotionOfCapacity"},{"floor":20,"key":"Elixir"},{"floor":31,"key":"Fire Potion"},{"floor":37,"key":"LiquidBronze"},{"floor":40,"key":"Guardian:BlockOnCardUsePotion"},{"floor":41,"key":"Regen Potion"},{"floor":45,"key":"sneckomod:MuddlingPotion"}],"is_trial":false,"path_per_floor":["M","?","M","$","M","R","M","$","T","?","E","?","?","$","R","B",null,"M","M","M","?","?","R","$","R","T","E","M","M","$","M","R","B",null,"M","?","M","$","M","E","M","E","T","M","E","R","$","M","R","B"],"character_chosen":"DEFECT","items_purchased":["Matryoshka","Beam Cell","Go for the Eyes","Panache","Beam Cell","Omamori","Gash","Steam","Go for the Eyes+1","Violence","Gash","Oddly Smooth Stone","ClockworkSouvenir"],"campfire_rested":5,"item_purchase_floors":[0,0,0,0,0,0,4,8,14,30,38,38,47],"current_hp_per_floor":[60,60,60,60,50,71,64,64,64,64,59,59,38,38,59,32,61,54,52,16,16,16,37,37,58,58,53,53,53,68,68,68,63,69,69,69,69,71,71,49,49,61,61,61,36,57,71,71,71,0,0],"gold":212,"neow_bonus":"","is_daily":false,"chose_seed":false,"campfire_upgraded":0,"win_rate":0.0,"timestamp":1609115092,"path_taken":["M","?","M","$","M","R","M","$","T","?","E","?","?","?","R","BOSS","M","M","?","?","?","R","$","R","T","E","M","M","$","?","R","BOSS","M","?","M","$","M","E","M","E","T","M","E","R","$","M","R","BOSS"],"items_purchased_type":["Relic","Card","Card","Card","Card","Relic","Card","Card","Card","Card","Card","Relic","Relic"],"build_version":"2020-12-22","purchased_purges":1,"victory":false,"max_hp_per_floor":[71,71,71,71,71,71,71,71,71,71,71,71,71,71,71,71,71,71,71,71,71,71,71,71,71,71,71,71,71,71,71,71,71,71,71,71,71,71,71,71,71,71,71,71,71,71,71,71,71,71,71],"card_choices":[{"not_picked":["White Noise","Hologram"],"picked":"Conserve Battery","floor":1},{"not_picked":["ReplaySolidLightProjector","Redo","Capacitor"],"picked":"SKIP","floor":3},{"not_picked":["BasicCrystalCard","Barrage"],"picked":"Steam","floor":5},{"not_picked":["Cold Snap","Redo","Static Discharge"],"picked":"SKIP","floor":7},{"not_picked":["Time Bomb","Hologram"],"picked":"Gash","floor":11},{"not_picked":["ReplayRNGCard","Mirror Shield"],"picked":"Reboot","floor":16},{"not_picked":["Beam Cell","Rebound","Stack"],"picked":"SKIP","floor":18},{"not_picked":["Glacier","ReplayTheSpireMod:Reroute Power"],"picked":"Beam Cell+1","floor":19},{"not_picked":["Beam Cell","Capacitor"],"picked":"Scrape","floor":20},{"not_picked":["Loop","Hologram","conspire:Rain"],"picked":"SKIP","floor":27},{"not_picked":["Beam Cell","Cold Snap+1"],"picked":"Reinforced Body","floor":28},{"not_picked":["ReplayTheSpireMod:Dual Polarity+1","Conserve Battery"],"picked":"FTL","floor":29},{"not_picked":["Redo","BasicCrystalCard+1"],"picked":"Steam","floor":31},{"not_picked":["Thunder Strike","Fission"],"picked":"Hyperbeam","floor":33},{"not_picked":["Cold Snap","Stack","Barrage+1"],"picked":"SKIP","floor":35},{"not_picked":["Melter","Compile Driver"],"picked":"Reprogram","floor":36},{"not_picked":["Beam Cell","Darkness","Compile Driver"],"picked":"SKIP","floor":37},{"not_picked":["Stack","Turbo"],"picked":"Steam","floor":39},{"not_picked":["ReplayRNGCard","Hologram","Creative AI"],"picked":"SKIP","floor":40},{"not_picked":["Heatsinks","Redo"],"picked":"Gash","floor":41},{"not_picked":["Panic Button+1","Chaos"],"picked":"Gash+1","floor":42},{"not_picked":["Rebound","Streamline","Coolheaded"],"picked":"SKIP","floor":44},{"not_picked":["Cold Snap","ReplaySolidLightProjector"],"picked":"Gash","floor":45},{"not_picked":["Consume","ReplayTheSpireMod:System Scan","Streamline"],"picked":"SKIP","floor":48}],"player_experience":2655385,"relics_obtained":[{"floor":9,"key":"Geode"},{"floor":9,"key":"Bag of Preparation"},{"floor":11,"key":"conspire:Flyswatter"},{"floor":26,"key":"MealTicket"},{"floor":26,"key":"Pet Ghost"},{"floor":27,"key":"Shovel"},{"floor":32,"key":"Iron Hammer"},{"floor":36,"key":"Emotion Chip"},{"floor":40,"key":"conspire:DeflatedDodgeball"},{"floor":42,"key":"War Paint"},{"floor":43,"key":"Replay:Bottled Flurry"},{"floor":45,"key":"Smiling Mask"},{"floor":49,"key":"Gremlin Horn"}],"event_choices":[{"cards_removed":["Strike_B"],"damage_healed":0,"gold_gain":0,"player_choice":"Forget","damage_taken":0,"max_hp_gain":0,"max_hp_loss":0,"event_name":"Living Wall","floor":2,"gold_loss":0},{"damage_healed":0,"gold_gain":0,"player_choice":"Invest 1","damage_taken":0,"max_hp_gain":0,"max_hp_loss":0,"event_name":"conspire:Investor","floor":12,"gold_loss":0},{"damage_healed":0,"gold_gain":0,"player_choice":"Entered Light","damage_taken":21,"max_hp_gain":0,"max_hp_loss":0,"event_name":"Shining Light","floor":13,"gold_loss":0,"cards_upgraded":["Go for the Eyes","Defend_B"]},{"cards_removed":["Strike_B"],"damage_healed":0,"gold_gain":0,"player_choice":"Gave Gold","damage_taken":0,"max_hp_gain":0,"max_hp_loss":0,"event_name":"Beggar","floor":21,"gold_loss":75},{"damage_healed":0,"gold_gain":0,"cards_transformed":["Strike_B"],"player_choice":"Transformed","damage_taken":0,"max_hp_gain":0,"max_hp_loss":0,"event_name":"Transmorgrifier","floor":22,"gold_loss":0,"cards_obtained":["Rebound"]},{"damage_healed":0,"gold_gain":0,"player_choice":"Fight","damage_taken":0,"max_hp_gain":0,"max_hp_loss":0,"event_name":"MindBloom","floor":36,"gold_loss":0}],"is_beta":false,"boss_relics":[{"not_picked":["Calling Bell","Fusion Hammer"],"picked":"Cursed Key"},{"not_picked":["Snecko Eye","Replay:Bronze Core","Snecko Heart"]}],"items_purged_floors":[0],"is_endless":false,"potions_floor_spawned":[5,11,18,19,20,31,37,40,41,45],"killed_by":"Time Eater","ascension_level":19}}