{"host":"y89x8uui45kcjy42","time":1609129553,"event":{"mods":["2.2 Compatiblity","BaseMod","CapriCore","Colored Map","Colored Powertips","Custom Start","Friendly Minions","Highlight Path","Keyboard Shortcuts","Minty Spire (QoL Compilation)","Relic Stats","Slay the Relics Exporter","StSLib","SuperFastMode","Waifu the Spire"],"gold_per_floor":[117,132,151,248,248,248,267,217,217,102,116,6,6,35,35,35,35],"floor_reached":16,"playtime":299,"items_purged":["Strike_B","Defend_B"],"score":200,"play_id":"bb5df0c2-960b-48c7-85fb-7b75ebe25bfc","local_time":"20201228132553","is_ascension_mode":true,"campfire_choices":[{"data":"Streamline","floor":6,"key":"SMITH"},{"data":"Recycle","floor":15,"key":"SMITH"}],"circlet_count":0,"master_deck":["AscendersBane","Zap","Dualcast+1","Recycle+1","Streamline+1","Barrage","Coolheaded","Coolheaded+1"],"relics":["Runic Pyramid","Inserter","DataDisk","Inserter","Membership Card","Lee\u0027s Waffle","Potion Belt","ClockworkSouvenir","DollysMirror","StoneCalendar"],"acts_visited":["Exordium"],"potions_floor_usage":[],"damage_taken":[{"damage":6,"enemies":"Cultist","floor":1,"turns":3},{"damage":7,"enemies":"Jaw Worm","floor":2,"turns":3},{"damage":21,"enemies":"Small Slimes","floor":3,"turns":3},{"damage":16,"enemies":"Blue Slaver","floor":7,"turns":3},{"damage":18,"enemies":"Large Slime","floor":11,"turns":4},{"damage":18,"enemies":"Gremlin Nob","floor":14,"turns":4},{"damage":9,"enemies":"The Guardian","floor":16,"turns":2}],"seed_played":"5933533102836119149","potions_obtained":[{"floor":1,"key":"Swift Potion"},{"floor":3,"key":"CultistPotion"}],"is_trial":false,"path_per_floor":["M","M","M","$","?","R","M","$","T","$","M","$","?","E","R","B"],"character_chosen":"DEFECT","items_purchased":["Lee\u0027s Waffle","Potion Belt","ClockworkSouvenir","Barrage","Coolheaded","DollysMirror"],"campfire_rested":0,"item_purchase_floors":[4,4,10,10,12,12],"current_hp_per_floor":[58,51,30,78,78,78,62,62,62,62,44,44,21,3,3,0,0],"gold":35,"neow_bonus":"BOSS_RELIC","is_daily":false,"chose_seed":false,"campfire_upgraded":2,"win_rate":0.0,"timestamp":1609129553,"path_taken":["M","M","?","$","?","R","M","?","T","$","M","$","?","E","R","BOSS"],"items_purchased_type":["Relic","Relic","Relic","Card","Card","Relic"],"build_version":"2020-12-22","purchased_purges":2,"victory":false,"max_hp_per_floor":[71,71,71,78,78,78,78,78,78,78,78,78,78,78,78,78,78],"relic_stats":{"Lee\u0027s Waffle":48,"Inserter":[20],"counters":[7,22],"StoneCalendar":[0],"obtain_stats":[{"Potion Belt":4,"DataDisk":0,"Lee\u0027s Waffle":4,"Inserter":0,"DollysMirror":12,"StoneCalendar":14,"Membership Card":3,"Cracked Core":0,"Runic Pyramid":0,"ClockworkSouvenir":10},{"Potion Belt":3,"DataDisk":0,"Lee\u0027s Waffle":3,"Inserter":0,"DollysMirror":5,"StoneCalendar":6,"Membership Card":3,"Cracked Core":0,"Runic Pyramid":0,"ClockworkSouvenir":4},{"Potion Belt":9,"DataDisk":0,"Lee\u0027s Waffle":9,"Inserter":0,"DollysMirror":16,"StoneCalendar":20,"Membership Card":7,"Cracked Core":0,"Runic Pyramid":0,"ClockworkSouvenir":12}]},"card_choices":[{"not_picked":["Stack","Melter"],"picked":"Recycle","floor":1},{"not_picked":["Compile Driver","Hologram","Go for the Eyes"],"picked":"SKIP","floor":2},{"not_picked":["Reprogram","Static Discharge"],"picked":"Streamline","floor":3},{"not_picked":["Hologram","Conserve Battery","Undo"],"picked":"SKIP","floor":7},{"not_picked":["Steam","Thunder Strike","Double Energy"],"picked":"SKIP","floor":11},{"not_picked":["Steam","Rebound","Cold Snap"],"picked":"SKIP","floor":14}],"player_experience":517157,"relics_obtained":[{"floor":14,"key":"StoneCalendar"}],"event_choices":[{"damage_healed":0,"gold_gain":0,"player_choice":"0 cards matched","damage_taken":0,"max_hp_gain":0,"max_hp_loss":0,"event_name":"Match and Keep!","floor":5,"gold_loss":0,"cards_obtained":[]},{"damage_healed":0,"gold_gain":0,"player_choice":"Entered Light","damage_taken":23,"max_hp_gain":0,"max_hp_loss":0,"event_name":"Shining Light","floor":13,"gold_loss":0,"cards_upgraded":["Dualcast","Coolheaded"]}],"is_beta":false,"boss_relics":[],"items_purged_floors":[4,8],"is_endless":false,"potions_floor_spawned":[1,3],"killed_by":"The Guardian","ascension_level":20}}