{"host":"eqvoimh73njwfgdh","time":1609115803,"event":{"mods":["AchievementEnabler","BaseMod","Better Altar","Better Match","Better Note","Better Sensory Stone","Better Skull","Better Third Choice","BetterRewards","Colored Powertips","Conspire","Energized Spire","Hubris","Minty Spire (QoL Compilation)","Permanent Neow","Rare Cards Sparkle","Relic Stats","Replay The Spire","Spicy Shops","StSLib","The Animator","The Blue Laboratory","vexMod"],"gold_per_floor":[109,127,127,127,147,193,163,179,179,179,179,202,202,217,217,348,348,378,378,399,399,499,499,520,547,595,644,665,103,119,142,142,279,279,295,295,320,320,290,302,330,330,355,56,56,128,153,128,128,128,128,140,17,90,90,90],"floor_reached":55,"playtime":5081,"items_purged":[],"score":809,"play_id":"3a3cf932-753d-4b38-96cf-45d6fc859b7c","local_time":"20201228013643","is_ascension_mode":true,"campfire_choices":[{"floor":10,"key":"REST"},{"floor":13,"key":"RECALL"},{"floor":15,"key":"REST"},{"floor":23,"key":"REST"},{"floor":32,"key":"REST"},{"floor":40,"key":"REST"},{"floor":42,"key":"REST"},{"floor":49,"key":"REST"},{"floor":52,"key":"REST"}],"circlet_count":0,"master_deck":["animator:Strike_GoblinSlayer","animator:Defend_GoblinSlayer","animator:Strike","animator:Strike","animator:Defend","animator:Defend","animator:Defend","animator:LizardPriest","animator:DwarfShaman","animator:Yoichi","animator:ElricEdward","animator:MaesHughes","animator:Priestess","animator:Priestess","animator:Benimaru","animator:Vesta","animator:CowGirl","animator:FeridBathory+1","animator:MetalKnight","animator:Fredrika","animator:DwarfShaman","animator:Guren+1","animator:MetalKnight","animator:Shinoa","animator:Shinoa","animator:Gillette","animator:ElricEdward","animator:Yoichi","animator:GazelDwargon","animator:GoblinSlayer","animator:GuildGirl+1","animator:Mikaela","animator:Gillette","animator:Gilgamesh+4","Parasite","animator:CowGirl","animator:Sonic+1","animator:DwarfShaman+1","animator:Lancer","animator:Archer","animator:Pride+1"],"relics":["animator:LivingPicture","animator:TheMissingPiece","Golden Idol","Spirit Poop","Anchor","hubris:Stopwatch","hubris:Towel","Pet Ghost","Dream Catcher","Juzu Bracelet","Toy Ornithopter","Oddly Smooth Stone","Guide Book","SlaversCollar","Bottled Tornado","FossilizedHelix","vexMod:Dragonfruit","vexMod:BarristanHead","conspire:BottledYoYo","Pear"],"acts_visited":["Exordium","TheCity","TheBeyond","TheEnding"],"potions_floor_usage":[2,16,24,24,30,30,33,41,50,50,50,50,50,50],"damage_taken":[{"damage":7,"enemies":"Small Slimes","floor":1,"turns":5},{"damage":0,"enemies":"Cultist","floor":2,"turns":3},{"damage":0,"enemies":"Jaw Worm","floor":5,"turns":5},{"damage":26,"enemies":"3 Sentries","floor":6,"turns":8},{"damage":0,"enemies":"Looter","floor":7,"turns":4},{"damage":11,"enemies":"2 Fungi Beasts","floor":8,"turns":5},{"damage":3,"enemies":"Gremlin Gang","floor":12,"turns":5},{"damage":0,"enemies":"Exordium Wildlife","floor":14,"turns":4},{"damage":2,"enemies":"Slime Boss","floor":16,"turns":10},{"damage":11,"enemies":"3 Byrds","floor":18,"turns":5},{"damage":27,"enemies":"Shell Parasite","floor":20,"turns":6},{"damage":28,"enemies":"Centurion and Healer","floor":24,"turns":8},{"damage":0,"enemies":"conspire:MimicChest","floor":27,"turns":10},{"damage":17,"enemies":"Snecko","floor":28,"turns":6},{"damage":10,"enemies":"Snake Plant","floor":30,"turns":5},{"damage":0,"enemies":"Centurion and Healer","floor":31,"turns":8},{"damage":11,"enemies":"hubris:MusketHawk","floor":33,"turns":10},{"damage":7,"enemies":"3 Darklings","floor":35,"turns":6},{"damage":7,"enemies":"Orb Walker","floor":37,"turns":7},{"damage":6,"enemies":"Writhing Mass","floor":41,"turns":7},{"damage":36,"enemies":"Reptomancer","floor":46,"turns":8},{"damage":33,"enemies":"hubris:GrandSnecko","floor":50,"turns":12},{"damage":37,"enemies":"Shield and Spear","floor":54,"turns":6},{"damage":52,"enemies":"The Heart","floor":55,"turns":6}],"seed_played":"3805610352172112512","potions_obtained":[{"floor":1,"key":"blueLaboratory:EnragingPotion"},{"floor":8,"key":"blueLaboratory:BottledHope"},{"floor":12,"key":"Strength Potion"},{"floor":16,"key":"Fire Potion"},{"floor":18,"key":"DistilledChaos"},{"floor":24,"key":"SteroidPotion"},{"floor":27,"key":"blueLaboratory:RememoryPotion"},{"floor":33,"key":"CultistPotion"},{"floor":39,"key":"blueLaboratory:ForbiddenFruitJuice"},{"floor":39,"key":"EntropicBrew"},{"floor":41,"key":"blueLaboratory:HorrorPotion"},{"floor":46,"key":"Energy Potion"}],"is_trial":false,"path_per_floor":["M","M","?","?","M","E","M","M","T","R","?","M","R","M","R","B",null,"M","?","M","?","?","R","M","T","T","?","M","$","M","M","R","B",null,"M","?","M","?","?","R","M","R","T","$","?","E","T","?","R","B",null,"R","$","E","B"],"character_chosen":"THE_ANIMATOR","items_purchased":["Toy Ornithopter","Oddly Smooth Stone","animator:Shinoa","animator:Gillette","Guide Book","FossilizedHelix","conspire:BottledYoYo"],"campfire_rested":8,"item_purchase_floors":[29,29,29,29,29,44,53],"current_hp_per_floor":[59,59,59,59,59,33,33,22,22,41,41,38,38,39,59,57,67,56,56,29,29,29,49,21,21,21,21,4,4,4,4,24,18,67,61,61,54,54,54,68,62,69,69,69,69,38,38,38,61,60,77,77,77,50,0,0],"gold":90,"neow_bonus":"RANDOM_EVENT","is_daily":false,"chose_seed":false,"campfire_upgraded":0,"win_rate":0.0,"timestamp":1609115803,"path_taken":["M","M","?","?","?","E","M","?","T","R","?","M","R","?","R","BOSS","M","?","M","?","?","R","?","?","T","?","M","$","M","M","R","BOSS","M","?","M","?","?","R","M","R","T","$","?","E","?","?","R","BOSS","R","$","E","BOSS"],"items_purchased_type":["Relic","Relic","Card","Card","Relic","Relic","Relic"],"build_version":"2020-12-22","purchased_purges":0,"victory":false,"max_hp_per_floor":[66,66,66,66,66,66,66,66,66,66,66,66,66,67,67,67,67,67,67,67,67,67,67,67,67,67,67,67,67,67,67,67,67,67,68,68,68,68,68,68,68,69,69,69,69,74,74,74,75,77,77,77,77,87,87,87],"relic_stats":{"Dream Catcher":5,"counters":[24,156],"Golden Idol":160,"Juzu Bracelet":1,"obtain_stats":[{"Pear":54,"Golden Idol":3,"animator:TheMissingPiece":0,"Guide Book":29,"Spirit Poop":4,"Oddly Smooth Stone":29,"Juzu Bracelet":27,"hubris:Towel":21,"Bottled Tornado":43,"Pet Ghost":25,"vexMod:Dragonfruit":46,"SlaversCollar":34,"Anchor":6,"Dream Catcher":26,"vexMod:BarristanHead":47,"hubris:Stopwatch":17,"animator:LivingPicture":0,"conspire:BottledYoYo":53,"Toy Ornithopter":29,"FossilizedHelix":44},{"Pear":23,"Golden Idol":2,"animator:TheMissingPiece":0,"Guide Book":14,"Spirit Poop":2,"Oddly Smooth Stone":14,"Juzu Bracelet":13,"hubris:Towel":11,"Bottled Tornado":20,"Pet Ghost":12,"vexMod:Dragonfruit":21,"SlaversCollar":17,"Anchor":4,"Dream Catcher":12,"vexMod:BarristanHead":21,"hubris:Stopwatch":9,"animator:LivingPicture":0,"conspire:BottledYoYo":22,"Toy Ornithopter":14,"FossilizedHelix":20},{"Pear":150,"Golden Idol":7,"animator:TheMissingPiece":0,"Guide Book":81,"Spirit Poop":7,"Oddly Smooth Stone":81,"Juzu Bracelet":75,"hubris:Towel":57,"Bottled Tornado":124,"Pet Ghost":65,"vexMod:Dragonfruit":132,"SlaversCollar":104,"Anchor":19,"Dream Catcher":65,"vexMod:BarristanHead":132,"hubris:Stopwatch":46,"animator:LivingPicture":0,"conspire:BottledYoYo":144,"Toy Ornithopter":81,"FossilizedHelix":124}],"Toy Ornithopter":45},"card_choices":[{"not_picked":["animator:Assassin","animator:LizardPriest"],"picked":"animator:Yoichi","floor":1},{"not_picked":["animator:CrowleyEusford","animator:Melzalgald"],"picked":"animator:ElricEdward","floor":2},{"not_picked":["animator:Shuna","animator:Assassin"],"picked":"animator:MaesHughes","floor":5},{"not_picked":["animator:HighElfArcher","animator:DwarfShaman"],"picked":"animator:Priestess","floor":6},{"not_picked":["animator:CrowleyEusford","animator:Rimuru"],"picked":"animator:Priestess","floor":7},{"not_picked":["animator:Souei","animator:CrowleyEusford"],"picked":"animator:Benimaru","floor":8},{"not_picked":["animator:Geryuganshoop","animator:RoyMustang"],"picked":"animator:Vesta","floor":12},{"not_picked":["animator:Priestess","animator:LizardPriest"],"picked":"animator:CowGirl","floor":14},{"not_picked":["animator:AcuraShin","animator:Rimuru"],"picked":"animator:FeridBathory","floor":16},{"not_picked":["animator:WinryRockbell","animator:Priestess"],"picked":"animator:MetalKnight","floor":18},{"not_picked":["animator:Hakurou","animator:Viivi"],"picked":"animator:Fredrika","floor":20},{"not_picked":["animator:Lancer+1","animator:Shion+1"],"picked":"animator:DwarfShaman","floor":24},{"not_picked":["animator:Guy","animator:SilverFang+1"],"picked":"animator:Guren","floor":27},{"not_picked":["animator:Viivi","animator:Sloth"],"picked":"animator:MetalKnight","floor":28},{"not_picked":["animator:Sloth","animator:Layla"],"picked":"animator:ElricEdward","floor":30},{"not_picked":["animator:AcuraTooru+1","animator:Souei+1"],"picked":"animator:Yoichi","floor":31},{"not_picked":["animator:Shion","animator:Mitsuba+1"],"picked":"animator:GazelDwargon","floor":32},{"not_picked":["animator:Guren","animator:ChaikaTrabant"],"picked":"animator:GoblinSlayer","floor":33},{"not_picked":["animator:Viivi+1","animator:Hakurou+1"],"picked":"animator:GuildGirl+1","floor":35},{"not_picked":["animator:ShinjiMatou","animator:HiiragiShinya"],"picked":"animator:Gillette","floor":37},{"not_picked":["animator:MetalKnight","animator:Fredrika"],"picked":"animator:Gilgamesh","floor":40},{"not_picked":["animator:Millim+1","animator:Geryuganshoop+1"],"picked":"animator:CowGirl","floor":41},{"not_picked":["animator:Mitsuba","animator:Shigure+1"],"picked":"animator:Sonic+1","floor":42},{"not_picked":["animator:Layla","animator:Melzalgald"],"picked":"animator:DwarfShaman+1","floor":46},{"not_picked":["animator:Guy+1","animator:Rider+1"],"picked":"animator:Lancer","floor":49},{"not_picked":["animator:ShinjiMatou","animator:Benimaru"],"picked":"animator:Archer","floor":52},{"not_picked":["animator:Alexander","animator:Assassin"],"picked":"animator:Pride+1","floor":54}],"player_experience":114672,"relics_obtained":[{"floor":6,"key":"Anchor"},{"floor":25,"key":"Pet Ghost"},{"floor":26,"key":"Dream Catcher"},{"floor":27,"key":"Juzu Bracelet"},{"floor":43,"key":"Bottled Tornado"},{"floor":46,"key":"vexMod:Dragonfruit"},{"floor":47,"key":"vexMod:BarristanHead"},{"floor":54,"key":"Pear"}],"event_choices":[{"damage_healed":0,"gold_gain":0,"player_choice":"Take Wound","damage_taken":0,"relics_obtained":["Golden Idol"],"max_hp_gain":0,"max_hp_loss":0,"event_name":"Golden Idol","floor":3,"gold_loss":0,"cards_obtained":["Injury"]},{"cards_removed":["Injury"],"damage_healed":0,"gold_gain":0,"player_choice":"Offered Curse","damage_taken":0,"relics_obtained":["Spirit Poop"],"max_hp_gain":0,"max_hp_loss":0,"event_name":"Bonfire Elementals","floor":4,"gold_loss":0},{"damage_healed":0,"gold_gain":0,"player_choice":"Ignored","damage_taken":0,"max_hp_gain":0,"max_hp_loss":0,"event_name":"Purifier","floor":11,"gold_loss":0},{"damage_healed":0,"gold_gain":0,"player_choice":"Ignored","damage_taken":0,"max_hp_gain":0,"max_hp_loss":0,"event_name":"Beggar","floor":19,"gold_loss":0},{"damage_healed":0,"gold_gain":100,"player_choice":"Pray","damage_taken":0,"max_hp_gain":0,"max_hp_loss":0,"event_name":"Golden Shrine","floor":22,"gold_loss":0},{"damage_healed":0,"gold_gain":0,"player_choice":"Ignored","damage_taken":0,"max_hp_gain":0,"max_hp_loss":0,"event_name":"Mysterious Sphere","floor":38,"gold_loss":0},{"damage_healed":0,"gold_gain":0,"player_choice":"Bought 2 Potions","damage_taken":0,"max_hp_gain":0,"max_hp_loss":0,"event_name":"The Woman in Blue","floor":39,"gold_loss":0},{"damage_healed":0,"gold_gain":0,"player_choice":"Leave","damage_taken":0,"max_hp_gain":0,"max_hp_loss":0,"event_name":"conspire:Investor","floor":45,"gold_loss":0}],"is_beta":false,"boss_relics":[{"not_picked":["vexMod:TanglingVine","Velvet Choker"],"picked":"hubris:Stopwatch"},{"not_picked":["conspire:SlowCooker","vexMod:EndlessSickness"],"picked":"SlaversCollar"}],"items_purged_floors":[],"is_endless":false,"potions_floor_spawned":[1,8,12,16,18,24,27,33,41,46],"killed_by":"The Heart","ascension_level":2}}