{"host":"wi1dz5t8299iil0b","time":1609188155,"event":{"mods":["2.2 Compatiblity","Act Like it!","Aspiration","Astrologer","BaseMod","Beaked The Cultist","Better Match","Better Note","Better Sensory Stone","Better Synergies","Better Third Choice","BetterRewards","Colored Map","Colored Powertips","Communication Mod","Conjunction","Conspire","Downfall","Fiend Mod","Friendly Minions","GifTheSpireLib","GungeonMod","Halation","Hallownest","Highlight Path","Hubris","Infinite Spire","Jedi Mod","Lobotomy","Mad Scientist","Minty Spire (QoL Compilation)","Pale of the Ancients","Permanent Neow","Potionbrewer","RNG Fix","Replay The Spire","Shade Mod","Shop Mod","Spikes Relics","StSLib","Stuff the Spire","The Blackbeard","The Bladedancer","The Blue Laboratory","The Bug Knight","The Construct","The Cursed","The Death Knight","The Druid","The Necromancer","The Problem Sleuth","The Sage","TheHeartMod","TheVacant","Trackpad","Wandering Minibosses"],"gold_per_floor":[117,128,53,128,128,128,154,154,154,174,174,200,216,248,248,353,353,372,389,389,403,415,415,441,460,460,460,460,460,460,486,486,582,582,600,613,626,626,644,644,644],"floor_reached":40,"playtime":8145,"items_purged":[],"score":495,"play_id":"7d94d119-a7bc-444f-99c9-62c32e6e4fa7","local_time":"20201228154235","is_ascension_mode":true,"campfire_choices":[{"data":"Shade:FleshToFlesh","floor":6,"key":"SMITH"},{"data":"Shade:AnimateDead","floor":8,"key":"SMITH"},{"data":"Pot Of Greed","floor":15,"key":"SMITH"},{"data":"StuffTheSpire:CopiaOfFamine","floor":23,"key":"SMITH"},{"data":"Pot Of Greed","floor":30,"key":"SMITH"}],"circlet_count":0,"master_deck":["Shade:Strike_Shade","Shade:Strike_Shade","Shade:Strike_Shade","Shade:Strike_Shade","Shade:Defend_Shade","Shade:Defend_Shade","Shade:Defend_Shade","Shade:Defend_Shade","Shade:AnimateDead+1","Shade:CarefulCut","jedi:LeechingStrike","Shade:FleshToFlesh+1","expansioncontent:Hexaburn+1","Shade:Excise+1","Shade:AblativeArmor","Shade:Haruspicy+1","Pot Of Greed+1","Pot Of Greed+1","Shade:FleshLikeOak","Shade:FuneraryJewels","Shade:DarkOfNight","Shade:DangerousRitual","Shade:Excise","StuffTheSpire:CopiaOfFamine+1","Shade:Putrefaction","Shade:FuneraryJewels+1","Pot Of Greed","StuffTheSpire:CopiaOfFamine+1","Shade:FuneraryArmor+1"],"relics":["Shade:YorickSkull","Strawberry","hubris:MysteriousPyramids","Grinning Jar","halation:AfternoonTea","aspiration:PoetsPen_weak","Blood Vial","White Beast Statue","Bronze Scales","Ring of Chaos","StuffTheSpire:Experiment12","halation:HeavySnake"],"acts_visited":["Exordium","TheCity","TheBeyond"],"potions_floor_usage":[7,12,14,16,16,22,35,36,36],"damage_taken":[{"damage":0,"enemies":"Small Slimes","floor":1,"turns":4},{"damage":0,"enemies":"Jaw Worm","floor":2,"turns":3},{"damage":7,"enemies":"Gremlin Nob","floor":7,"turns":5},{"damage":0,"enemies":"Cultist","floor":10,"turns":3},{"damage":2,"enemies":"3 Sentries","floor":12,"turns":11},{"damage":0,"enemies":"2 Fungi Beasts","floor":13,"turns":3},{"damage":9,"enemies":"HollowMod:MossKnight","floor":14,"turns":34},{"damage":1,"enemies":"Hexaghost","floor":16,"turns":19},{"damage":14,"enemies":"conspire:FuzzyDice","floor":18,"turns":9},{"damage":17,"enemies":"2 Thieves","floor":19,"turns":4},{"damage":2,"enemies":"conspire:HollyBat","floor":21,"turns":10},{"damage":4,"enemies":"Snecko","floor":22,"turns":5},{"damage":2,"enemies":"Replay:Snechameleon","floor":24,"turns":6},{"damage":0,"enemies":"Centurion and Healer","floor":25,"turns":6},{"damage":0,"enemies":"Gremlin Leader","floor":31,"turns":8},{"damage":23,"enemies":"Champ","floor":33,"turns":16},{"damage":9,"enemies":"3 Shapes","floor":35,"turns":6},{"damage":0,"enemies":"3 Darklings","floor":36,"turns":7},{"damage":9,"enemies":"Spire Growth","floor":37,"turns":7},{"damage":60,"enemies":"4 Shapes","floor":39,"turns":9},{"damage":28,"enemies":"Reptomancer","floor":40,"turns":2}],"seed_played":"-7950474407090329485","potions_obtained":[{"floor":1,"key":"DeathKnight:RimePotion"},{"floor":7,"key":"LifebloodPotion"},{"floor":12,"key":"blueLaboratory:FruitPunch"},{"floor":13,"key":"champ:CounterPotion"},{"floor":14,"key":"infinitespire:BlackPotion"},{"floor":16,"key":"Elixir"},{"floor":18,"key":"blueLaboratory:PhilterOfMotion"},{"floor":21,"key":"blueLaboratory:AbyssPotion"},{"floor":31,"key":"blueLaboratory:LouseDecoction"},{"floor":33,"key":"Conjunction:LightningMarble"},{"floor":35,"key":"Swift Potion"},{"floor":36,"key":"blueLaboratory:BubblePotion"},{"floor":37,"key":"blueLaboratory:HorrorPotion"}],"is_trial":false,"path_per_floor":["M","M","?","?","?","R","E","R","T","M","?","E","M","E","R","B",null,"M","M","?","M","M","R","E","M","T","?","?","AVR","R","E","R_BF","B",null,"M","M","M","?","M","E"],"character_chosen":"SHADE","items_purchased":[],"campfire_rested":0,"item_purchase_floors":[],"current_hp_per_floor":[51,57,57,46,51,51,57,57,57,63,63,67,74,71,71,76,79,65,54,34,37,40,40,44,53,53,53,53,53,53,61,79,57,79,70,72,70,70,12,0,0],"gold":644,"neow_bonus":"RANDOM_COLORLESS_2","is_daily":false,"chose_seed":false,"campfire_upgraded":5,"win_rate":0.0,"timestamp":1609188155,"path_taken":["M","M","?","?","?","R","E","R","T","?","?","E","M","E","R","BOSS","M","M","?","?","M","R","E","M","T","?","?","AVR","R","E","R_BF","BOSS","M","M","M","?","?","E"],"items_purchased_type":[],"build_version":"2020-12-22","purchased_purges":0,"victory":false,"max_hp_per_floor":[65,65,65,65,70,70,77,77,77,77,77,77,77,79,79,79,79,79,79,79,79,79,79,79,79,79,79,79,79,79,79,79,79,79,79,79,79,79,79,79,79],"card_choices":[{"not_picked":["Poisoned Strike","Mayhem"],"picked":"jedi:LeechingStrike","floor":0},{"not_picked":["Shade:CallOfTheGrave","Shade:FingerOfDeath"],"picked":"Shade:FleshToFlesh","floor":1},{"not_picked":["Shade:PressTheAttack","Shade:Patience"],"picked":"Shade:WallOfFlesh","floor":2},{"not_picked":["Replay:SS_hec_1+1","Replay:Parry+1"],"picked":"expansioncontent:Hexaburn+1","floor":3},{"not_picked":["Shade:GoDigging+1","Shade:StitchTogether+1"],"picked":"Shade:Excise+1","floor":3},{"not_picked":["Shade:Bonestorm","Shade:SensePrey"],"picked":"Shade:AblativeArmor","floor":7},{"not_picked":["Shade:CommandSoldier","Shade:LyeBath","Shade:SkeletonHug"],"picked":"SKIP","floor":10},{"not_picked":["Shade:DangerousRitual","Shade:SkeletonHug"],"picked":"Shade:FleshLikeOak","floor":12},{"not_picked":["Shade:TouchOfTheGrave","Shade:Trample"],"picked":"Shade:FuneraryJewels","floor":13},{"not_picked":["Shade:LyeBath","Shade:DangerousRitual","Shade:Bite_Shade"],"picked":"SKIP","floor":14},{"not_picked":["Shade:OfferingToTheBeyond","Shade:LastGasp"],"picked":"Shade:DarkOfNight","floor":16},{"not_picked":["Shade:ClawBack","Shade:TouchOfTheGrave"],"picked":"Shade:DangerousRitual","floor":18},{"not_picked":["Shade:Doomsay","Shade:RitualOffering"],"picked":"Shade:Excise","floor":19},{"not_picked":["Shade:SanguineRitual","Shade:FingerOfDeath+1","Shade:Asphyxiate"],"picked":"SKIP","floor":21},{"not_picked":["Shade:SkeletonHug","Shade:BoneShards","Shade:Asphyxiate"],"picked":"SKIP","floor":22},{"not_picked":["Shade:LyeBath","Shade:FingerOfDeath"],"picked":"Shade:Putrefaction","floor":24},{"not_picked":["Shade:FingerOfDeath","Shade:BoneShards+1"],"picked":"Shade:FuneraryJewels+1","floor":25},{"not_picked":["Shade:SelfBurial","Shade:ClawBack","Shade:SpectralStrikes"],"picked":"SKIP","floor":31},{"not_picked":["Shade:Trample+1","Shade:ExtraLimbs+1","Shade:TouchOfTheGrave+1"],"picked":"SKIP","floor":35},{"not_picked":["Shade:Asphyxiate+1","Shade:FeralStrike+1"],"picked":"Shade:FuneraryArmor+1","floor":36},{"not_picked":["Shade:SpontaneousRitual+1","Shade:CallWraith+1","Shade:Trample+1"],"picked":"SKIP","floor":37},{"not_picked":["Shade:WallOfFlesh+1","Shade:FeralStrike+1","Shade:SpontaneousRitual+1"],"picked":"SKIP","floor":39}],"player_experience":160283,"relics_obtained":[{"floor":7,"key":"Strawberry"},{"floor":9,"key":"hubris:MysteriousPyramids"},{"floor":12,"key":"Grinning Jar"},{"floor":14,"key":"halation:AfternoonTea"},{"floor":24,"key":"Blood Vial"},{"floor":26,"key":"White Beast Statue"},{"floor":28,"key":"Bronze Scales"},{"floor":31,"key":"StuffTheSpire:Experiment12"}],"event_choices":[{"damage_healed":0,"gold_gain":0,"player_choice":"2","damage_taken":0,"max_hp_gain":0,"max_hp_loss":0,"event_name":"betterMatch:BetterMatch","floor":3,"gold_loss":0,"cards_obtained":["betterMatch:ColorlessUncommonCard","betterMatch:UncommonCard"]},{"damage_healed":0,"gold_gain":75,"player_choice":"Gold","damage_taken":11,"max_hp_gain":0,"max_hp_loss":0,"event_name":"betterThird:BetterGoop","floor":4,"gold_loss":0},{"damage_healed":0,"gold_gain":0,"player_choice":"Donut","damage_taken":0,"max_hp_gain":5,"max_hp_loss":0,"event_name":"Big Fish","floor":5,"gold_loss":0},{"damage_healed":0,"gold_gain":0,"cards_transformed":["Shade:WallOfFlesh"],"player_choice":"Transformed","damage_taken":0,"max_hp_gain":0,"max_hp_loss":0,"event_name":"Transmorgrifier","floor":11,"gold_loss":0,"cards_obtained":["Shade:Haruspicy"]},{"damage_healed":0,"gold_gain":0,"player_choice":"Copied","damage_taken":0,"max_hp_gain":0,"max_hp_loss":0,"event_name":"Duplicator","floor":27,"gold_loss":0,"cards_obtained":["StuffTheSpire:CopiaOfFamine"]},{"damage_healed":0,"gold_gain":0,"player_choice":"Leave","damage_taken":0,"max_hp_gain":0,"max_hp_loss":0,"event_name":"conspire:Investor","floor":38,"gold_loss":0}],"is_beta":false,"boss_relics":[{"not_picked":["hubris:RunicObelisk","halation:PinkAlligatorPlush"],"picked":"aspiration:PoetsPen_weak"},{"not_picked":["Busted Crown","halation:ForbiddenBikini"],"picked":"halation:HeavySnake"}],"items_purged_floors":[],"is_endless":false,"potions_floor_spawned":[1,7,12,13,14,16,18,21,31,33,35,36,37,39],"killed_by":"Reptomancer","ascension_level":1}}