{"host":"nzm1i0l8mrsm8hd2","time":1609154995,"event":{"mods":["Act Like it!","BaseMod","Better Third Choice","Conspire","Gensokyo","Minty Spire (QoL Compilation)","Pale of the Ancients","Quick Restart","RumiaBox-露米娅的神秘盒子","Spicy Shops","StSLib","The Dragon Tamer","Wandering Minibosses"],"gold_per_floor":[115,129,129,141,152,152,152],"floor_reached":6,"playtime":287,"items_purged":[],"score":76,"play_id":"01634fc5-6ba4-46f7-834d-50f83418b365","local_time":"20201228192955","is_ascension_mode":true,"campfire_choices":[],"circlet_count":0,"master_deck":["AscendersBane","Strike_G","Strike_G","Strike_G","Strike_G","Strike_G","Defend_G","Defend_G","Defend_G","Defend_G","Defend_G","Survivor","Neutralize","Heel Hook","Reflex","Venomology"],"relics":["Philosopher\u0027s Stone","Baka","Thread and Needle"],"acts_visited":["Exordium"],"potions_floor_usage":[5,5,6,6],"damage_taken":[{"damage":4,"enemies":"Gensokyo:2_Kodama","floor":1,"turns":4},{"damage":0,"enemies":"Gensokyo:3_Fairies","floor":2,"turns":3},{"damage":0,"enemies":"Gensokyo:Python","floor":4,"turns":3},{"damage":9,"enemies":"Gensokyo:2_Rabbits","floor":5,"turns":4},{"damage":18,"enemies":"Gensokyo:Cirno","floor":6,"turns":6}],"seed_played":"-5926298220920072079","potions_obtained":[{"floor":2,"key":"Explosive Potion"},{"floor":4,"key":"LiquidBronze"}],"is_trial":false,"path_per_floor":["M","M","?","M","M","E"],"character_chosen":"THE_SILENT","items_purchased":[],"campfire_rested":0,"item_purchase_floors":[],"current_hp_per_floor":[55,55,51,51,42,24,24],"gold":152,"neow_bonus":"BOSS_RELIC","is_daily":false,"chose_seed":false,"campfire_upgraded":0,"win_rate":0.0,"timestamp":1609154995,"path_taken":["M","?","?","M","M","E"],"items_purchased_type":[],"build_version":"2020-12-22","purchased_purges":0,"victory":false,"max_hp_per_floor":[66,66,66,66,66,66,66],"card_choices":[{"not_picked":["Dodge and Roll","Cloak And Dagger"],"picked":"Heel Hook","floor":1},{"not_picked":["Acrobatics","Cloak And Dagger"],"picked":"Reflex","floor":2},{"not_picked":["Cloak And Dagger","Backflip"],"picked":"Venomology","floor":4},{"not_picked":["Deflect","Sucker Punch","Prepared"],"picked":"SKIP","floor":5}],"player_experience":560681,"relics_obtained":[{"floor":1,"key":"Baka"},{"floor":2,"key":"Thread and Needle"}],"event_choices":[{"damage_healed":0,"gold_gain":0,"player_choice":"Leave","damage_taken":0,"max_hp_gain":0,"max_hp_loss":0,"event_name":"conspire:Investor","floor":3,"gold_loss":0}],"is_beta":false,"boss_relics":[],"items_purged_floors":[],"is_endless":false,"potions_floor_spawned":[2,4],"killed_by":"Gensokyo:Cirno","ascension_level":20}}