{"host":"nnqdcpockwq7zc6f","time":1609130241,"event":{"mods":["BaseMod","Better Note","Downfall","Hubris","Minty Spire (QoL Compilation)","Replay The Spire","StSLib"],"gold_per_floor":[111,126,126,76,76,76,108,108,133,13,25,45,45,61,61,159,159,178,197,197,212,212,212],"floor_reached":22,"playtime":1103,"items_purged":["Strike_G"],"score":186,"play_id":"7c0656b7-403e-44ec-82e2-dd1b64573494","local_time":"20201227213721","is_ascension_mode":false,"campfire_choices":[{"data":"Survivor","floor":6.0,"key":"SMITH"},{"data":"Underhanded Strike","floor":8.0,"key":"SMITH"},{"data":"Blade Dance","floor":15.0,"key":"SMITH"}],"circlet_count":0,"master_deck":["Strike_G","Strike_G","Defend_G","Defend_G","Defend_G","Survivor+1","Neutralize+1","Endless Agony","Cloak And Dagger+1","Pot Of Greed","Pot Of Greed","Underhanded Strike+1","Blade Dance","Blade Dance+1","Cloak And Dagger","Choke","Quick Slash+1","Tactician+1","hubris:Sloth","Quick Slash","Finisher","Madness+1","Pot Of Greed","Footwork+1"],"relics":["Ring of the Snake","Grinning Jar","ReplayTheSpireMod:Lightbulb","Astrolabe"],"acts_visited":["Exordium","TheCity"],"potions_floor_usage":[16,22,22],"damage_taken":[{"damage":0.0,"enemies":"Small Slimes","floor":1.0,"turns":3.0},{"damage":0.0,"enemies":"Jaw Worm","floor":2.0,"turns":3.0},{"damage":21.0,"enemies":"Lagavulin","floor":7.0,"turns":8.0},{"damage":0.0,"enemies":"Cultist","floor":11.0,"turns":2.0},{"damage":0.0,"enemies":"Gremlin Gang","floor":12.0,"turns":3.0},{"damage":0.0,"enemies":"Blue Slaver","floor":14.0,"turns":2.0},{"damage":26,"enemies":"Hexaghost","floor":16,"turns":11},{"damage":0,"enemies":"3 Byrds","floor":18,"turns":6},{"damage":24,"enemies":"Spheric Guardian","floor":19,"turns":4},{"damage":35,"enemies":"Snecko","floor":21,"turns":5},{"damage":8,"enemies":"Masked Bandits","floor":22,"turns":4}],"seed_played":"7367407438405029048","potions_obtained":[{"floor":1.0,"key":"CunningPotion"},{"floor":11.0,"key":"BlessingOfTheForge"},{"floor":14.0,"key":"Elixir"},{"floor":16,"key":"Weak Potion"},{"floor":18,"key":"Swift Potion"},{"floor":19,"key":"AttackPotion"}],"is_trial":false,"path_per_floor":["M","M","?","?","?","R","E","R","T","$","M","M","?","M","R","B",null,"M","M","?","M","?"],"character_chosen":"THE_SILENT","items_purchased":["Blade Dance"],"campfire_rested":0,"item_purchase_floors":[10],"current_hp_per_floor":[70,70,70,70,70,70,49,49,49,49,49,49,66,66,66,40,67,67,43,43,8,0,0],"gold":212,"neow_bonus":"REMOVE_CARD","is_daily":false,"chose_seed":false,"campfire_upgraded":3,"win_rate":0.0,"timestamp":1609130241,"path_taken":["M","M","?","?","?","R","E","R","T","$","?","?","?","M","R","BOSS","M","M","?","M","?"],"items_purchased_type":["Card"],"build_version":"2020-12-22","purchased_purges":1,"victory":false,"max_hp_per_floor":[70,70,70,70,70,70,70,70,70,70,70,70,70,70,70,70,67,67,67,67,67,67,67],"card_choices":[{"not_picked":["Slice","hubris:Counter"],"picked":"Endless Agony","floor":1.0},{"not_picked":["Hidden Blade","hubris:TrickCloak"],"picked":"Cloak And Dagger","floor":2.0},{"not_picked":["hubris:SlightOfHand","Noxious Fumes"],"picked":"Underhanded Strike","floor":7.0},{"not_picked":["Flying Knee","Concentrate"],"picked":"Blade Dance","floor":11.0},{"not_picked":["Outmaneuver","Sneak Up"],"picked":"Cloak And Dagger","floor":12.0},{"not_picked":["Calculated Gamble","PiercingWail"],"picked":"Choke","floor":14.0},{"not_picked":["Bane","Poisoned Stab+1"],"picked":"Quick Slash","floor":18},{"not_picked":["Bane","ReplayTheSpireMod:The Works"],"picked":"Finisher","floor":19},{"not_picked":["Dodge and Roll","ReplayTheSpireMod:Speed Training"],"picked":"Footwork+1","floor":21}],"player_experience":340242,"relics_obtained":[{"floor":7.0,"key":"Grinning Jar"},{"floor":9.0,"key":"ReplayTheSpireMod:Lightbulb"}],"event_choices":[{"damage_healed":0.0,"max_hp_gain":0.0,"max_hp_loss":0.0,"gold_gain":0.0,"event_name":"Living Wall","player_choice":"Grow","floor":3.0,"gold_loss":0.0,"damage_taken":0.0,"cards_upgraded":["Neutralize"]},{"cards_removed":["Strike_G"],"damage_healed":0.0,"max_hp_gain":0.0,"max_hp_loss":0.0,"gold_gain":0.0,"event_name":"The Cleric","player_choice":"Card Removal","floor":4.0,"gold_loss":50.0,"damage_taken":0.0},{"damage_healed":0.0,"max_hp_gain":0.0,"max_hp_loss":0.0,"gold_gain":0.0,"event_name":"Upgrade Shrine","player_choice":"Upgraded","floor":5.0,"gold_loss":0.0,"damage_taken":0.0,"cards_upgraded":["Cloak And Dagger"]},{"damage_healed":17.0,"max_hp_gain":0.0,"max_hp_loss":0.0,"gold_gain":0.0,"event_name":"Mushrooms","player_choice":"Healed and dodged fight","floor":13.0,"gold_loss":0.0,"damage_taken":0.0,"cards_obtained":["Parasite"]},{"cards_removed":["Pot Of Greed"],"damage_healed":0,"gold_gain":0,"player_choice":"Take \u0026 Give","damage_taken":0,"max_hp_gain":0,"max_hp_loss":0,"event_name":"betterNote:BetterNote","floor":20,"gold_loss":0,"cards_obtained":["Madness"]},{"damage_healed":0,"gold_gain":0,"player_choice":"Fought Bandits","damage_taken":0,"max_hp_gain":0,"max_hp_loss":0,"event_name":"Masked Bandits","floor":22,"gold_loss":0}],"is_beta":false,"boss_relics":[{"not_picked":["Snecko Scales","hubris:RunicObelisk"],"picked":"Astrolabe"}],"items_purged_floors":[10],"is_endless":false,"potions_floor_spawned":[1,11,14,16,18,19],"killed_by":"Masked Bandits","ascension_level":0}}