{"host":"l60rmjjsfi0fipmi","time":1609198653,"event":{"mods":["BaseMod","Colored Map","DeckTracker","Minty Spire (QoL Compilation)"],"gold_per_floor":[110,126,15,35,35,35,49,69,96,122,134,176,12,28,28,28,28],"floor_reached":16,"playtime":1798,"items_purged":["Strike_R","Strike_R"],"score":94,"play_id":"717b4dd8-ffb9-4d8b-9480-fc2e1b65f220","local_time":"20201228183733","is_ascension_mode":false,"campfire_choices":[{"data":"Searing Blow","floor":6,"key":"SMITH"},{"data":"Rage","floor":11,"key":"SMITH"},{"floor":15,"key":"REST"}],"circlet_count":0,"master_deck":["Strike_R","Strike_R","Defend_R","Defend_R","Defend_R","Defend_R","Bash","Clothesline","Rampage","Entrench","Searing Blow+1","Flame Barrier","Rage+1","Feed","Rampage","Armaments"],"relics":["Burning Blood","Regal Pillow","MawBank","Odd Mushroom"],"acts_visited":["Exordium"],"potions_floor_usage":[16,16],"damage_taken":[{"damage":4,"enemies":"Small Slimes","floor":1,"turns":4},{"damage":2,"enemies":"2 Louse","floor":2,"turns":3},{"damage":1,"enemies":"Jaw Worm","floor":4,"turns":4},{"damage":6,"enemies":"2 Fungi Beasts","floor":7,"turns":3},{"damage":15,"enemies":"Exordium Thugs","floor":8,"turns":6},{"damage":9,"enemies":"Blue Slaver","floor":10,"turns":4},{"damage":34,"enemies":"The Mushroom Lair","floor":12,"turns":6},{"damage":1,"enemies":"Large Slime","floor":14,"turns":8},{"damage":85,"enemies":"Slime Boss","floor":16,"turns":18}],"seed_played":"8414486574643271916","potions_obtained":[{"floor":1,"key":"Weak Potion"},{"floor":2,"key":"BlessingOfTheForge"},{"floor":7,"key":"FearPotion"},{"floor":8,"key":"BloodPotion"}],"is_trial":false,"path_per_floor":["M","M","$","M","?","R","M","M","T","M","R","?","$","M","R","B"],"character_chosen":"IRONCLAD","items_purchased":["Entrench","Rampage"],"campfire_rested":1,"item_purchase_floors":[3,13],"current_hp_per_floor":[80,80,80,80,62,62,62,53,53,50,50,22,22,27,66,0,0],"gold":28,"neow_bonus":"REMOVE_CARD","is_daily":false,"chose_seed":false,"campfire_upgraded":2,"win_rate":0.0,"timestamp":1609198653,"path_taken":["M","M","$","M","?","R","M","M","T","M","R","?","?","M","R","BOSS"],"items_purchased_type":["Card","Card"],"build_version":"2020-12-22","purchased_purges":2,"victory":false,"max_hp_per_floor":[80,80,80,80,80,80,80,80,80,80,80,80,80,80,80,80,80],"card_choices":[{"not_picked":["Warcry","Bloodletting"],"picked":"Clothesline","floor":1},{"not_picked":["Clothesline","Pommel Strike"],"picked":"Rampage","floor":2},{"not_picked":["Clash","Spot Weakness"],"picked":"Searing Blow","floor":4},{"not_picked":["Body Slam","Sword Boomerang","Perfected Strike"],"picked":"SKIP","floor":7},{"not_picked":["Sword Boomerang","Shockwave"],"picked":"Flame Barrier","floor":8},{"not_picked":["Warcry","Rupture"],"picked":"Rage","floor":10},{"not_picked":["Heavy Blade","Flame Barrier"],"picked":"Feed","floor":12},{"not_picked":["True Grit","Anger"],"picked":"Armaments","floor":14}],"player_experience":67235,"relics_obtained":[{"floor":9,"key":"MawBank"},{"floor":12,"key":"Odd Mushroom"}],"event_choices":[{"damage_healed":0,"gold_gain":0,"player_choice":"Success","damage_taken":18,"relics_obtained":["Regal Pillow"],"max_hp_gain":0,"max_hp_loss":0,"event_name":"Scrap Ooze","floor":5,"gold_loss":0},{"damage_healed":0,"gold_gain":0,"player_choice":"Fought Mushrooms","damage_taken":0,"max_hp_gain":0,"max_hp_loss":0,"event_name":"Mushrooms","floor":12,"gold_loss":0}],"is_beta":false,"boss_relics":[],"items_purged_floors":[3,13],"is_endless":false,"potions_floor_spawned":[1,2,7,8,12],"killed_by":"Slime Boss","ascension_level":0}}