{"host":"5bdt6s51dmpd4l3v","time":1609119991,"event":{"mods":["AchievementEnabler","BaseMod","Colored Map","Colored Powertips","Highlight Path","Minty Spire (QoL Compilation)","Quick Restart","Rare Cards Sparkle","StSLib"],"gold_per_floor":[114,128,128,36,49,49,77,77,103,114,134,134,92,106,106,106,106],"floor_reached":16,"playtime":302,"items_purged":[],"score":194,"play_id":"40d0915b-8bec-4860-827e-9f8d33923e42","local_time":"20201228094631","is_ascension_mode":true,"campfire_choices":[{"data":"Armaments","floor":6.0,"key":"SMITH"},{"data":"Flex","floor":8.0,"key":"SMITH"},{"data":"Inflame","floor":15.0,"key":"SMITH"}],"circlet_count":0,"master_deck":["AscendersBane","Strike_R","Strike_R","Strike_R","Strike_R","Strike_R","Defend_R","Defend_R","Defend_R","Defend_R","Bash","Bloodletting","Armaments+1","Inflame+1","Pommel Strike","Flex+1","Burning Pact","Whirlwind"],"relics":["Burning Blood","NeowsBlessing","Regal Pillow","Nunchaku","Tiny Chest"],"acts_visited":["Exordium"],"potions_floor_usage":[],"damage_taken":[{"damage":0.0,"enemies":"2 Louse","floor":1.0,"turns":1.0},{"damage":0.0,"enemies":"Cultist","floor":2.0,"turns":1.0},{"damage":0.0,"enemies":"Jaw Worm","floor":5.0,"turns":1.0},{"damage":31.0,"enemies":"Lagavulin","floor":7.0,"turns":4.0},{"damage":14.0,"enemies":"3 Louse","floor":10.0,"turns":3.0},{"damage":20.0,"enemies":"Large Slime","floor":11.0,"turns":6.0},{"damage":3.0,"enemies":"2 Fungi Beasts","floor":14.0,"turns":2.0},{"damage":41,"enemies":"Hexaghost","floor":16,"turns":7}],"seed_played":"837693158376113218","potions_obtained":[{"floor":1.0,"key":"PowerPotion"},{"floor":2.0,"key":"AttackPotion"},{"floor":7.0,"key":"EntropicBrew"},{"floor":12.0,"key":"AttackPotion"},{"floor":12.0,"key":"Fruit Juice"}],"is_trial":false,"path_per_floor":["M","M","?","$","M","R","E","R","T","M","M","?","$","M","R","B"],"character_chosen":"IRONCLAD","items_purchased":["Inflame","Pommel Strike","Whirlwind"],"campfire_rested":0,"item_purchase_floors":[4,4,13],"current_hp_per_floor":[74,75,75,75,75,75,50,50,50,42,28,28,28,36,36,0,0],"gold":106,"neow_bonus":"THREE_ENEMY_KILL","is_daily":false,"chose_seed":false,"campfire_upgraded":3,"win_rate":0.0,"timestamp":1609119991,"path_taken":["M","M","?","$","?","R","E","R","T","M","M","?","$","M","R","BOSS"],"items_purchased_type":["Card","Card","Card"],"build_version":"2020-12-22","purchased_purges":0,"victory":false,"max_hp_per_floor":[75,75,75,75,75,75,75,75,75,75,75,75,75,80,80,80,80],"card_choices":[{"not_picked":["Fire Breathing","Metallicize"],"picked":"Bloodletting","floor":1.0},{"not_picked":["Thunderclap","Sever Soul"],"picked":"Armaments","floor":2.0},{"not_picked":["Clothesline","Combust","Wild Strike"],"picked":"SKIP","floor":5.0},{"not_picked":["Wild Strike","Sentinel"],"picked":"Flex","floor":7.0},{"not_picked":["Shrug It Off","Carnage"],"picked":"Burning Pact","floor":10.0},{"not_picked":["Dual Wield","Clash","Immolate"],"picked":"SKIP","floor":11.0},{"not_picked":["Cleave","Power Through","Reckless Charge"],"picked":"SKIP","floor":14.0}],"player_experience":265540,"relics_obtained":[{"floor":7.0,"key":"Nunchaku"},{"floor":9.0,"key":"Tiny Chest"}],"event_choices":[{"damage_healed":0.0,"max_hp_gain":0.0,"max_hp_loss":0.0,"gold_gain":0.0,"event_name":"WeMeetAgain","player_choice":"Gave Potion","floor":3.0,"gold_loss":0.0,"damage_taken":0.0,"relics_obtained":["Regal Pillow"]},{"damage_healed":0.0,"max_hp_gain":0.0,"max_hp_loss":0.0,"gold_gain":0.0,"event_name":"Lab","player_choice":"Got Potions","floor":12.0,"gold_loss":0.0,"damage_taken":0.0}],"is_beta":false,"boss_relics":[],"items_purged_floors":[],"is_endless":false,"potions_floor_spawned":[1,2,7],"killed_by":"Hexaghost","ascension_level":18}}