{"host":"grli52lbdph2722t","time":1609172536,"event":{"mods":["AchievementEnabler","BaseMod","Downfall","Minty Spire (QoL Compilation)","Quick Restart","StSLib"],"gold_per_floor":[99,99,99,274,274,274,274,305,305,316,334,353,384,396,412,412,412,412],"floor_reached":16,"playtime":479,"items_purged":[],"score":203,"play_id":"64ac4fef-1ba4-4971-8f04-7b05672a6ccc","local_time":"20201228172216","is_ascension_mode":true,"campfire_choices":[{"data":"champ:Taunt","floor":1,"key":"SMITH"},{"data":"champ:GutPunch","floor":6,"key":"SMITH"},{"data":"champ:FocusedBerserking","floor":9,"key":"SMITH"}],"circlet_count":0,"master_deck":["AscendersBane","champ:Strike","champ:Strike","champ:Strike","champ:Strike+1","champ:Defend","champ:Defend","champ:Defend","champ:Defend","champ:Execute","champ:Taunt+1","champ:AdrenalArmor","champ:GutPunch+1","champ:FocusedBerserking+1","champ:EnchantSword","champ:HeartStrike+1","champ:EnragedBash","champ:DeathBlow","champ:AdrenalArmor","champ:FocusedDefense"],"relics":["champ:ChampionCrown","downfall:HeartsMalice","Matryoshka","PreservedInsect","Whetstone"],"acts_visited":["Exordium"],"potions_floor_usage":[16,16],"damage_taken":[{"damage":0,"enemies":"Jaw Worm","floor":2,"turns":1},{"damage":0,"enemies":"2 Louse","floor":3,"turns":1},{"damage":0,"enemies":"Lagavulin","floor":8,"turns":1},{"damage":21,"enemies":"Small Slimes","floor":10,"turns":4},{"damage":24,"enemies":"3 Louse","floor":11,"turns":4},{"damage":16,"enemies":"Exordium Thugs","floor":12,"turns":5},{"damage":35,"enemies":"3 Sentries","floor":13,"turns":6},{"damage":25,"enemies":"Red Slaver","floor":14,"turns":5},{"damage":25,"enemies":"3 Louse","floor":15,"turns":3},{"damage":46,"enemies":"downfall:Ironclad","floor":16,"turns":3}],"seed_played":"602890608782765645","potions_obtained":[{"floor":12,"key":"FearPotion"},{"floor":13,"key":"champ:TechniquePotion"},{"floor":15,"key":"FearPotion"}],"is_trial":false,"path_per_floor":["R","M","M","?","?","R","T","E","R","M","M","M","E","M","M","B"],"character_chosen":"THE_CHAMP","items_purchased":[],"campfire_rested":0,"item_purchase_floors":[],"current_hp_per_floor":[81,81,81,81,81,81,81,81,81,74,64,57,42,30,19,0,0,0],"gold":412,"neow_bonus":"THREE_ENEMY_KILL","is_daily":false,"chose_seed":false,"campfire_upgraded":3,"win_rate":0.0,"timestamp":1609172536,"path_taken":["R","M","M","?","?","R","T","E","R","M","M","M","E","M","M","BOSS"],"items_purchased_type":[],"build_version":"2020-12-22","purchased_purges":0,"victory":false,"max_hp_per_floor":[90,90,90,90,90,90,90,90,90,90,90,90,90,90,90,90,90,90],"card_choices":[{"not_picked":["champ:FanOfKnives","champ:DefensiveShout"],"picked":"champ:AdrenalArmor","floor":2},{"not_picked":["champ:Shatter","champ:StanceDance"],"picked":"champ:GutPunch","floor":3},{"not_picked":["champ:RapidStrikes","champ:BladeFlurry"],"picked":"champ:FocusedBerserking","floor":8},{"not_picked":["champ:Riposte","champ:FalseCounter"],"picked":"champ:EnchantSword","floor":10},{"not_picked":["champ:Haymaker","champ:CrookedStrike"],"picked":"champ:HeartStrike","floor":11},{"not_picked":["champ:FlashCut","champ:FocusedGladiator"],"picked":"champ:EnragedBash","floor":12},{"not_picked":["champ:FanOfKnives","champ:FocusedDefense"],"picked":"champ:DeathBlow","floor":13},{"not_picked":["champ:CrookedStrike","champ:Haymaker"],"picked":"champ:AdrenalArmor","floor":14},{"not_picked":["champ:SkillfulDodge","champ:StanceDance"],"picked":"champ:FocusedDefense","floor":15}],"player_experience":4889311,"relics_obtained":[{"floor":7,"key":"Matryoshka"},{"floor":8,"key":"PreservedInsect"},{"floor":13,"key":"Whetstone"}],"event_choices":[{"cards_removed":["Doubt"],"damage_healed":0,"gold_gain":0,"player_choice":"Card Removal","damage_taken":0,"max_hp_gain":0,"max_hp_loss":0,"event_name":"The Cleric","floor":5,"gold_loss":0}],"is_beta":false,"boss_relics":[],"items_purged_floors":[],"is_endless":false,"potions_floor_spawned":[12,13,15],"killed_by":"downfall:Ironclad","ascension_level":10}}