{"host":"qm4rv4rkpk76sbxu","time":1609185070,"event":{"mods":["BaseMod","Bestiary","Block Reminder","DeckTracker","Filter the Spire","Keyboard Shortcuts","Minty Spire (QoL Compilation)","MonsterHotkey","Potion Indicator Mod","Quick Restart","Random Character Button","Relic Stats","Slay-I","StSLib","ojb\u0027s Better Paths Mod"],"gold_per_floor":[109,109,184,22,41,76,76,106,131,91,107,139,139,173,173,248,248,262,262,274,286,308,351,363,363],"floor_reached":24,"playtime":2713,"items_purged":["Regret"],"score":630,"play_id":"604cf603-bb9a-4115-b718-0d6ad1d50fc4","local_time":"20201228205110","is_ascension_mode":true,"campfire_choices":[{"data":"Defragment","floor":7.0,"key":"SMITH"},{"floor":13.0,"key":"REST"},{"data":"Echo Form","floor":15.0,"key":"SMITH"}],"circlet_count":0,"master_deck":["AscendersBane","Strike_B","Strike_B","Strike_B","Strike_B","Defend_B","Defend_B","Defend_B","Defend_B","Zap","Dualcast","Ball Lightning","Defragment+1","Conserve Battery","Glacier","Ball Lightning","Compile Driver","Echo Form+1","Echo Form","Fusion","Writhe","Ghostly","Ghostly","Ghostly","Cold Snap"],"relics":["Cracked Core","NeowsBlessing","Strawberry","Cables","Bronze Scales","PreservedInsect","Turnip","Ancient Tea Set","Inserter","MawBank","Ornamental Fan","Nunchaku"],"acts_visited":["Exordium","TheCity"],"potions_floor_usage":[],"damage_taken":[{"damage":0.0,"enemies":"Small Slimes","floor":1.0,"turns":1.0},{"damage":0.0,"enemies":"Jaw Worm","floor":5.0,"turns":1.0},{"damage":0.0,"enemies":"Lagavulin","floor":6.0,"turns":1.0},{"damage":27.0,"enemies":"3 Sentries","floor":8.0,"turns":8.0},{"damage":7.0,"enemies":"2 Louse","floor":11.0,"turns":2.0},{"damage":2.0,"enemies":"Gremlin Nob","floor":12.0,"turns":3.0},{"damage":20.0,"enemies":"3 Sentries","floor":14.0,"turns":4.0},{"damage":0.0,"enemies":"The Guardian","floor":16.0,"turns":8.0},{"damage":6.0,"enemies":"3 Byrds","floor":18.0,"turns":4.0},{"damage":1.0,"enemies":"Chosen","floor":22.0,"turns":4.0},{"damage":32,"enemies":"Slavers","floor":23,"turns":5},{"damage":33,"enemies":"Masked Bandits","floor":24,"turns":3}],"seed_played":"-4953116880049063733","potions_obtained":[{"floor":10.0,"key":"DuplicationPotion"},{"floor":10.0,"key":"FocusPotion"},{"floor":14.0,"key":"FairyPotion"},{"floor":16.0,"key":"LiquidBronze"}],"is_trial":false,"path_per_floor":["M","?","?","$","M","E","R","E","T","?","M","E","R","E","R","B",null,"M","?","?","T","M","E","?"],"character_chosen":"DEFECT","items_purchased":["Defragment"],"campfire_rested":1,"item_purchase_floors":[4],"current_hp_per_floor":[64,71,60,60,60,60,60,33,33,33,26,24,47,27,27,27,65,59,59,39,39,38,6,0,0],"gold":363,"neow_bonus":"THREE_ENEMY_KILL","is_daily":false,"chose_seed":false,"campfire_upgraded":2,"win_rate":0.0,"timestamp":1609185070,"path_taken":["M","?","?","$","M","E","R","E","T","?","?","E","R","E","R","BOSS","M","?","?","?","M","E","?"],"items_purchased_type":["Card"],"build_version":"2020-12-22","purchased_purges":1,"victory":false,"max_hp_per_floor":[71,78,78,78,78,78,78,78,78,78,78,78,78,78,78,78,78,78,78,39,39,39,39,39,39],"relic_stats":{"Nunchaku":[0],"Inserter":[8],"counters":[12,44],"Ornamental Fan":[12],"Bronze Scales":[133],"PreservedInsect":93,"Turnip":[0],"MawBank":60,"obtain_stats":[{"Nunchaku":23,"Inserter":17,"NeowsBlessing":0,"Ornamental Fan":21,"Strawberry":2,"Bronze Scales":8,"PreservedInsect":9,"Turnip":12,"Cracked Core":0,"Ancient Tea Set":14,"MawBank":19,"Cables":6},{"Nunchaku":11,"Inserter":8,"NeowsBlessing":0,"Ornamental Fan":9,"Strawberry":1,"Bronze Scales":4,"PreservedInsect":4,"Turnip":6,"Cracked Core":0,"Ancient Tea Set":7,"MawBank":9,"Cables":3},{"Nunchaku":41,"Inserter":28,"NeowsBlessing":0,"Ornamental Fan":32,"Strawberry":1,"Bronze Scales":11,"PreservedInsect":11,"Turnip":16,"Cracked Core":0,"Ancient Tea Set":20,"MawBank":32,"Cables":3}],"Cables":[36,28,8,0,0]},"card_choices":[{"not_picked":["Rebound","Sunder"],"picked":"Ball Lightning","floor":1.0},{"not_picked":["Consume","Tempest"],"picked":"Conserve Battery","floor":5.0},{"not_picked":["Steam Power","Ball Lightning"],"picked":"Glacier","floor":6.0},{"not_picked":["Hello World","Gash"],"picked":"Ball Lightning","floor":8.0},{"not_picked":["Rip and Tear","Cold Snap"],"picked":"Compile Driver","floor":11.0},{"not_picked":["All For One","Redo"],"picked":"Echo Form","floor":12.0},{"not_picked":["Hyperbeam","Static Discharge","Go for the Eyes"],"picked":"SKIP","floor":14.0},{"not_picked":["Multi-Cast","Core Surge"],"picked":"Echo Form","floor":16.0},{"not_picked":["Streamline+1","Gash"],"picked":"Fusion","floor":18.0},{"not_picked":["Barrage","Turbo","Static Discharge"],"picked":"SKIP","floor":22.0},{"not_picked":["Skim","Rip and Tear"],"picked":"Cold Snap","floor":23}],"player_experience":1151275,"relics_obtained":[{"floor":6.0,"key":"Cables"},{"floor":8.0,"key":"Bronze Scales"},{"floor":9.0,"key":"PreservedInsect"},{"floor":12.0,"key":"Turnip"},{"floor":14.0,"key":"Ancient Tea Set"},{"floor":21.0,"key":"Ornamental Fan"},{"floor":23,"key":"Nunchaku"}],"event_choices":[{"damage_healed":0.0,"max_hp_gain":0.0,"max_hp_loss":0.0,"gold_gain":0.0,"event_name":"Big Fish","player_choice":"Box","floor":2.0,"gold_loss":0.0,"damage_taken":0.0,"relics_obtained":["Strawberry"],"cards_obtained":["Regret"]},{"damage_healed":0.0,"max_hp_gain":0.0,"max_hp_loss":0.0,"gold_gain":75.0,"event_name":"World of Goop","player_choice":"Gather Gold","floor":3.0,"gold_loss":0.0,"damage_taken":11.0},{"damage_healed":0.0,"max_hp_gain":0.0,"max_hp_loss":0.0,"gold_gain":0.0,"event_name":"The Woman in Blue","player_choice":"Bought 3 Potions","floor":10.0,"gold_loss":0.0,"damage_taken":0.0},{"damage_healed":0.0,"max_hp_gain":0.0,"max_hp_loss":0.0,"gold_gain":0.0,"event_name":"The Mausoleum","player_choice":"Opened","floor":19.0,"gold_loss":0.0,"damage_taken":0.0,"relics_obtained":["MawBank"],"cards_obtained":["Writhe"]},{"damage_healed":0.0,"max_hp_gain":0.0,"max_hp_loss":39.0,"gold_gain":0.0,"event_name":"Ghosts","player_choice":"Became a Ghost","floor":20.0,"gold_loss":0.0,"damage_taken":0.0,"cards_obtained":["Ghostly","Ghostly","Ghostly"]},{"damage_healed":0,"gold_gain":0,"player_choice":"Fought Bandits","damage_taken":0,"max_hp_gain":0,"max_hp_loss":0,"event_name":"Masked Bandits","floor":24,"gold_loss":0}],"is_beta":false,"boss_relics":[{"not_picked":["Runic Pyramid","Calling Bell"],"picked":"Inserter"}],"items_purged_floors":[4],"is_endless":false,"potions_floor_spawned":[11,12,14,16,23],"killed_by":"Masked Bandits","ascension_level":20}}