{"host":"qwv9nni2x0umspiu","time":1609138169,"event":{"mods":["BaseMod","Downfall","Minty Spire (QoL Compilation)","Replay The Spire","StSLib","The Hierophant","Wandering Minibosses"],"gold_per_floor":[117,117,117,135,7,7,37,37,37,68,68,68,93,113,113,189,189,174,198,198,248,108,159,228,178,178,98,98],"floor_reached":27,"playtime":1184,"items_purged":["hierophant:Strike_Hierophant","hierophant:Defend_Hierophant"],"score":508,"play_id":"f2b01b20-9512-43de-bb3f-f9e8c91497ee","local_time":"20201227224929","is_ascension_mode":true,"campfire_choices":[{"data":"hierophant:Punish","floor":6,"key":"SMITH"},{"data":"hierophant:HammerAndAnvil","floor":8,"key":"SMITH"},{"data":"hierophant:Community","floor":12,"key":"SMITH"},{"data":"hierophant:Strike_Hierophant","floor":15,"key":"SMITH"}],"circlet_count":0,"master_deck":["AscendersBane","hierophant:Strike_Hierophant","hierophant:Strike_Hierophant","hierophant:Strike_Hierophant+1","hierophant:Punish+1","hierophant:Defend_Hierophant","hierophant:ChurchCoffers+1","hierophant:SealAway+1","hierophant:HammerAndAnvil+1","hierophant:Community+1","hierophant:BulkyChest","hierophant:Encroach+1"],"relics":["hierophant:PropheticMaskRelic","NeowsBlessing","Replay:Towering Pillar of Hats","Prayer Wheel","Replay:Grab Bag","Busted Crown","Sozu","SacredBark","Empty Cage","ReplayTheSpireMod:Shallot"],"acts_visited":["Exordium","TheCity"],"potions_floor_usage":[10,13,16,24],"damage_taken":[{"damage":0,"enemies":"Small Slimes","floor":1,"turns":1},{"damage":0,"enemies":"Jaw Worm","floor":4,"turns":1},{"damage":0,"enemies":"Lagavulin","floor":7,"turns":1},{"damage":8,"enemies":"Gremlin Nob","floor":10,"turns":3},{"damage":8,"enemies":"Lagavulin","floor":13,"turns":6},{"damage":2,"enemies":"2 Louse","floor":14,"turns":2},{"damage":15,"enemies":"The Guardian","floor":16,"turns":11},{"damage":29,"enemies":"3 Byrds","floor":18,"turns":6},{"damage":18,"enemies":"2 Thieves","floor":19,"turns":4},{"damage":0,"enemies":"Snake Plant","floor":23,"turns":3},{"damage":3,"enemies":"Snecko","floor":24,"turns":5},{"damage":13,"enemies":"Book of Stabbing","floor":27,"turns":6}],"seed_played":"-4797423734258363750","potions_obtained":[{"floor":4,"key":"Strength Potion"},{"floor":10,"key":"Dexterity Potion"},{"floor":13,"key":"Reflective Coating"},{"floor":16,"key":"Venom Potion"}],"is_trial":false,"path_per_floor":["M","?","?","M","$","R","E","R","T","E","$","R","E","M","R","B",null,"M","M","?","?","$","M","M","?","T","E"],"character_chosen":"HIEROPHANT","items_purchased":["hierophant:HammerAndAnvil","hierophant:Encroach+1"],"campfire_rested":0,"item_purchase_floors":[5,22],"current_hp_per_floor":[68,68,68,68,68,68,68,68,68,60,60,60,52,50,50,35,65,36,18,18,18,18,18,15,15,15,2,2],"gold":98,"neow_bonus":"THREE_ENEMY_KILL","is_daily":false,"chose_seed":false,"campfire_upgraded":4,"win_rate":0.0,"timestamp":1609138169,"path_taken":["M","?","?","M","?","R","E","R","T","E","$","R","E","M","R","BOSS","M","M","?","?","?","?","M","?","T","E"],"items_purchased_type":["Card","Card"],"build_version":"2020-12-22","purchased_purges":2,"victory":false,"max_hp_per_floor":[75,75,75,75,75,75,75,75,75,75,75,75,75,75,75,75,75,75,75,75,75,75,75,75,75,75,75,75],"card_choices":[{"not_picked":["hierophant:MorningPrayer","hierophant:DisplayOfPower"],"picked":"hierophant:SealAway","floor":1},{"not_picked":["hierophant:RepressedViolence","hierophant:Doomsaying","hierophant:DisplayOfPower"],"picked":"SKIP","floor":4},{"not_picked":["hierophant:CoinFling","hierophant:Purify","hierophant:Embezzle"],"picked":"SKIP","floor":7},{"not_picked":["hierophant:HammerAndAnvil","hierophant:FlamingChariot"],"picked":"hierophant:Community","floor":10},{"not_picked":["hierophant:CursedGold","hierophant:Embezzle","hierophant:AuricShield"],"picked":"SKIP","floor":13},{"not_picked":["hierophant:RepressedViolence","hierophant:Shelter","hierophant:Sermon"],"picked":"SKIP","floor":14},{"not_picked":["hierophant:DisplayOfPower","hierophant:FlamingChariot","hierophant:Rebuild"],"picked":"SKIP","floor":14},{"not_picked":["hierophant:AuricForm","hierophant:Cornucopia"],"picked":"hierophant:BulkyChest","floor":16},{"not_picked":["hierophant:SealAway"],"picked":"SKIP","floor":18},{"not_picked":["hierophant:OrnateJavelin"],"picked":"SKIP","floor":18},{"not_picked":["hierophant:Glossolalia"],"picked":"SKIP","floor":19},{"not_picked":["hierophant:ThreeLashes"],"picked":"SKIP","floor":19},{"not_picked":["hierophant:Remorse"],"picked":"SKIP","floor":23},{"not_picked":["hierophant:Doubloon+1"],"picked":"SKIP","floor":23},{"not_picked":["hierophant:RepressedViolence"],"picked":"SKIP","floor":24},{"not_picked":["hierophant:Sermon"],"picked":"SKIP","floor":24}],"player_experience":1320027,"relics_obtained":[{"floor":10,"key":"Replay:Towering Pillar of Hats"},{"floor":13,"key":"Prayer Wheel"},{"floor":26,"key":"ReplayTheSpireMod:Shallot"}],"event_choices":[{"damage_healed":0,"gold_gain":0,"player_choice":"Grow","damage_taken":0,"max_hp_gain":0,"max_hp_loss":0,"event_name":"Living Wall","floor":2,"gold_loss":0,"cards_upgraded":["hierophant:ChurchCoffers"]},{"damage_healed":0,"gold_gain":0,"player_choice":"Ignored","damage_taken":0,"max_hp_gain":0,"max_hp_loss":0,"event_name":"Ghosts","floor":20,"gold_loss":0},{"damage_healed":0,"gold_gain":50,"player_choice":"Stole From Cult","damage_taken":0,"max_hp_gain":0,"max_hp_loss":0,"event_name":"Nest","floor":21,"gold_loss":0},{"damage_healed":0,"gold_gain":0,"player_choice":"Bet on Murderer","damage_taken":0,"max_hp_gain":0,"max_hp_loss":0,"event_name":"The Joust","floor":25,"gold_loss":50}],"is_beta":false,"boss_relics":[{"not_picked":["Tiny House","Pandora\u0027s Box"],"picked":"Replay:Grab Bag"},{"not_picked":["ReplayTheSpireMod:Onyx Gauntlets","Ectoplasm"],"picked":"Busted Crown"},{"not_picked":["ChewingGum","Cursed Key"],"picked":"Sozu"},{"not_picked":["Calling Bell","Snecko Eye"],"picked":"SacredBark"},{"not_picked":["Runic Pyramid","SlaversCollar"],"picked":"Empty Cage"}],"items_purged_floors":[5,22],"is_endless":false,"potions_floor_spawned":[4,10,13,16,18,24],"killed_by":"Book of Stabbing","ascension_level":20}}