{"host":"873t0y8ybyo38pfq","time":1609178597,"event":{"mods":["BaseMod","Bestiary","Colored Map","Colored Powertips","Highlight Path","Minty Spire (QoL Compilation)","Quick Restart","RNG Fix","Rare Cards Sparkle","Relic Stats","StSLib"],"gold_per_floor":[118,129,139,158,5,35,35,51,51,51,71,87,87,137,137,209,209,229,247,260,260,210,210,210],"floor_reached":23,"playtime":1078,"items_purged":["Strike_G"],"score":440,"play_id":"8b1d3c1a-c0e4-4413-bea5-6f9738ab2e74","local_time":"20201228130317","is_ascension_mode":true,"campfire_choices":[{"data":"Noxious Fumes","floor":7,"key":"SMITH"},{"floor":10,"key":"REST"},{"floor":13,"key":"REST"},{"data":"Bane","floor":15,"key":"SMITH"}],"circlet_count":0,"master_deck":["AscendersBane","Strike_G+1","Strike_G+1","Strike_G+1","Strike_G+1","Defend_G+1","Defend_G+1","Defend_G+1","Defend_G+1","Defend_G+1","Survivor","Neutralize","Finisher","Blur","Tools of the Trade","Backstab","Noxious Fumes+1","Dagger Spray","Adrenaline","Leg Sweep","Bane+1","Wraith Form v2","PiercingWail","Blur"],"relics":["Ring of the Snake","NeowsBlessing","StoneCalendar","Smiling Mask","Black Star"],"acts_visited":["Exordium","TheCity"],"potions_floor_usage":[6,6,16,16,20],"damage_taken":[{"damage":0,"enemies":"Jaw Worm","floor":1,"turns":1},{"damage":0,"enemies":"Small Slimes","floor":2,"turns":1},{"damage":0,"enemies":"Cultist","floor":3,"turns":1},{"damage":17,"enemies":"Exordium Thugs","floor":4,"turns":6},{"damage":0,"enemies":"Gremlin Nob","floor":6,"turns":1},{"damage":31,"enemies":"Large Slime","floor":8,"turns":7},{"damage":1,"enemies":"2 Fungi Beasts","floor":11,"turns":4},{"damage":7,"enemies":"Red Slaver","floor":12,"turns":4},{"damage":28,"enemies":"Slime Boss","floor":16,"turns":7},{"damage":2,"enemies":"3 Byrds","floor":18,"turns":5},{"damage":22,"enemies":"Shell Parasite","floor":19,"turns":7},{"damage":0,"enemies":"Sentry and Sphere","floor":20,"turns":5},{"damage":34,"enemies":"Book of Stabbing","floor":23,"turns":4}],"seed_played":"5131912020685222276","potions_obtained":[{"floor":1,"key":"FearPotion"},{"floor":2,"key":"LiquidMemories"},{"floor":8,"key":"Strength Potion"},{"floor":12,"key":"Regen Potion"},{"floor":19,"key":"DuplicationPotion"}],"is_trial":false,"path_per_floor":["M","M","M","M","$","E","R","M","T","R","M","M","R","?","R","B",null,"M","M","M","?","?","E"],"character_chosen":"THE_SILENT","items_purchased":["Noxious Fumes"],"campfire_rested":2,"item_purchase_floors":[5],"current_hp_per_floor":[59,59,59,42,42,42,42,11,11,30,29,22,41,41,41,28,57,55,33,33,33,33,0,0],"gold":210,"neow_bonus":"THREE_ENEMY_KILL","is_daily":false,"chose_seed":false,"campfire_upgraded":2,"win_rate":0.0,"timestamp":1609178597,"path_taken":["M","M","M","M","$","E","R","?","T","R","M","M","R","?","R","BOSS","M","M","M","?","?","E"],"items_purchased_type":["Card"],"build_version":"2020-12-22","purchased_purges":1,"victory":false,"max_hp_per_floor":[66,66,66,66,66,66,66,66,66,66,66,66,66,66,66,66,66,66,66,66,66,66,66,66],"relic_stats":{"counters":[13,53],"StoneCalendar":[53],"Black Star":0,"Smiling Mask":0,"obtain_stats":[{"NeowsBlessing":0,"StoneCalendar":6,"Black Star":17,"Smiling Mask":9,"Ring of the Snake":0},{"NeowsBlessing":0,"StoneCalendar":5,"Black Star":9,"Smiling Mask":6,"Ring of the Snake":0},{"NeowsBlessing":0,"StoneCalendar":10,"Black Star":32,"Smiling Mask":17,"Ring of the Snake":0}],"Ring of the Snake":[26]},"card_choices":[{"not_picked":["Dodge and Roll","PiercingWail"],"picked":"Finisher","floor":1},{"not_picked":["Acrobatics","Bane"],"picked":"Blur","floor":2},{"not_picked":["Deflect","Underhanded Strike"],"picked":"Tools of the Trade","floor":3},{"not_picked":["Acrobatics","Calculated Gamble"],"picked":"Backstab","floor":4},{"not_picked":["Dagger Throw","Deflect"],"picked":"Dagger Spray","floor":6},{"not_picked":["Sucker Punch","Poisoned Stab"],"picked":"Adrenaline","floor":8},{"not_picked":["Quick Slash","Infinite Blades"],"picked":"Leg Sweep","floor":11},{"not_picked":["Deadly Poison","Backflip"],"picked":"Bane","floor":12},{"not_picked":["Tools of the Trade","A Thousand Cuts"],"picked":"Wraith Form v2","floor":16},{"not_picked":["Distraction","Slice","Quick Slash"],"picked":"SKIP","floor":18},{"not_picked":["Escape Plan","Flying Knee"],"picked":"PiercingWail","floor":19},{"not_picked":["Noxious Fumes","Bouncing Flask"],"picked":"Blur","floor":20}],"player_experience":1380572,"relics_obtained":[{"floor":6,"key":"StoneCalendar"},{"floor":9,"key":"Smiling Mask"}],"event_choices":[{"damage_healed":0,"gold_gain":50,"player_choice":"Pray","damage_taken":0,"max_hp_gain":0,"max_hp_loss":0,"event_name":"Golden Shrine","floor":14,"gold_loss":0},{"damage_healed":0,"gold_gain":0,"player_choice":"Simplicity","damage_taken":0,"max_hp_gain":0,"max_hp_loss":0,"event_name":"Back to Basics","floor":21,"gold_loss":0,"cards_upgraded":["Strike_G","Strike_G","Strike_G","Strike_G","Defend_G","Defend_G","Defend_G","Defend_G","Defend_G"]},{"damage_healed":0,"gold_gain":0,"player_choice":"Bet on Murderer","damage_taken":0,"max_hp_gain":0,"max_hp_loss":0,"event_name":"The Joust","floor":22,"gold_loss":50}],"is_beta":false,"boss_relics":[{"not_picked":["Velvet Choker","SlaversCollar"],"picked":"Black Star"}],"items_purged_floors":[5],"is_endless":false,"potions_floor_spawned":[1,2,8,12,19],"killed_by":"Book of Stabbing","ascension_level":20}}