{"host":"q98mp5s7e93e1jw5","time":1609128680,"event":{"mods":["Arknights The Spire","BaseMod","Koishi","Minty Spire (QoL Compilation)","StSLib","The Cursed","??????REMEMod"],"gold_per_floor":[115,115,115,131,131,162,162,162,162,162,337,352,352,352,352,352,352],"floor_reached":16,"playtime":532,"items_purged":[],"score":121,"play_id":"59a82906-25c8-434c-849f-201e45e40da1","local_time":"20201227201120","is_ascension_mode":false,"campfire_choices":[{"data":"REME_BodyOfCthun","floor":7,"key":"SMITH"},{"data":"ats:Apocalypse","floor":10,"key":"SMITH"},{"data":"ats:Healing Strengthening","floor":13,"key":"SMITH"},{"data":"ats:Strike G","floor":15,"key":"SMITH"}],"circlet_count":0,"master_deck":["ats:Strike C","ats:Strike G+1","ats:Strike V","ats:Armor Crushing Shot","ats:Defend","ats:Defend","ats:Defend","ats:Defend","ats:Emotion Absorption","REME_BodyOfCthun+1","ats:Apocalypse+1","ats:Guardian Obelisk","ats:Curse Doll","ats:Healing Strengthening","Parasite","Doubt","ats:Healing Strengthening+1"],"relics":["ats:Sanity","REME_ComplimentaryCards","NeowsBlessing","ats:Originium","REME_HandOfSuture","InkBottle"],"acts_visited":["Exordium"],"potions_floor_usage":[],"damage_taken":[{"damage":0,"enemies":"Jaw Worm","floor":1,"turns":1},{"damage":0,"enemies":"Small Slimes","floor":4,"turns":1},{"damage":0,"enemies":"Gremlin Nob","floor":6,"turns":1},{"damage":7,"enemies":"2 Louse","floor":12,"turns":7},{"damage":95,"enemies":"Hexaghost","floor":16,"turns":12}],"seed_played":"3938338391907265850","potions_obtained":[{"floor":1,"key":"Swift Potion"},{"floor":4,"key":"LiquidBronze"},{"floor":12,"key":"EssenceOfSteel"}],"is_trial":false,"path_per_floor":["M","?","?","M","$","E","R","?","T","R","?","M","R","$","R","B"],"character_chosen":"DOCTOR_CLASS","items_purchased":[],"campfire_rested":0,"item_purchase_floors":[],"current_hp_per_floor":[72,72,72,72,72,72,72,72,72,72,72,65,65,65,65,0,0],"gold":352,"neow_bonus":"THREE_ENEMY_KILL","is_daily":false,"chose_seed":false,"campfire_upgraded":4,"win_rate":0.0,"timestamp":1609128680,"path_taken":["M","?","?","M","?","E","R","?","T","R","?","?","R","?","R","BOSS"],"items_purchased_type":[],"build_version":"2020-12-22","purchased_purges":0,"victory":false,"max_hp_per_floor":[72,72,72,72,72,72,72,72,72,72,72,72,72,72,72,72,72],"card_choices":[{"not_picked":["ats:Cat Scratch","ats:Hammer On"],"picked":"ats:Apocalypse","floor":1},{"not_picked":["ats:Shadow Assault","ats:Directed Diagnosis"],"picked":"ats:Curse Doll","floor":4},{"not_picked":["ats:Overload","ats:Shell Defense"],"picked":"ats:Healing Strengthening","floor":6},{"not_picked":["ats:LN2 Cannon","ats:Hammer On"],"picked":"ats:Healing Strengthening","floor":12}],"player_experience":369026,"relics_obtained":[{"floor":6,"key":"ats:Originium"},{"floor":6,"key":"REME_HandOfSuture"},{"floor":9,"key":"InkBottle"}],"event_choices":[{"damage_healed":0,"gold_gain":0,"cards_transformed":["ats:Strike S"],"player_choice":"Change","damage_taken":0,"max_hp_gain":0,"max_hp_loss":0,"event_name":"Living Wall","floor":2,"gold_loss":0,"cards_obtained":["ats:Guardian Obelisk"]},{"damage_healed":0,"gold_gain":0,"player_choice":"Ignored","damage_taken":0,"max_hp_gain":0,"max_hp_loss":0,"event_name":"Golden Wing","floor":3,"gold_loss":0},{"damage_healed":18,"gold_gain":0,"player_choice":"Healed and dodged fight","damage_taken":0,"max_hp_gain":0,"max_hp_loss":0,"event_name":"Mushrooms","floor":8,"gold_loss":0,"cards_obtained":["Parasite"]},{"damage_healed":0,"gold_gain":175,"player_choice":"AGREE","damage_taken":0,"max_hp_gain":0,"max_hp_loss":0,"event_name":"Liars Game","floor":11,"gold_loss":0,"cards_obtained":["Doubt"]}],"is_beta":false,"boss_relics":[],"items_purged_floors":[],"is_endless":false,"potions_floor_spawned":[1,4,12],"killed_by":"Hexaghost","ascension_level":0}}