{"host":"kev6uqotw4tlyx8l","time":1609148170,"event":{"mods":["Act Like it!","Aspiration","BaseMod","Colored Powertips","Dota2Spire","Downfall","Hallownest","Infinite Spire","Marisa????????","Minty Spire (QoL Compilation)","Quick Restart","Remilia??????","Replay The Spire","StSLib","The Cursed","The Marked","The Mystic","The Servant 0.9.4"],"gold_per_floor":[117,117,77,77,26,26,36,54,80,110,110,122,29,29,29,29,29],"floor_reached":16,"playtime":584,"items_purged":[],"score":127,"play_id":"d82e0b0d-a300-424b-b3e6-6fb878991fe2","local_time":"20201228163610","is_ascension_mode":true,"campfire_choices":[{"data":"Eclipse","floor":6,"key":"SMITH"},{"floor":11,"key":"REST"},{"floor":15,"key":"REST"}],"circlet_count":0,"master_deck":["Strike_R","Strike_R","Strike_R","Strike_R","Strike_R","Bash","Eclipse+1","Run Through","Hallownest:skillSlugHide","Hallownest:skillSlugHide","Hallownest:skillSlugHide","Hallownest:skillSlugHide","Hallownest:skillSlugHide","Flex","Defy Death","Shockwave+1","Thunderclap","Anger","Good Instincts"],"relics":["Burning Blood","Hallownest:DreamNailRelic","Blood Vial","Calipers"],"acts_visited":["Hallownest:Greenpath"],"potions_floor_usage":[],"damage_taken":[{"damage":8,"enemies":"Hallownest:monsterHuskWarrior","floor":1,"turns":3},{"damage":8,"enemies":"Hallownest:2_Baldur","floor":7,"turns":3},{"damage":1,"enemies":"Hallownest:2_MossCreeps","floor":8,"turns":4},{"damage":56,"enemies":"Hallownest:eliteMossKnight","floor":10,"turns":23},{"damage":4,"enemies":"Hallownest:monsterMossCharger","floor":12,"turns":4},{"damage":90,"enemies":"Hallownest:BossFalseKnight","floor":16,"turns":11}],"seed_played":"2322901115629337548","potions_obtained":[{"floor":12,"key":"Dota2Spire:Clarity"}],"is_trial":false,"path_per_floor":["M","?","?","?","$","R","M","M","T","E","R","M","$","?","R","B"],"character_chosen":"IRONCLAD","items_purchased":["Flex","Good Instincts"],"campfire_rested":2,"item_purchase_floors":[5,13],"current_hp_per_floor":[78,78,79,79,79,79,77,80,80,30,54,58,58,58,80,0,0],"gold":29,"neow_bonus":"ONE_RANDOM_RARE_CARD","is_daily":false,"chose_seed":false,"campfire_upgraded":1,"win_rate":0.0,"timestamp":1609148170,"path_taken":["M","?","?","?","$","R","M","?","T","E","R","M","?","?","R","BOSS"],"items_purchased_type":["Card","Card"],"build_version":"2020-12-22","purchased_purges":0,"victory":false,"max_hp_per_floor":[80,80,80,80,80,80,80,80,80,80,80,80,80,80,80,80,80],"card_choices":[{"not_picked":["Battle Trance","Iron Wave"],"picked":"Run Through","floor":1},{"not_picked":["Run Through","Feel No Pain"],"picked":"Defy Death","floor":7},{"not_picked":["Warcry","Abandon"],"picked":"Shockwave","floor":8},{"not_picked":["Combust","Second Wind"],"picked":"Thunderclap","floor":10},{"not_picked":["Flame Barrier","Sword Boomerang"],"picked":"Anger","floor":12}],"player_experience":38492,"relics_obtained":[{"floor":9,"key":"Blood Vial"},{"floor":10,"key":"Calipers"}],"event_choices":[],"is_beta":false,"boss_relics":[],"items_purged_floors":[],"is_endless":false,"potions_floor_spawned":[12],"killed_by":"Hallownest:BossFalseKnight","ascension_level":1}}