{"host":"crmowuwgj9wiiaqp","time":1609173346,"event":{"mods":["Astrologer","BaseMod","Minty Spire (QoL Compilation)","Robot Space Explorer","StSLib","Swap Starting Deck Mod"],"gold_per_floor":[115,115,132,152,162,196,196,196,275,290,290,323,52,71,71,176,176,194,194,204,204,25,56,56,84,84,97,124,140,140,160,160,261,261,275,275,275,275,129,159,159,194,268,268,279,57,106,139,139,139,139,139,13,45,45],"floor_reached":56,"playtime":3457,"items_purged":["Meteor Strike"],"score":1662,"play_id":"5351cc1d-80d0-4555-a693-82414d0522ef","local_time":"20201228093546","is_ascension_mode":true,"campfire_choices":[{"data":"Reprogram","floor":7,"key":"SMITH"},{"data":"Steam","floor":11,"key":"SMITH"},{"data":"Reprogram","floor":15,"key":"SMITH"},{"data":"Trip","floor":24,"key":"SMITH"},{"floor":30,"key":"DIG"},{"floor":32,"key":"DIG"},{"data":"Metamorphosis","floor":41,"key":"SMITH"},{"floor":44,"key":"DIG"},{"floor":49,"key":"RECALL"},{"floor":52,"key":"DIG"}],"circlet_count":0,"master_deck":["Gash","Gash","Gash","Gash","Rip and Tear","Reprogram+1","Steam+1","Steam","Steam","Leap","Rip and Tear","Leap+1","FTL","Skim","Reprogram+1","Go for the Eyes","Trip+1","Reprogram+1","Reboot","Scrape","Conserve Battery+1","Leap+1","Fission+1","Compile Driver+1","Metamorphosis+1","Good Instincts","Panache","Flash of Steel","Gash","Sweeping Beam","Flash of Steel","Master of Strategy"],"relics":["Cracked Core","swapstartingdeckmod:DeadBlossom","Shovel","Toy Ornithopter","Meat on the Bone","The Courier","DollysMirror","Black Star","MutagenicStrength","Lee\u0027s Waffle","Symbiotic Virus","Torii","Blood Vial","Kunai","Mercury Hourglass","Matryoshka","Art of War","Eternal Feather","Singing Bowl","Runic Pyramid","TungstenRod","StrikeDummy","Gremlin Horn","Akabeko","Juzu Bracelet","Centennial Puzzle","Prayer Wheel","Smiling Mask","War Paint","InkBottle","Medical Kit","Oddly Smooth Stone","Thread and Needle"],"acts_visited":["Exordium","TheCity","TheBeyond","TheEnding"],"potions_floor_usage":[55],"damage_taken":[{"damage":0,"enemies":"2 Louse","floor":1,"turns":2},{"damage":0,"enemies":"Cultist","floor":3,"turns":3},{"damage":8,"enemies":"Small Slimes","floor":4,"turns":2},{"damage":0,"enemies":"Blue Slaver","floor":5,"turns":3},{"damage":20,"enemies":"Gremlin Nob","floor":6,"turns":4},{"damage":0,"enemies":"Exordium Wildlife","floor":10,"turns":3},{"damage":0,"enemies":"3 Sentries","floor":12,"turns":5},{"damage":0,"enemies":"3 Louse","floor":14,"turns":3},{"damage":0,"enemies":"Slime Boss","floor":16,"turns":6},{"damage":0,"enemies":"Shell Parasite","floor":18,"turns":3},{"damage":2,"enemies":"Spheric Guardian","floor":20,"turns":4},{"damage":3,"enemies":"Book of Stabbing","floor":23,"turns":4},{"damage":32,"enemies":"Slavers","floor":25,"turns":4},{"damage":8,"enemies":"Centurion and Healer","floor":27,"turns":4},{"damage":8,"enemies":"Book of Stabbing","floor":28,"turns":4},{"damage":0,"enemies":"Shelled Parasite and Fungi","floor":29,"turns":2},{"damage":8,"enemies":"Snecko","floor":31,"turns":5},{"damage":19,"enemies":"Champ","floor":33,"turns":7},{"damage":1,"enemies":"3 Darklings","floor":35,"turns":3},{"damage":0,"enemies":"Giant Head","floor":40,"turns":4},{"damage":0,"enemies":"Reptomancer","floor":42,"turns":5},{"damage":0,"enemies":"Orb Walker","floor":45,"turns":2},{"damage":0,"enemies":"2 Orb Walkers","floor":47,"turns":3},{"damage":0,"enemies":"Nemesis","floor":48,"turns":5},{"damage":0,"enemies":"Awakened One","floor":50,"turns":7},{"damage":0,"enemies":"Shield and Spear","floor":54,"turns":2},{"damage":17,"enemies":"The Heart","floor":55,"turns":7}],"seed_played":"-5266447779773613932","potions_obtained":[{"floor":3,"key":"FocusPotion"},{"floor":4,"key":"CultistPotion"},{"floor":6,"key":"GamblersBrew"},{"floor":10,"key":"AttackPotion"},{"floor":18,"key":"SteroidPotion"},{"floor":27,"key":"FairyPotion"}],"is_trial":false,"path_per_floor":["M","?","M","M","M","E","R","?","T","M","R","E","$","M","R","B",null,"M","?","M","?","$","E","R","E","T","M","E","M","R","M","R","B",null,"M","?","?","?","$","E","R","E","T","R","M","$","?","E","R","B",null,"R","$","E","B",null],"character_chosen":"DEFECT","items_purchased":["Skim","DollysMirror","Go for the Eyes","Trip","Lee\u0027s Waffle","Flash of Steel","Gash","Sweeping Beam","Flash of Steel","Master of Strategy","Medical Kit"],"campfire_rested":0,"item_purchase_floors":[13,13,13,13,22,39,39,39,46,46,53],"current_hp_per_floor":[75,75,75,67,67,47,47,40,40,40,40,40,40,40,40,40,75,75,75,73,73,82,79,79,47,47,46,45,46,46,45,51,39,80,80,78,68,68,68,70,79,81,81,82,83,83,85,87,88,88,88,88,88,89,76],"gold":45,"neow_bonus":"","is_daily":false,"chose_seed":false,"campfire_upgraded":5,"win_rate":0.0,"timestamp":1609173346,"path_taken":["M","?","?","M","M","E","R","?","T","M","R","E","$","M","R","BOSS","M","?","M","?","$","E","R","E","T","M","E","M","R","M","R","BOSS","M","?","?","?","$","E","R","E","T","R","M","?","?","E","R","BOSS","R","$","E","BOSS"],"items_purchased_type":["Card","Relic","Card","Card","Relic","Card","Card","Card","Card","Card","Relic"],"build_version":"2020-12-22","purchased_purges":1,"victory":true,"max_hp_per_floor":[75,75,75,75,75,75,75,75,75,75,75,75,75,75,75,75,75,75,75,75,75,82,82,82,82,82,82,82,82,82,82,82,82,82,82,78,78,78,78,80,80,82,82,82,84,84,86,88,88,88,88,88,88,90,90],"card_choices":[{"not_picked":["Ball Lightning","Chill"],"picked":"Leap","floor":1},{"not_picked":["Leap","Rebound"],"picked":"Rip and Tear","floor":3},{"not_picked":["Streamline","Blizzard"],"picked":"Leap","floor":4},{"not_picked":["Blizzard","Sweeping Beam"],"picked":"Meteor Strike","floor":5},{"not_picked":["Redo","Leap"],"picked":"FTL","floor":6},{"not_picked":["White Noise","Barrage","Rip and Tear"],"picked":"SKIP","floor":10},{"not_picked":["Steam Power","Creative AI"],"picked":"Sweeping Beam","floor":12},{"not_picked":["Compile Driver","Genetic Algorithm"],"picked":"Reprogram","floor":14},{"not_picked":["Buffer","Amplify"],"picked":"Reboot","floor":16},{"not_picked":["Rebound","Redo","Force Field+1"],"picked":"SKIP","floor":18},{"not_picked":["Coolheaded","Ball Lightning"],"picked":"Scrape","floor":20},{"not_picked":["Barrage","Double Energy","Sunder+1"],"picked":"SKIP","floor":23},{"not_picked":["Multi-Cast","Steam","Static Discharge"],"picked":"SKIP","floor":25},{"not_picked":["Coolheaded","Double Energy","Loop"],"picked":"SKIP","floor":27},{"not_picked":["Static Discharge","Beam Cell","Rebound"],"picked":"SKIP","floor":28},{"not_picked":["Rebound","Leap"],"picked":"Conserve Battery+1","floor":29},{"not_picked":["Glacier","Rebound"],"picked":"Leap+1","floor":31},{"not_picked":["Biased Cognition","Thunder Strike"],"picked":"Fission","floor":33},{"not_picked":["Self Repair+1","Static Discharge+1"],"picked":"Compile Driver+1","floor":35},{"not_picked":["Jack Of All Trades","Bandage Up"],"picked":"Metamorphosis","floor":37},{"not_picked":["Dark Shackles","Chrysalis"],"picked":"Good Instincts","floor":37},{"not_picked":["Good Instincts","Enlightenment"],"picked":"Panache","floor":37},{"not_picked":["FTL","Storm+1","BootSequence+1"],"picked":"Singing Bowl","floor":40},{"not_picked":["Gash","Skim","Steam Power"],"picked":"Singing Bowl","floor":42},{"not_picked":["Ball Lightning+1","Sweeping Beam","Conserve Battery"],"picked":"Singing Bowl","floor":45},{"not_picked":["Conserve Battery+1","Compile Driver","Recycle+1"],"picked":"Singing Bowl","floor":47},{"not_picked":["Steam","Undo+1","Rip and Tear"],"picked":"Singing Bowl","floor":48},{"not_picked":["Conserve Battery+1","Gash","Doom and Gloom+1"],"picked":"Singing Bowl","floor":54}],"player_experience":1321533,"relics_obtained":[{"floor":6,"key":"Shovel"},{"floor":9,"key":"Meat on the Bone"},{"floor":12,"key":"The Courier"},{"floor":23,"key":"Symbiotic Virus"},{"floor":23,"key":"Torii"},{"floor":25,"key":"Blood Vial"},{"floor":25,"key":"Kunai"},{"floor":26,"key":"Mercury Hourglass"},{"floor":28,"key":"Matryoshka"},{"floor":28,"key":"Art of War"},{"floor":30,"key":"Eternal Feather"},{"floor":32,"key":"Singing Bowl"},{"floor":40,"key":"TungstenRod"},{"floor":40,"key":"StrikeDummy"},{"floor":42,"key":"Gremlin Horn"},{"floor":42,"key":"Akabeko"},{"floor":43,"key":"Juzu Bracelet"},{"floor":44,"key":"Centennial Puzzle"},{"floor":47,"key":"Prayer Wheel"},{"floor":48,"key":"Smiling Mask"},{"floor":48,"key":"War Paint"},{"floor":52,"key":"InkBottle"},{"floor":54,"key":"Oddly Smooth Stone"},{"floor":54,"key":"Thread and Needle"}],"event_choices":[{"cards_removed":["Steam"],"damage_healed":5,"gold_gain":0,"player_choice":"Offered Common","damage_taken":0,"max_hp_gain":0,"max_hp_loss":0,"event_name":"Bonfire Elementals","floor":2,"gold_loss":0},{"cards_removed":["Steam"],"damage_healed":5,"gold_gain":0,"player_choice":"Offered Special","damage_taken":0,"max_hp_gain":0,"max_hp_loss":0,"event_name":"Bonfire Elementals","floor":2,"gold_loss":0},{"damage_healed":0,"gold_gain":0,"player_choice":"Success","damage_taken":7,"relics_obtained":["Toy Ornithopter"],"max_hp_gain":0,"max_hp_loss":0,"event_name":"Scrap Ooze","floor":8,"gold_loss":0},{"damage_healed":0,"gold_gain":0,"player_choice":"Ignored","damage_taken":0,"max_hp_gain":0,"max_hp_loss":0,"event_name":"Vampires","floor":19,"gold_loss":0},{"damage_healed":0,"gold_gain":0,"player_choice":"Inject Mutagens","damage_taken":0,"relics_obtained":["MutagenicStrength"],"max_hp_gain":0,"max_hp_loss":0,"event_name":"Drug Dealer","floor":21,"gold_loss":0},{"damage_healed":0,"gold_gain":0,"player_choice":"Max HP","damage_taken":0,"max_hp_gain":0,"max_hp_loss":4,"event_name":"Winding Halls","floor":36,"gold_loss":0},{"damage_healed":0,"gold_gain":0,"player_choice":"Memory 3","damage_taken":10,"max_hp_gain":0,"max_hp_loss":0,"event_name":"SensoryStone","floor":37,"gold_loss":0},{"cards_removed":["Sweeping Beam"],"damage_healed":0,"gold_gain":0,"player_choice":"Removed Attack","damage_taken":0,"max_hp_gain":0,"max_hp_loss":0,"event_name":"Falling","floor":38,"gold_loss":0},{"damage_healed":0,"gold_gain":0,"player_choice":"Fight","damage_taken":0,"max_hp_gain":0,"max_hp_loss":0,"event_name":"Mysterious Sphere","floor":47,"gold_loss":0}],"is_beta":false,"boss_relics":[{"not_picked":["Snecko Eye","Sozu"],"picked":"Black Star"},{"not_picked":["Velvet Choker","Cursed Key"],"picked":"Runic Pyramid"}],"items_purged_floors":[22],"is_endless":false,"potions_floor_spawned":[3,4,6,10,18,27,29,33,35,40,54],"ascension_level":1}}