{"host":"nptej036rrbiurf5","time":1609118452,"event":{"mods":["BaseMod","Colored Map","Colored Powertips","DeckTracker","Minty Spire (QoL Compilation)","StSLib","SuperFastMode"],"gold_per_floor":[218,218,143,155,167,167,204,204,204,214,37,62,80,108,108,185,185,205,80,80,107,107,141,141,167,194,212,247,264,264,279,279,354,354,366,588,603,42,54,54,68,68,145,162,4,4,14,33,33,33,33,33],"floor_reached":51,"playtime":2631,"items_purged":["Strike_P","Defend_P","Strike_P","Strike_P"],"score":1738,"play_id":"f913047d-b1c1-4b83-b310-71de32c7d783","local_time":"20201228102052","is_ascension_mode":true,"campfire_choices":[{"data":"Eruption","floor":6.0,"key":"SMITH"},{"data":"BowlingBash","floor":8.0,"key":"SMITH"},{"data":"EmptyMind","floor":15.0,"key":"SMITH"},{"data":"Scrawl","floor":24.0,"key":"SMITH"},{"floor":30.0,"key":"RECALL"},{"floor":32.0,"key":"REST"},{"data":"ConjureBlade","floor":40.0,"key":"SMITH"},{"data":"Fasting2","floor":49.0,"key":"SMITH"}],"circlet_count":0,"master_deck":["AscendersBane","Strike_P+1","Defend_P+1","Defend_P+1","Defend_P+1","Eruption+1","Vigilance+1","FlurryOfBlows","FlurryOfBlows+1","BowlingBash+1","EmptyBody+1","ClearTheMind+1","Wallop+1","EmptyMind+1","DeusExMachina","LessonLearned+1","Swivel+1","Scrawl+1","Vault+1","ConjureBlade+1","Fasting2+1","Crescendo+1","Study","Vault+1"],"relics":["PureWater","White Beast Statue","Boot","Kunai","War Paint","Runic Pyramid","Red Mask","Singing Bowl","Gambling Chip","Ancient Tea Set","Bag of Preparation","Coffee Dripper","Lizard Tail","Toy Ornithopter"],"acts_visited":["Exordium","TheCity","TheBeyond"],"potions_floor_usage":[],"damage_taken":[{"damage":7.0,"enemies":"Cultist","floor":1.0,"turns":3.0},{"damage":0.0,"enemies":"Jaw Worm","floor":4.0,"turns":2.0},{"damage":5.0,"enemies":"2 Louse","floor":5.0,"turns":3.0},{"damage":0.0,"enemies":"Blue Slaver","floor":7.0,"turns":1.0},{"damage":0.0,"enemies":"Lots of Slimes","floor":10.0,"turns":4.0},{"damage":7.0,"enemies":"3 Sentries","floor":12.0,"turns":4.0},{"damage":0.0,"enemies":"Large Slime","floor":13.0,"turns":4.0},{"damage":2.0,"enemies":"Lagavulin","floor":14.0,"turns":4.0},{"damage":0.0,"enemies":"Hexaghost","floor":16.0,"turns":6.0},{"damage":0.0,"enemies":"Spheric Guardian","floor":18.0,"turns":3.0},{"damage":6.0,"enemies":"Masked Bandits","floor":21.0,"turns":2.0},{"damage":8.0,"enemies":"Slavers","floor":23.0,"turns":4.0},{"damage":0.0,"enemies":"Book of Stabbing","floor":25.0,"turns":3.0},{"damage":0.0,"enemies":"Shell Parasite","floor":27.0,"turns":2.0},{"damage":0.0,"enemies":"Slavers","floor":28.0,"turns":4.0},{"damage":0.0,"enemies":"Cultist and Chosen","floor":29.0,"turns":1.0},{"damage":0.0,"enemies":"Centurion and Healer","floor":31.0,"turns":3.0},{"damage":0.0,"enemies":"Automaton","floor":33.0,"turns":7.0},{"damage":0.0,"enemies":"Orb Walker","floor":35.0,"turns":3.0},{"damage":33.0,"enemies":"3 Shapes","floor":37.0,"turns":5.0},{"damage":0.0,"enemies":"3 Darklings","floor":39.0,"turns":1.0},{"damage":9.0,"enemies":"Writhing Mass","floor":41.0,"turns":2.0},{"damage":12.0,"enemies":"Spire Growth","floor":44.0,"turns":3.0},{"damage":0.0,"enemies":"Transient","floor":47.0,"turns":8.0},{"damage":1.0,"enemies":"3 Darklings","floor":48.0,"turns":3.0},{"damage":21.0,"enemies":"Awakened One","floor":50.0,"turns":10.0},{"damage":103,"enemies":"Time Eater","floor":51,"turns":5}],"seed_played":"4970232802080361771","potions_obtained":[{"floor":1.0,"key":"SkillPotion"},{"floor":4.0,"key":"ColorlessPotion"},{"floor":7.0,"key":"BlessingOfTheForge"},{"floor":10.0,"key":"Fire Potion"},{"floor":12.0,"key":"Regen Potion"},{"floor":13.0,"key":"Fire Potion"},{"floor":16.0,"key":"Ambrosia"},{"floor":18.0,"key":"LiquidMemories"},{"floor":21.0,"key":"FairyPotion"},{"floor":23.0,"key":"PowerPotion"},{"floor":25.0,"key":"FairyPotion"},{"floor":27.0,"key":"PowerPotion"},{"floor":28.0,"key":"Block Potion"},{"floor":29.0,"key":"SteroidPotion"},{"floor":33.0,"key":"SpeedPotion"},{"floor":37.0,"key":"Strength Potion"},{"floor":41.0,"key":"Dexterity Potion"}],"is_trial":false,"path_per_floor":["M","?","$","M","M","R","M","R","T","M","$","E","M","E","R","B",null,"M","$","?","?","?","E","R","E","T","M","E","M","R","M","R","B",null,"M","?","M","$","M","R","M","?","T","M","$","?","M","M","R","B","B"],"character_chosen":"WATCHER","items_purchased":["Wallop","Lizard Tail","Study","Toy Ornithopter"],"campfire_rested":1,"item_purchase_floors":[11,38,38,45],"current_hp_per_floor":[54,28,28,28,23,23,23,23,23,23,23,16,28,26,26,26,58,58,58,58,52,52,46,46,46,46,48,50,52,52,54,77,77,78,78,78,45,45,47,47,40,40,40,30,30,30,32,33,33,22,0,0],"gold":33,"neow_bonus":"HUNDRED_GOLD","is_daily":false,"chose_seed":false,"campfire_upgraded":6,"win_rate":0.0,"timestamp":1609118452,"path_taken":["M","?","$","M","M","R","M","R","T","M","$","E","M","E","R","BOSS","M","$","?","?","?","E","R","E","T","?","E","M","R","M","R","BOSS","M","?","M","$","M","R","M","?","T","?","?","?","M","M","R","BOSS","BOSS"],"items_purchased_type":["Card","Relic","Card","Relic"],"build_version":"2020-12-22","purchased_purges":4,"victory":false,"max_hp_per_floor":[68,68,68,68,68,68,68,68,68,68,68,68,68,68,68,68,68,68,68,68,68,68,70,70,70,70,72,74,76,76,78,78,78,78,78,78,78,78,80,80,82,82,82,84,84,84,86,88,88,88,88,88],"card_choices":[{"not_picked":["Collect","TalkToTheHand"],"picked":"FlurryOfBlows","floor":1.0},{"not_picked":["Perseverance","Vengeance"],"picked":"FlurryOfBlows","floor":4.0},{"not_picked":["LikeWater","Halt"],"picked":"BowlingBash","floor":5.0},{"not_picked":["ThirdEye","JustLucky"],"picked":"EmptyBody","floor":7.0},{"not_picked":["Weave","SignatureMove"],"picked":"ClearTheMind","floor":10.0},{"not_picked":["ClearTheMind","Prostrate"],"picked":"Tantrum","floor":12.0},{"not_picked":["FlurryOfBlows","WindmillStrike"],"picked":"EmptyMind","floor":13.0},{"not_picked":["FollowUp","Prostrate"],"picked":"DeusExMachina","floor":14.0},{"not_picked":["Alpha","Blasphemy"],"picked":"LessonLearned","floor":16.0},{"not_picked":["BowlingBash","ThirdEye"],"picked":"Swivel","floor":18.0},{"not_picked":["CutThroughFate","SashWhip","EmptyFist"],"picked":"Singing Bowl","floor":23.0},{"not_picked":["Study","Prostrate"],"picked":"Vault","floor":25.0},{"not_picked":["FlurryOfBlows","SignatureMove","ClearTheMind"],"picked":"Singing Bowl","floor":27.0},{"not_picked":["WheelKick","Sanctity","PathToVictory+1"],"picked":"Singing Bowl","floor":28.0},{"not_picked":["CrushJoints","Wireheading","BowlingBash"],"picked":"Singing Bowl","floor":29.0},{"not_picked":["PathToVictory","CutThroughFate","Evaluate"],"picked":"Singing Bowl","floor":31.0},{"not_picked":["SpiritShield","Judgement"],"picked":"ConjureBlade","floor":33.0},{"not_picked":["Collect","WreathOfFlame"],"picked":"Fasting2","floor":35.0},{"not_picked":["ClearTheMind","Indignation"],"picked":"Crescendo+1","floor":37.0},{"not_picked":["SignatureMove","ThirdEye+1","Halt"],"picked":"Singing Bowl","floor":39.0},{"not_picked":["BowlingBash","Weave+1","Consecrate"],"picked":"Singing Bowl","floor":41.0},{"not_picked":["ConjureBlade","ThirdEye+1","Collect"],"picked":"Singing Bowl","floor":44.0},{"not_picked":["ThirdEye","CutThroughFate","Indignation"],"picked":"Singing Bowl","floor":47.0},{"not_picked":["Halt","Crescendo","Sanctity"],"picked":"Singing Bowl","floor":48.0}],"player_experience":861761,"relics_obtained":[{"floor":9.0,"key":"Boot"},{"floor":12.0,"key":"Kunai"},{"floor":14.0,"key":"War Paint"},{"floor":21.0,"key":"Red Mask"},{"floor":23.0,"key":"Singing Bowl"},{"floor":25.0,"key":"Gambling Chip"},{"floor":26.0,"key":"Ancient Tea Set"},{"floor":28.0,"key":"Bag of Preparation"}],"event_choices":[{"damage_healed":0.0,"max_hp_gain":0.0,"max_hp_loss":0.0,"gold_gain":0.0,"event_name":"Scrap Ooze","player_choice":"Success","floor":2.0,"gold_loss":0.0,"damage_taken":26.0,"relics_obtained":["White Beast Statue"]},{"damage_healed":0.0,"max_hp_gain":0.0,"max_hp_loss":0.0,"gold_gain":0.0,"event_name":"Ghosts","player_choice":"Ignored","floor":20.0,"gold_loss":0.0,"damage_taken":0.0},{"damage_healed":0.0,"max_hp_gain":0.0,"max_hp_loss":0.0,"gold_gain":0.0,"event_name":"Masked Bandits","player_choice":"Fought Bandits","floor":21.0,"gold_loss":0.0,"damage_taken":0.0},{"damage_healed":0.0,"max_hp_gain":0.0,"max_hp_loss":0.0,"gold_gain":0.0,"event_name":"Match and Keep!","player_choice":"1 cards matched","floor":22.0,"gold_loss":0.0,"damage_taken":0.0,"cards_obtained":["Scrawl"]},{"damage_healed":0.0,"max_hp_gain":0.0,"max_hp_loss":0.0,"gold_gain":222.0,"event_name":"Tomb of Lord Red Mask","player_choice":"Wore Mask","floor":36.0,"gold_loss":0.0,"damage_taken":0.0},{"cards_removed":["Tantrum"],"damage_healed":0.0,"max_hp_gain":0.0,"max_hp_loss":0.0,"gold_gain":0.0,"event_name":"Falling","player_choice":"Removed Attack","floor":42.0,"gold_loss":0.0,"damage_taken":0.0},{"damage_healed":0.0,"max_hp_gain":0.0,"max_hp_loss":0.0,"gold_gain":0.0,"event_name":"Duplicator","player_choice":"Copied","floor":46.0,"gold_loss":0.0,"damage_taken":0.0,"cards_obtained":["Vault"]}],"is_beta":false,"boss_relics":[{"not_picked":["Sozu","Empty Cage"],"picked":"Runic Pyramid"},{"not_picked":["Snecko Eye","Philosopher\u0027s Stone"],"picked":"Coffee Dripper"}],"items_purged_floors":[3,11,19,38],"is_endless":false,"potions_floor_spawned":[1,4,5,7,10,12,13,14,16,18,21,23,25,27,28,29,31,33,35,37,39,41,44,47,48],"killed_by":"Time Eater","ascension_level":20}}