{"host":"98ajcw3do3zsggh8","time":1609151854,"event":{"mods":["BaseMod","Minty Spire (QoL Compilation)","Replay The Spire","StSLib"],"gold_per_floor":[109,122,122,137,151,178,178,195,218,218,69,82,109,119,119,119,119],"floor_reached":16,"playtime":402,"items_purged":["Parasite"],"score":120,"play_id":"564a5899-5201-412a-8f3c-b0aa257b4930","local_time":"20201228113734","is_ascension_mode":true,"campfire_choices":[],"circlet_count":0,"master_deck":["Strike_B+1","Strike_B","Strike_B","Defend_B","Defend_B+1","Defend_B","Zap","Dualcast","Doom and Gloom","FIFO Queue","Ball Lightning","Double Energy","Loop","Sunder","Defragment"],"relics":["Cracked Core","NeowsBlessing","Gremlin Food","Bag of Marbles","Blue Doll"],"acts_visited":["Exordium"],"potions_floor_usage":[6,13,14,16],"damage_taken":[{"damage":0,"enemies":"Jaw Worm","floor":1,"turns":1},{"damage":0,"enemies":"Small Slimes","floor":2,"turns":1},{"damage":0,"enemies":"Cultist","floor":4,"turns":1},{"damage":26,"enemies":"Large Slime","floor":5,"turns":6},{"damage":22,"enemies":"3 Sentries","floor":6,"turns":3},{"damage":3,"enemies":"Red Slaver","floor":8,"turns":3},{"damage":0,"enemies":"Lots of Slimes","floor":12,"turns":1},{"damage":19,"enemies":"Lagavulin","floor":13,"turns":5},{"damage":3,"enemies":"2 Fungi Beasts","floor":14,"turns":4},{"damage":16,"enemies":"Slime Boss","floor":16,"turns":4}],"seed_played":"-4500372850818266459","potions_obtained":[{"floor":2,"key":"Explosive Potion"},{"floor":5,"key":"SkillPotion"},{"floor":6,"key":"EssenceOfDarkness"},{"floor":8,"key":"SpeedPotion"}],"is_trial":false,"path_per_floor":["M","M","?","M","M","E","?","M","T","?","$","M","E","M","R","B"],"character_chosen":"DEFECT","items_purchased":["Sunder"],"campfire_rested":0,"item_purchase_floors":[11],"current_hp_per_floor":[75,75,75,75,49,27,12,9,9,27,27,27,8,5,5,0,0],"gold":119,"neow_bonus":"THREE_ENEMY_KILL","is_daily":false,"chose_seed":false,"campfire_upgraded":0,"win_rate":0.0,"timestamp":1609151854,"path_taken":["M","M","?","M","M","E","?","M","T","?","$","M","E","M","R","BOSS"],"items_purchased_type":["Card"],"build_version":"2020-12-22","purchased_purges":1,"victory":false,"max_hp_per_floor":[75,75,75,75,75,75,75,75,75,75,72,72,72,72,72,72,72],"card_choices":[{"not_picked":["Coolheaded","Cold Snap"],"picked":"Doom and Gloom","floor":1},{"not_picked":["Rebound","Sweeping Beam"],"picked":"FIFO Queue","floor":2},{"not_picked":["Turbo","Compile Driver","Beam Cell"],"picked":"SKIP","floor":4},{"not_picked":["Steam","Doom and Gloom"],"picked":"Ball Lightning","floor":5},{"not_picked":["Turbo","Lockon"],"picked":"Double Energy","floor":6},{"not_picked":["Barrage","Stack"],"picked":"Loop","floor":8},{"not_picked":["Coolheaded","Streamline","ReplayGash"],"picked":"SKIP","floor":12},{"not_picked":["ReplaySolidLightProjector","Redo","Conserve Battery"],"picked":"SKIP","floor":13},{"not_picked":["Beam Cell","FTL","Steam"],"picked":"SKIP","floor":14}],"player_experience":283518,"relics_obtained":[{"floor":6,"key":"Gremlin Food"},{"floor":9,"key":"Bag of Marbles"},{"floor":13,"key":"Blue Doll"}],"event_choices":[{"damage_healed":0,"gold_gain":0,"player_choice":"Entered Light","damage_taken":15,"max_hp_gain":0,"max_hp_loss":0,"event_name":"Shining Light","floor":7,"gold_loss":0,"cards_upgraded":["Defend_B","Strike_B"]},{"damage_healed":18,"gold_gain":0,"player_choice":"Healed and dodged fight","damage_taken":0,"max_hp_gain":0,"max_hp_loss":0,"event_name":"Mushrooms","floor":10,"gold_loss":0,"cards_obtained":["Parasite"]}],"is_beta":false,"boss_relics":[],"items_purged_floors":[11],"is_endless":false,"potions_floor_spawned":[2,5,6,8],"killed_by":"Slime Boss","ascension_level":1}}