{"host":"a030anv54dyo3lic","time":1609123899,"event":{"mods":["AchievementEnabler","BaseMod","Colored Map","Googly Eyes","Minty Spire (QoL Compilation)"],"gold_per_floor":[217,217,230,249,259,259,259,259,259,259,272,291,30,48,48,147,147,161,161,161,161,16,16,16,16,84,84,84],"floor_reached":27,"playtime":2092,"items_purged":["Strike_B"],"score":347,"play_id":"dea82458-f1ba-46ab-9e53-c5f4a773cca6","local_time":"20201227185139","is_ascension_mode":true,"campfire_choices":[{"floor":6.0,"key":"REST"},{"data":"Genetic Algorithm","floor":8.0,"key":"SMITH"},{"data":"Multi-Cast","floor":15.0,"key":"SMITH"},{"data":"Echo Form","floor":23.0,"key":"SMITH"},{"data":"Consume","floor":25,"key":"SMITH"}],"circlet_count":0,"master_deck":["AscendersBane","Strike_B","Strike_B+1","Defend_B","Defend_B","Defend_B","Zap+1","Dualcast","Sweeping Beam","Reinforced Body","Ball Lightning","Genetic Algorithm+1","Consume+1","Multi-Cast+1","Ball Lightning","Echo Form+1","Coolheaded+1","Doom and Gloom","Genetic Algorithm"],"relics":["Cracked Core","Sozu","DataDisk","Toxic Egg 2"],"acts_visited":["Exordium","TheCity"],"potions_floor_usage":[24,27],"damage_taken":[{"damage":7.0,"enemies":"2 Louse","floor":1.0,"turns":2.0},{"damage":13.0,"enemies":"Small Slimes","floor":3.0,"turns":3.0},{"damage":0.0,"enemies":"Cultist","floor":4.0,"turns":3.0},{"damage":11.0,"enemies":"Looter","floor":5.0,"turns":3.0},{"damage":0.0,"enemies":"Gremlin Nob","floor":7.0,"turns":1.0},{"damage":10.0,"enemies":"2 Fungi Beasts","floor":11.0,"turns":3.0},{"damage":0.0,"enemies":"Blue Slaver","floor":12.0,"turns":4.0},{"damage":0.0,"enemies":"Exordium Thugs","floor":14.0,"turns":3.0},{"damage":25.0,"enemies":"Hexaghost","floor":16.0,"turns":9.0},{"damage":2.0,"enemies":"Chosen","floor":18.0,"turns":3.0},{"damage":0,"enemies":"Book of Stabbing","floor":24,"turns":1},{"damage":42,"enemies":"Slavers","floor":27,"turns":4}],"seed_played":"-8375297282194779545","potions_obtained":[{"floor":1.0,"key":"PowerPotion"},{"floor":5.0,"key":"SmokeBomb"},{"floor":11.0,"key":"ColorlessPotion"},{"floor":12.0,"key":"Ancient Potion"},{"floor":16.0,"key":"SmokeBomb"}],"is_trial":false,"path_per_floor":["M","?","M","M","M","R","E","R","T","?","M","M","$","M","R","B",null,"M","?","?","?","$","R","E","R","T","E"],"character_chosen":"DEFECT","items_purchased":["Multi-Cast","Energy Potion","DataDisk"],"campfire_rested":1,"item_purchase_floors":[13,13,22],"current_hp_per_floor":[61,46,33,33,22,44,44,44,44,44,34,34,34,34,34,9,59,57,57,57,57,57,57,57,57,57,15,15],"gold":84,"neow_bonus":"HUNDRED_GOLD","is_daily":false,"chose_seed":false,"campfire_upgraded":4,"win_rate":0.0,"timestamp":1609123899,"path_taken":["M","?","M","M","M","R","E","R","T","?","?","M","$","M","R","BOSS","M","?","?","?","?","R","E","R","T","E"],"items_purchased_type":["Card","Potion","Relic"],"build_version":"2020-12-22","purchased_purges":1,"victory":false,"max_hp_per_floor":[75,75,75,75,75,75,75,75,75,75,75,75,75,75,75,75,75,75,75,75,75,75,75,75,75,75,75,75],"card_choices":[{"not_picked":["Blizzard","Hologram"],"picked":"Sweeping Beam","floor":1.0},{"not_picked":["Ball Lightning","Fusion"],"picked":"Reinforced Body","floor":3.0},{"not_picked":["Gash","Blizzard"],"picked":"Ball Lightning","floor":4.0},{"not_picked":["Reinforced Body","Sweeping Beam"],"picked":"Genetic Algorithm","floor":5.0},{"not_picked":["Ball Lightning","Fusion"],"picked":"Consume","floor":11.0},{"not_picked":["Aggregate","Ball Lightning"],"picked":"Beam Cell","floor":12.0},{"not_picked":["Conserve Battery","Sweeping Beam"],"picked":"Ball Lightning","floor":14.0},{"not_picked":["Hyperbeam","Machine Learning"],"picked":"Echo Form","floor":16.0},{"not_picked":["Compile Driver","Ball Lightning"],"picked":"Coolheaded+1","floor":18.0}],"player_experience":944245,"relics_obtained":[{"floor":26,"key":"Toxic Egg 2"}],"event_choices":[{"damage_healed":0.0,"max_hp_gain":0.0,"max_hp_loss":0.0,"gold_gain":0.0,"event_name":"Shining Light","player_choice":"Entered Light","floor":2.0,"gold_loss":0.0,"damage_taken":15.0,"cards_upgraded":["Zap","Strike_B"]},{"cards_removed":["Strike_B"],"damage_healed":0.0,"max_hp_gain":0.0,"max_hp_loss":0.0,"gold_gain":0.0,"event_name":"Bonfire Elementals","player_choice":"Offered Basic","floor":10.0,"gold_loss":0.0,"damage_taken":0.0},{"damage_healed":0.0,"max_hp_gain":0.0,"max_hp_loss":0.0,"gold_gain":0.0,"event_name":"Vampires","player_choice":"Ignored","floor":19.0,"gold_loss":0.0,"damage_taken":0.0},{"damage_healed":0.0,"max_hp_gain":0.0,"max_hp_loss":0.0,"gold_gain":0.0,"event_name":"Ghosts","player_choice":"Ignored","floor":20.0,"gold_loss":0.0,"damage_taken":0.0},{"damage_healed":0.0,"max_hp_gain":0.0,"max_hp_loss":0.0,"gold_gain":0.0,"cards_transformed":["Defend_B","Beam Cell"],"event_name":"Drug Dealer","player_choice":"Became Test Subject","floor":21.0,"gold_loss":0.0,"damage_taken":0.0,"cards_obtained":["Doom and Gloom","Genetic Algorithm"]}],"is_beta":false,"boss_relics":[{"not_picked":["Astrolabe","SacredBark"],"picked":"Sozu"}],"items_purged_floors":[13],"is_endless":false,"potions_floor_spawned":[1,5,11,12,16,18],"killed_by":"Slavers","ascension_level":10}}