{"host":"640uue19m79c7wbt","time":1609136482,"event":{"mods":["BaseMod","Colored Map","Googly Eyes","Highlight Path","Minty Spire (QoL Compilation)","Quick Restart","StSLib"],"gold_per_floor":[114,125,140,155,165,165,165,165],"floor_reached":7,"playtime":620,"items_purged":[],"score":65,"play_id":"979a2968-f212-4a1e-b1cb-af4505f228cb","local_time":"20201228012122","is_ascension_mode":true,"campfire_choices":[{"floor":6,"key":"REST"}],"circlet_count":0,"master_deck":["Strike_G","Strike_G","Strike_G","Strike_G","Strike_G","Defend_G","Defend_G","Defend_G","Defend_G","Defend_G","Survivor","Neutralize","Normality","Sadistic Nature","Infinite Blades","PiercingWail","Wraith Form v2","Blur","Riddle With Holes"],"relics":["Ring of the Snake"],"acts_visited":["Exordium"],"potions_floor_usage":[7],"damage_taken":[{"damage":1.0,"enemies":"Cultist","floor":1.0,"turns":4.0},{"damage":6.0,"enemies":"Jaw Worm","floor":2.0,"turns":5.0},{"damage":17.0,"enemies":"Small Slimes","floor":3.0,"turns":5.0},{"damage":20.0,"enemies":"Gremlin Gang","floor":4.0,"turns":7.0},{"damage":16,"enemies":"Large Slime","floor":5,"turns":8},{"damage":31,"enemies":"Lagavulin","floor":7,"turns":7}],"seed_played":"4633015166950461654","potions_obtained":[{"floor":4.0,"key":"SpeedPotion"},{"floor":5,"key":"Explosive Potion"}],"is_trial":false,"path_per_floor":["M","M","M","M","M","R","E"],"character_chosen":"THE_SILENT","items_purchased":[],"campfire_rested":1,"item_purchase_floors":[],"current_hp_per_floor":[62,56,39,19,3,24,0,0],"gold":165,"neow_bonus":"RANDOM_COLORLESS_2","is_daily":false,"chose_seed":false,"campfire_upgraded":0,"win_rate":0.0,"timestamp":1609136482,"path_taken":["M","?","M","?","M","R","E"],"items_purchased_type":[],"build_version":"2020-12-22","purchased_purges":0,"victory":false,"max_hp_per_floor":[70,70,70,70,70,70,70,70],"card_choices":[{"not_picked":["Mayhem","Transmutation"],"picked":"Sadistic Nature","floor":0.0},{"not_picked":["Poisoned Stab","Acrobatics"],"picked":"Infinite Blades","floor":1.0},{"not_picked":["Bane","Dagger Spray"],"picked":"PiercingWail","floor":2.0},{"not_picked":["Flying Knee","Sucker Punch"],"picked":"Wraith Form v2","floor":3.0},{"not_picked":["PiercingWail","Quick Slash"],"picked":"Blur","floor":4.0},{"not_picked":["Bane","Prepared"],"picked":"Riddle With Holes","floor":5}],"player_experience":1238227,"relics_obtained":[],"event_choices":[],"is_beta":false,"boss_relics":[],"items_purged_floors":[],"is_endless":false,"potions_floor_spawned":[4,5],"killed_by":"Lagavulin","ascension_level":9}}