{"host":"a484oiac96svwyi6","time":1609186534,"event":{"mods":["2.2 Compatiblity","AchievementEnabler","Act Like it!","Astrologer","Bartender","BaseMod","Better Altar","Better Match","Better Sensory Stone","Better Skull","Better Third Choice","Better-Laid Plans","BetterRewards","Block Reminder","Challenge The Spire","Chaotic Spire","Clawfect","Clockwork Mod","Colored Map","Colored Powertips","Conjunction","Conspire","Curses Come First","Custom Start","Dio Mod","Displayed Cursed Tome","Downfall","Gensokyo","GifTheSpireLib","Gold Saver","Googly Eyes","Hallownest","Highlight Path","Hubris","Hyrulean Relics","Infinite Spire","Ironclad Rager","JesterMod","Jorbs\u0027s Wanderer Trilogy","Kratos Character Expansion","Melee Mod","Menagerie","Minty Spire (QoL Compilation)","Quick Restart","RNG Fix","Random Character Button","Relic Filter","Relic Sorter","Relic Stats","Replay The Spire","Retaliation","Shade Mod","Shop Mod","Small Relic Pack","Spikes Relics","StSLib","Stuff the Spire","SuperFastMode","Synergy Search","The Accelerator","The Animator","The Bladedancer","The Blue Laboratory","The Cursed","The Disciple","The Fake Hero","The Florist","The Jungle","The Mystic","The Necromancer","The Poker Player","The Runesmith","The Sage","TheBandit","TheHero","TheVacant","Trackpad","Transform Curses","Uncapped","Unceasing Turn Reminder","Virulent Crown","[IsaacMod]????","[JumpMod]????","everything is the same but u backflip on backflip","vexMod"],"gold_per_floor":[1510,1520,1329,1329,1339,1339,1365,1365,1365,1383,1412,1412,1106,1141,1141,1220,1220,1235,1235,1250,1270,1287,1287,1287,1287],"floor_reached":24,"playtime":5251,"items_purged":[],"score":707,"play_id":"018c6010-3710-483a-a840-31fe020d2d00","local_time":"20201228151534","is_ascension_mode":true,"campfire_choices":[{"data":"dioMod:DoubleTime","floor":6.0,"key":"SMITH"},{"floor":8.0,"key":"REST"},{"floor":15.0,"key":"REST"},{"data":"dioMod:MudaMudaMuda","floor":23.0,"key":"SMITH"}],"circlet_count":0,"master_deck":["AscendersBane","dioMod:Strike","dioMod:Strike","dioMod:Strike","dioMod:Strike","Bite","dioMod:Defend","dioMod:Defend","dioMod:Defend","dioMod:Defend","dioMod:Muda","dioMod:DoubleTime+1","dioMod:MudaMudaMuda+1","dioMod:DaggerToss","dioMod:DaggerToss","dioMod:ComboFever","dioMod:DominatingPresence","dioMod:DominatingPresence","dioMod:DaggerToss","dioMod:MudaMudaMuda+1","dioMod:LaserVision","dioMod:Muda","dioMod:Muda","dioMod:TheWalk","dioMod:LaserVision","dioMod:BlendIn","dioMod:DaggerToss"],"relics":["dioMod:VampireBlood","HushsDoor","HowToJump","DeadEye","StuffTheSpire:Nightcore","Lantern","Membership Card","RoseTintedShades","trackpad:Compendium","jesterMod:MirrorMask","hubris:OldNail","UnicornStump","RollingBoulder","Oddly Smooth Stone","vexMod:InvisibilityCloak","HandDrill","Mirror","Painkiller Herb"],"acts_visited":["Exordium","TheCity"],"potions_floor_usage":[24],"damage_taken":[{"damage":0.0,"enemies":"Cultist","floor":1.0,"turns":2.0},{"damage":5.0,"enemies":"2 Louse","floor":2.0,"turns":2.0},{"damage":0.0,"enemies":"Small Slimes","floor":5.0,"turns":2.0},{"damage":18.0,"enemies":"Lagavulin","floor":7.0,"turns":7.0},{"damage":11.0,"enemies":"Gremlin Gang","floor":10.0,"turns":2.0},{"damage":0.0,"enemies":"Gremlin Nob","floor":11.0,"turns":2.0},{"damage":30.0,"enemies":"3 Sentries","floor":14.0,"turns":3.0},{"damage":43.0,"enemies":"The Guardian","floor":16.0,"turns":4.0},{"damage":0.0,"enemies":"Spheric Guardian","floor":18.0,"turns":3.0},{"damage":10.0,"enemies":"Shell Parasite","floor":20.0,"turns":3.0},{"damage":0.0,"enemies":"Sentry and Sphere","floor":21.0,"turns":4.0},{"damage":0.0,"enemies":"Shelled Parasite and Fungi","floor":22.0,"turns":1.0},{"damage":79,"enemies":"Nightmare","floor":24,"turns":7}],"seed_played":"-8360015625591049646","potions_obtained":[{"floor":1.0,"key":"EssenceOfSteel"},{"floor":7.0,"key":"DuplicationPotion"},{"floor":18.0,"key":"Slimebound:ThreeZeroPotion"}],"is_trial":false,"path_per_floor":["M","M","$","?","M","R","E","R","T","M","E","?","$","E","R","B",null,"?","?","?","?","?","T","NM"],"character_chosen":"THE_DEFAULT","items_purchased":["dioMod:Muda","dioMod:DoubleTime","dioMod:MudaMudaMuda","dioMod:DaggerToss","StuffTheSpire:Nightcore","Lantern","Membership Card","dioMod:DaggerToss","RoseTintedShades","dioMod:DominatingPresence","trackpad:Compendium","jesterMod:MirrorMask","Oddly Smooth Stone","vexMod:InvisibilityCloak","HandDrill"],"campfire_rested":2,"item_purchase_floors":[0,0,0,0,0,0,0,0,0,3,3,3,13,13,13],"current_hp_per_floor":[68,69,69,69,70,70,57,70,70,62,65,65,65,44,65,25,59,62,62,55,63,69,69,0,0],"gold":1287,"neow_bonus":"","is_daily":false,"chose_seed":false,"campfire_upgraded":2,"win_rate":0.0,"timestamp":1609186534,"path_taken":["M","M","$","?","M","R","E","R","T","M","E","?","?","E","R","BOSS","?","?","?","?","?","T","NM"],"items_purchased_type":["Card","Card","Card","Card","Relic","Relic","Relic","Card","Relic","Card","Relic","Relic","Relic","Relic","Relic"],"build_version":"2020-12-22","purchased_purges":0,"victory":false,"max_hp_per_floor":[70,70,70,70,70,70,70,70,70,70,70,70,70,70,70,70,70,70,70,70,70,70,70,70,70],"relic_stats":{"counters":[221,706],"HandDrill":[12],"obtain_stats":[{"Replay:Accelerometer":6,"trackpad:Mousetrap":26,"StuffTheSpire:Rhapsscallions":42,"Spirit Poop":22,"StuffTheSpire:BottledEssence":0,"DeadEye":43,"hubris:MysteriousPyramids":38,"Sling":0,"Blood Vial":26,"vexMod:InvisibilityCloak":0,"infinitespire:ShieldingShard":0,"HandDrill":0,"Replay:Bottled Steam":0,"MerchantsRug":5,"PunchingBag":4,"Eternal Feather":0,"StuffTheSpire:Wildfire":0,"Pen Nib":0,"infinitespire:Magic Flask":0,"Akabeko":0,"infinitespire:EvilPickle":39,"dioMod:VampireBlood":0,"StuffTheSpire:MayFlowers":0,"infinitespire:Broken Mirror":0,"Bird Faced Urn":0,"Unceasing Top":0,"hubris:Reverence":30,"vexMod:PlasmaPancake":0,"Regal Pillow":0,"Torii":0,"StuffTheSpire:GrapeVine":25,"hubris:EmptyBottle":0,"Ancient Tea Set":9,"Pet Ghost":3,"conspire:InfiniteJournal":0,"StuffTheSpire:Gunfinga":0,"hubris:Backtick":20,"Toolbox":0,"hubris:CuriousFeather":0,"Chemical X":0,"Replay:Bottled Eggs":0,"InkBottle":0,"Potion Belt":40,"Lee\u0027s Waffle":0,"hubris:64BitClover":0,"PreservedInsect":15,"hubris:Towel":36,"Replay:Arrowhead":2,"StuffTheSpire:Mouthbags":0,"TheBible":42,"Ornamental Fan":0,"Art of War":0,"SpikesRelics:DaevaFist":0,"Garlic":0,"Durian":0,"conspire:DeflatedDodgeball":0,"hubris:BottledRain":48,"Ice Cream":0,"ShockBauble":37,"Calipers":48,"conspire:RoyalGoblet":21,"Gremlin Horn":0,"trackpad:ToughGloves":9,"Centennial Puzzle":43,"Prayer Wheel":0,"Iron Hammer":3,"LugNut":0,"Girya":0,"hubris:DuctTape":0,"StuffTheSpire:ForceGauntlet":19,"vexMod:PaidLearning":0,"hubris:Zylophone":37,"Du-Vu Doll":42,"OrangePellets":0,"conspire:GiftBox":0,"Onion Ring":0,"hubris:PeanutButter":0,"StuffTheSpire:PointBlank":0,"infinitespire:EmpoweringShard":0,"CosmicIsotope":34,"Mirror":0,"ReplayTheSpireMod:DimensionalGlitch":17,"StuffTheSpire:OldFever":19,"Enchiridion":21,"Juzu Bracelet":0,"Replay:Mystery Machine":6,"vexMod:Spyglass":0,"conspire:TopHat":0,"Dream Catcher":27,"Nunchaku":11,"hubris:Icosahedron":4,"MiniBlackHole":0,"trackpad:Compendium":3,"StuffTheSpire:Nightcore":0,"Guide Book":0,"infinitespire:FocusingShard":0,"Replay:WaspNest":0,"hubris:MedicalManual":0,"vexMod:FocusSash":41,"Medical Kit":0,"Mercury Hourglass":0,"vexMod:Dragonfruit":0,"Strange Spoon":0,"Cauldron":37,"Pondfish Scales":0,"vexMod:BarristanHead":0,"infinitespire:Satchel":45,"StuffTheSpire:CocoNut":0,"Bag of Marbles":0,"Membership Card":2,"FossilizedHelix":0,"hubris:OldNail":0,"infinitespire:BottledMercury":31,"Golden Egg":0,"vexMod:MemoryStick":42,"Conjunction:SoulLantern":13,"Whetstone":0,"Ginger":0,"Boot":0,"relicPack:OneForAll":19,"Replay:Ringing Soul":0,"ZombieTooth":0,"vexMod:CardConverter":0,"infinitespire:Golems Mask":0,"MealTicket":8,"Kunai":0,"Replay:Wax Seal":0,"conspire:TreasureMap":0,"Pear":9,"GiantMaggot":0,"Counterbalance":0,"hubris:SphereOfDissonance":42,"vexMod:MysteryBossChallenge":34,"Runic Dome":34,"hubris:TenFootPole":10,"HushsDoor":4,"infinitespire:PuzzleCube":0,"relicPack:WeightedSword":38,"WizardHat":0,"Lantern":0,"hubris:Metronome":0,"UnicornStump":9,"RoseTintedShades":0,"Blue Doll":0,"Rawhide":0,"Painkiller Herb":17,"StuffTheSpire:EmeraldSignet":0,"Bag of Preparation":45,"Replay:Multitool":0,"HeavenlyBonsai":0,"jesterMod:MirrorMask":3,"Replay:Rubber Ducky":0,"Shovel":0,"Matryoshka":0,"Ninja Scroll":20,"hubris:ScarierMask":34,"Replay:Lucky Slots":0,"hubris:FunFungus":0,"StuffTheSpire:RedRose":2,"BicycleWheel":0,"hubris:GlazedTorus":0,"StuffTheSpire:TintedRock":0,"CherryCoatedStake":44,"StuffTheSpire:Saxophone":0,"StuffTheSpire:Expresso":0,"Thread and Needle":28,"infinitespire:Joker Card":0,"Omamori":0,"infinitespire:CheckeredPen":0,"Frozen Egg 2":0,"Bloody Idol":20,"Orrery":28,"Turnip":0,"Bottled Lightning":0,"ReplayTheSpireMod:Lightbulb":0,"Toy Ornithopter":0,"CeramicFish":0,"Vajra":0,"conspire:SeveredTorchhead":17,"Lizard Tail":0,"SpikesRelics:ToyHorsey":8,"HornCleat":0,"DollysMirror":41,"conspire:DecoderRing":6,"Strawberry":0,"trackpad:WritersBlock":28,"Toxic Egg 2":0,"vexMod:RetaliationKit":0,"conspire:Dentures":0,"Happy Flower":0,"vexMod:ScavengeHelm":0,"trackpad:SappingStone":44,"Oddly Smooth Stone":0,"infinitespire:Beetle Shell":31,"Letter Opener":49,"Replay:Kaleidoscope":0,"War Paint":0,"Question Card":0,"Bottled Flame":0,"Replay:Baseball":0,"ReplayTheSpireMod:Shallot":0,"Shuriken":0,"Bronze Scales":0,"Molten Egg 2":26,"Simple Rune":0,"StuffTheSpire:DarkSteelAnvil":0,"Black Star":17,"ReplayTheSpireMod:TigerMarble":0,"hubris:ToyBattleship":0,"Grinning Jar":21,"Meat on the Bone":0,"ReplayFunnel":0,"Darkstone Periapt":0,"SnailShell":0,"RetroEgg":0,"SacredBark":17,"Mango":0,"BrokenLever":0,"conspire:SpecialSausage":34,"trackpad:PetRock":4,"hubris:SlimyHat":0,"ClockworkSouvenir":0,"Frozen Eye":0,"Replay:Bandana":0,"Mummified Hand":0,"Pantograph":9,"StuffTheSpire:HeavyRock":0,"Tiny Chest":0,"RollingBoulder":0,"StuffTheSpire:Tea":0,"Gremlin Food":0,"BargainBundle":0,"ReplayTheSpireMod:Ninjato":0,"HowToJump":0,"Replay:Towering Pillar of Hats":0,"Quantum Egg":0,"SuspiciousGoo":0,"Orichalcum":12,"White Beast Statue":14,"Sandwich":34,"Anchor":0,"CaptainsWheel":0,"infinitespire:WardingShard":0,"vexMod:HeadHunter":0,"ChewingGum":34,"Snack Pack":0,"StuffTheSpire:RubySignet":0,"StuffTheSpire:Kangaroo":34,"TungstenRod":0,"hubris:Potato":7},{"Replay:Accelerometer":128,"trackpad:Mousetrap":194,"StuffTheSpire:Rhapsscallions":145,"Spirit Poop":30,"StuffTheSpire:BottledEssence":42,"DeadEye":203,"hubris:MysteriousPyramids":118,"Sling":46,"Blood Vial":31,"vexMod:InvisibilityCloak":46,"infinitespire:ShieldingShard":46,"HandDrill":46,"Replay:Bottled Steam":46,"MerchantsRug":50,"PunchingBag":179,"Eternal Feather":46,"StuffTheSpire:Wildfire":46,"Pen Nib":46,"infinitespire:Magic Flask":46,"Akabeko":21,"infinitespire:EvilPickle":171,"dioMod:VampireBlood":0,"StuffTheSpire:MayFlowers":46,"infinitespire:Broken Mirror":46,"Bird Faced Urn":46,"Unceasing Top":46,"hubris:Reverence":33,"vexMod:PlasmaPancake":46,"Regal Pillow":46,"Torii":46,"StuffTheSpire:GrapeVine":138,"hubris:EmptyBottle":46,"Ancient Tea Set":25,"Pet Ghost":1,"conspire:InfiniteJournal":46,"StuffTheSpire:Gunfinga":46,"hubris:Backtick":79,"Toolbox":21,"hubris:CuriousFeather":46,"Chemical X":46,"Replay:Bottled Eggs":46,"InkBottle":46,"Potion Belt":36,"Lee\u0027s Waffle":46,"hubris:64BitClover":46,"PreservedInsect":27,"hubris:Towel":168,"Replay:Arrowhead":43,"StuffTheSpire:Mouthbags":46,"TheBible":203,"Ornamental Fan":46,"Art of War":46,"SpikesRelics:DaevaFist":46,"Garlic":46,"Durian":46,"conspire:DeflatedDodgeball":46,"hubris:BottledRain":207,"Ice Cream":46,"ShockBauble":35,"Calipers":122,"conspire:RoyalGoblet":8,"Gremlin Horn":46,"trackpad:ToughGloves":182,"Centennial Puzzle":37,"Prayer Wheel":46,"Iron Hammer":22,"LugNut":46,"Girya":46,"hubris:DuctTape":46,"StuffTheSpire:ForceGauntlet":158,"vexMod:PaidLearning":46,"hubris:Zylophone":89,"Du-Vu Doll":145,"OrangePellets":46,"conspire:GiftBox":46,"Onion Ring":46,"hubris:PeanutButter":46,"StuffTheSpire:PointBlank":46,"infinitespire:EmpoweringShard":46,"CosmicIsotope":141,"Mirror":46,"ReplayTheSpireMod:DimensionalGlitch":77,"StuffTheSpire:OldFever":29,"Enchiridion":159,"Juzu Bracelet":46,"Replay:Mystery Machine":2,"vexMod:Spyglass":46,"conspire:TopHat":46,"Dream Catcher":10,"Nunchaku":25,"hubris:Icosahedron":22,"MiniBlackHole":46,"trackpad:Compendium":210,"StuffTheSpire:Nightcore":46,"Guide Book":46,"infinitespire:FocusingShard":46,"Replay:WaspNest":46,"hubris:MedicalManual":46,"vexMod:FocusSash":37,"Medical Kit":46,"Mercury Hourglass":46,"vexMod:Dragonfruit":46,"Strange Spoon":46,"Cauldron":65,"Pondfish Scales":46,"vexMod:BarristanHead":46,"infinitespire:Satchel":18,"StuffTheSpire:CocoNut":46,"Bag of Marbles":46,"Membership Card":43,"FossilizedHelix":46,"hubris:OldNail":46,"infinitespire:BottledMercury":12,"Golden Egg":46,"vexMod:MemoryStick":17,"Conjunction:SoulLantern":54,"Whetstone":46,"Ginger":46,"Boot":46,"relicPack:OneForAll":8,"Replay:Ringing Soul":46,"ZombieTooth":46,"vexMod:CardConverter":46,"infinitespire:Golems Mask":46,"MealTicket":129,"Kunai":46,"Replay:Wax Seal":176,"conspire:TreasureMap":46,"Pear":45,"GiantMaggot":46,"Counterbalance":46,"hubris:SphereOfDissonance":17,"vexMod:MysteryBossChallenge":63,"Runic Dome":63,"hubris:TenFootPole":25,"HushsDoor":179,"infinitespire:PuzzleCube":46,"relicPack:WeightedSword":142,"WizardHat":46,"Lantern":46,"hubris:Metronome":46,"UnicornStump":212,"RoseTintedShades":42,"Blue Doll":46,"Rawhide":46,"Painkiller Herb":216,"StuffTheSpire:EmeraldSignet":46,"Bag of Preparation":18,"Replay:Multitool":46,"HeavenlyBonsai":46,"jesterMod:MirrorMask":210,"Replay:Rubber Ducky":46,"Shovel":21,"Matryoshka":46,"Ninja Scroll":79,"hubris:ScarierMask":13,"Replay:Lucky Slots":46,"hubris:FunFungus":46,"StuffTheSpire:RedRose":22,"BicycleWheel":46,"hubris:GlazedTorus":46,"StuffTheSpire:TintedRock":46,"CherryCoatedStake":146,"StuffTheSpire:Saxophone":46,"StuffTheSpire:Expresso":46,"Thread and Needle":32,"infinitespire:Joker Card":46,"Omamori":46,"infinitespire:CheckeredPen":46,"Frozen Egg 2":42,"Bloody Idol":58,"Orrery":61,"Turnip":46,"Bottled Lightning":46,"ReplayTheSpireMod:Lightbulb":46,"Toy Ornithopter":46,"CeramicFish":46,"Vajra":46,"conspire:SeveredTorchhead":188,"Lizard Tail":46,"SpikesRelics:ToyHorsey":25,"HornCleat":46,"DollysMirror":16,"conspire:DecoderRing":24,"Strawberry":46,"trackpad:WritersBlock":195,"Toxic Egg 2":46,"vexMod:RetaliationKit":46,"conspire:Dentures":46,"Happy Flower":46,"vexMod:ScavengeHelm":46,"trackpad:SappingStone":204,"Oddly Smooth Stone":46,"infinitespire:Beetle Shell":12,"Letter Opener":41,"Replay:Kaleidoscope":46,"War Paint":46,"Question Card":46,"Bottled Flame":46,"Replay:Baseball":46,"ReplayTheSpireMod:Shallot":46,"Shuriken":46,"Bronze Scales":46,"Molten Egg 2":10,"Simple Rune":46,"StuffTheSpire:DarkSteelAnvil":46,"Black Star":7,"ReplayTheSpireMod:TigerMarble":42,"hubris:ToyBattleship":46,"Grinning Jar":8,"Meat on the Bone":46,"ReplayFunnel":46,"Darkstone Periapt":46,"SnailShell":46,"RetroEgg":46,"SacredBark":105,"Mango":46,"BrokenLever":46,"conspire:SpecialSausage":115,"trackpad:PetRock":179,"hubris:SlimyHat":46,"ClockworkSouvenir":46,"Frozen Eye":46,"Replay:Bandana":46,"Mummified Hand":46,"Pantograph":4,"StuffTheSpire:HeavyRock":46,"Tiny Chest":46,"RollingBoulder":46,"StuffTheSpire:Tea":46,"Gremlin Food":46,"BargainBundle":42,"ReplayTheSpireMod:Ninjato":46,"HowToJump":0,"Replay:Towering Pillar of Hats":46,"Quantum Egg":21,"SuspiciousGoo":46,"Orichalcum":54,"White Beast Statue":6,"Sandwich":197,"Anchor":46,"CaptainsWheel":46,"infinitespire:WardingShard":46,"vexMod:HeadHunter":46,"ChewingGum":34,"Snack Pack":46,"StuffTheSpire:RubySignet":46,"StuffTheSpire:Kangaroo":87,"TungstenRod":46,"hubris:Potato":73},{"Replay:Accelerometer":406,"trackpad:Mousetrap":630,"StuffTheSpire:Rhapsscallions":499,"Spirit Poop":146,"StuffTheSpire:BottledEssence":175,"DeadEye":657,"hubris:MysteriousPyramids":379,"Sling":190,"Blood Vial":148,"vexMod:InvisibilityCloak":190,"infinitespire:ShieldingShard":190,"HandDrill":190,"Replay:Bottled Steam":190,"MerchantsRug":200,"PunchingBag":575,"Eternal Feather":190,"StuffTheSpire:Wildfire":190,"Pen Nib":190,"infinitespire:Magic Flask":190,"Akabeko":118,"infinitespire:EvilPickle":556,"dioMod:VampireBlood":0,"StuffTheSpire:MayFlowers":190,"infinitespire:Broken Mirror":190,"Bird Faced Urn":190,"Unceasing Top":190,"hubris:Reverence":154,"vexMod:PlasmaPancake":190,"Regal Pillow":190,"Torii":190,"StuffTheSpire:GrapeVine":461,"hubris:EmptyBottle":190,"Ancient Tea Set":129,"Pet Ghost":4,"conspire:InfiniteJournal":190,"StuffTheSpire:Gunfinga":190,"hubris:Backtick":313,"Toolbox":118,"hubris:CuriousFeather":190,"Chemical X":190,"Replay:Bottled Eggs":190,"InkBottle":190,"Potion Belt":160,"Lee\u0027s Waffle":190,"hubris:64BitClover":190,"PreservedInsect":131,"hubris:Towel":551,"Replay:Arrowhead":176,"StuffTheSpire:Mouthbags":190,"TheBible":657,"Ornamental Fan":190,"Art of War":190,"SpikesRelics:DaevaFist":190,"Garlic":190,"Durian":190,"conspire:DeflatedDodgeball":190,"hubris:BottledRain":663,"Ice Cream":190,"ShockBauble":159,"Calipers":386,"conspire:RoyalGoblet":42,"Gremlin Horn":190,"trackpad:ToughGloves":584,"Centennial Puzzle":161,"Prayer Wheel":190,"Iron Hammer":121,"LugNut":190,"Girya":190,"hubris:DuctTape":190,"StuffTheSpire:ForceGauntlet":531,"vexMod:PaidLearning":190,"hubris:Zylophone":326,"Du-Vu Doll":499,"OrangePellets":190,"conspire:GiftBox":190,"Onion Ring":190,"hubris:PeanutButter":190,"StuffTheSpire:PointBlank":190,"infinitespire:EmpoweringShard":190,"CosmicIsotope":483,"Mirror":190,"ReplayTheSpireMod:DimensionalGlitch":309,"StuffTheSpire:OldFever":143,"Enchiridion":533,"Juzu Bracelet":190,"Replay:Mystery Machine":10,"vexMod:Spyglass":190,"conspire:TopHat":190,"Dream Catcher":52,"Nunchaku":129,"hubris:Icosahedron":121,"MiniBlackHole":190,"trackpad:Compendium":669,"StuffTheSpire:Nightcore":190,"Guide Book":190,"infinitespire:FocusingShard":190,"Replay:WaspNest":190,"hubris:MedicalManual":190,"vexMod:FocusSash":161,"Medical Kit":190,"Mercury Hourglass":190,"vexMod:Dragonfruit":190,"Strange Spoon":190,"Cauldron":281,"Pondfish Scales":190,"vexMod:BarristanHead":190,"infinitespire:Satchel":99,"StuffTheSpire:CocoNut":190,"Bag of Marbles":190,"Membership Card":176,"FossilizedHelix":190,"hubris:OldNail":190,"infinitespire:BottledMercury":61,"Golden Egg":190,"vexMod:MemoryStick":91,"Conjunction:SoulLantern":223,"Whetstone":190,"Ginger":190,"Boot":190,"relicPack:OneForAll":42,"Replay:Ringing Soul":190,"ZombieTooth":190,"vexMod:CardConverter":190,"infinitespire:Golems Mask":190,"MealTicket":409,"Kunai":190,"Replay:Wax Seal":570,"conspire:TreasureMap":190,"Pear":184,"GiantMaggot":190,"Counterbalance":190,"hubris:SphereOfDissonance":91,"vexMod:MysteryBossChallenge":274,"Runic Dome":274,"hubris:TenFootPole":129,"HushsDoor":575,"infinitespire:PuzzleCube":190,"relicPack:WeightedSword":486,"WizardHat":190,"Lantern":190,"hubris:Metronome":190,"UnicornStump":678,"RoseTintedShades":175,"Blue Doll":190,"Rawhide":190,"Painkiller Herb":688,"StuffTheSpire:EmeraldSignet":190,"Bag of Preparation":99,"Replay:Multitool":190,"HeavenlyBonsai":190,"jesterMod:MirrorMask":669,"Replay:Rubber Ducky":190,"Shovel":118,"Matryoshka":190,"Ninja Scroll":313,"hubris:ScarierMask":73,"Replay:Lucky Slots":190,"hubris:FunFungus":190,"StuffTheSpire:RedRose":121,"BicycleWheel":190,"hubris:GlazedTorus":190,"StuffTheSpire:TintedRock":190,"CherryCoatedStake":501,"StuffTheSpire:Saxophone":190,"StuffTheSpire:Expresso":190,"Thread and Needle":150,"infinitespire:Joker Card":190,"Omamori":190,"infinitespire:CheckeredPen":190,"Frozen Egg 2":175,"Bloody Idol":244,"Orrery":256,"Turnip":190,"Bottled Lightning":190,"ReplayTheSpireMod:Lightbulb":190,"Toy Ornithopter":190,"CeramicFish":190,"Vajra":190,"conspire:SeveredTorchhead":607,"Lizard Tail":190,"SpikesRelics:ToyHorsey":129,"HornCleat":190,"DollysMirror":85,"conspire:DecoderRing":126,"Strawberry":190,"trackpad:WritersBlock":632,"Toxic Egg 2":190,"vexMod:RetaliationKit":190,"conspire:Dentures":190,"Happy Flower":190,"vexMod:ScavengeHelm":190,"trackpad:SappingStone":658,"Oddly Smooth Stone":190,"infinitespire:Beetle Shell":61,"Letter Opener":169,"Replay:Kaleidoscope":190,"War Paint":190,"Question Card":190,"Bottled Flame":190,"Replay:Baseball":190,"ReplayTheSpireMod:Shallot":190,"Shuriken":190,"Bronze Scales":190,"Molten Egg 2":52,"Simple Rune":190,"StuffTheSpire:DarkSteelAnvil":190,"Black Star":37,"ReplayTheSpireMod:TigerMarble":175,"hubris:ToyBattleship":190,"Grinning Jar":42,"Meat on the Bone":190,"ReplayFunnel":190,"Darkstone Periapt":190,"SnailShell":190,"RetroEgg":190,"SacredBark":353,"Mango":190,"BrokenLever":190,"conspire:SpecialSausage":375,"trackpad:PetRock":575,"hubris:SlimyHat":190,"ClockworkSouvenir":190,"Frozen Eye":190,"Replay:Bandana":190,"Mummified Hand":190,"Pantograph":15,"StuffTheSpire:HeavyRock":190,"Tiny Chest":190,"RollingBoulder":190,"StuffTheSpire:Tea":190,"Gremlin Food":190,"BargainBundle":175,"ReplayTheSpireMod:Ninjato":190,"HowToJump":0,"Replay:Towering Pillar of Hats":190,"Quantum Egg":118,"SuspiciousGoo":190,"Orichalcum":223,"White Beast Statue":24,"Sandwich":641,"Anchor":190,"CaptainsWheel":190,"infinitespire:WardingShard":190,"vexMod:HeadHunter":190,"ChewingGum":158,"Snack Pack":190,"StuffTheSpire:RubySignet":190,"StuffTheSpire:Kangaroo":324,"TungstenRod":190,"hubris:Potato":301}]},"card_choices":[{"not_picked":["dioMod:VengefulMuda","dioMod:Roundabout","dioMod:BloodShield"],"picked":"SKIP","floor":1.0},{"not_picked":["dioMod:Roundabout","dioMod:Minions"],"picked":"dioMod:ComboFever","floor":2.0},{"not_picked":["dioMod:BloodSplash","dioMod:BloodShield"],"picked":"dioMod:DaggerToss","floor":5.0},{"not_picked":["dioMod:StreetSign","dioMod:ComposedMuda"],"picked":"dioMod:MudaMudaMuda","floor":7.0},{"not_picked":["Bomb","dioMod:StreetSign"],"picked":"dioMod:LaserVision","floor":10.0},{"not_picked":["dioMod:Freeze","dioMod:SlashThroughTime"],"picked":"dioMod:Muda","floor":11.0},{"not_picked":["dioMod:PhantomBlood","dioMod:Despair"],"picked":"dioMod:Muda","floor":14.0},{"not_picked":["dioMod:GoldVial","dioMod:Pluck"],"picked":"dioMod:TheWalk","floor":16.0},{"not_picked":["dioMod:TripleThreat","dioMod:CutDeep+1"],"picked":"dioMod:LaserVision","floor":18.0},{"not_picked":["dioMod:GoodbyeJojo","dioMod:SecretPlan"],"picked":"dioMod:BlendIn","floor":20.0},{"not_picked":["dioMod:FlyAway","dioMod:Roundabout"],"picked":"dioMod:DaggerToss","floor":21.0},{"not_picked":["dioMod:DaggerSpree","dioMod:BlendIn","dioMod:DarkRebirth"],"picked":"SKIP","floor":22.0}],"player_experience":496705,"relics_obtained":[{"floor":7.0,"key":"hubris:OldNail"},{"floor":9.0,"key":"UnicornStump"},{"floor":11.0,"key":"RollingBoulder"},{"floor":14.0,"key":"Mirror"}],"event_choices":[],"is_beta":false,"boss_relics":[{"not_picked":["Snecko Eye","hubris:GrandSneckoEye"],"picked":"Painkiller Herb"},{"not_picked":[]}],"items_purged_floors":[],"is_endless":false,"potions_floor_spawned":[1,7,10,16,18,20],"killed_by":"Nightmare","ascension_level":20}}