{"host":"z9811rt50ti81n54","time":1609154013,"event":{"mods":["BaseMod","Minty Spire (QoL Compilation)"],"gold_per_floor":[117,117,13,30,30,30,63,63,112,137,149,168,193,95,95,200,200,214,214,214,198,29,29,59,72,148,167,167,218,118,33,33,129,129,141,141,156,36,85,85,103,123,177,177,194,210,75,86,86,86,86,86,3,34,34],"floor_reached":56,"playtime":3570,"items_purged":["Strike_B","Strike_B","Strike_B","Defend_B"],"score":1500,"play_id":"31ec1959-c237-417c-bc40-7a6d0dfc8c89","local_time":"20201228201333","is_ascension_mode":true,"campfire_choices":[{"data":"Defragment","floor":6.0,"key":"SMITH"},{"data":"Zap","floor":8.0,"key":"SMITH"},{"data":"Consume","floor":15.0,"key":"SMITH"},{"data":"Defragment","floor":23.0,"key":"SMITH"},{"data":"Machine Learning","floor":32.0,"key":"SMITH"},{"data":"Defend_B","floor":40,"key":"PURGE"},{"floor":49,"key":"RECALL"},{"data":"Static Discharge","floor":52,"key":"SMITH"}],"circlet_count":0,"master_deck":["Zap+1","Dualcast","Hello World+1","FTL","Go for the Eyes","Defragment+1","Consume+1","Glacier","Skim","Glacier","Glacier","Gash","Machine Learning+1","Compile Driver","Leap","Static Discharge+1","Doom and Gloom","Defragment+1","Force Field","Steam Power+1","Conserve Battery+1","Storm","Creative AI","Hologram+1","Chill+1","White Noise+1","Undo+1","Defragment+1","Glacier+1","Master of Strategy","Static Discharge","Hello World","BootSequence+1"],"relics":["Cracked Core","NeowsBlessing","The Courier","PreservedInsect","Blood Vial","Bird Faced Urn","Blue Candle","Coffee Dripper","Nunchaku","Mummified Hand","Pen Nib","HornCleat","SlaversCollar","Peace Pipe","Happy Flower","Mercury Hourglass"],"acts_visited":["Exordium","TheCity","TheBeyond","TheEnding"],"potions_floor_usage":[48,55,55,55],"damage_taken":[{"damage":0.0,"enemies":"2 Louse","floor":1.0,"turns":1.0},{"damage":0.0,"enemies":"Cultist","floor":4.0,"turns":1.0},{"damage":0.0,"enemies":"Lagavulin","floor":7.0,"turns":1.0},{"damage":2.0,"enemies":"3 Sentries","floor":10.0,"turns":3.0},{"damage":1.0,"enemies":"Jaw Worm","floor":11.0,"turns":3.0},{"damage":3.0,"enemies":"Blue Slaver","floor":12.0,"turns":3.0},{"damage":0.0,"enemies":"Lagavulin","floor":13.0,"turns":5.0},{"damage":5.0,"enemies":"The Guardian","floor":16.0,"turns":12.0},{"damage":1.0,"enemies":"Chosen","floor":18.0,"turns":5.0},{"damage":11.0,"enemies":"2 Thieves","floor":21.0,"turns":4.0},{"damage":23.0,"enemies":"Slavers","floor":24.0,"turns":3.0},{"damage":7.0,"enemies":"Snecko","floor":25.0,"turns":7.0},{"damage":0.0,"enemies":"Chosen and Byrds","floor":27.0,"turns":7.0},{"damage":4.0,"enemies":"Champ","floor":33.0,"turns":13.0},{"damage":1,"enemies":"Orb Walker","floor":35,"turns":4},{"damage":0,"enemies":"3 Darklings","floor":37,"turns":4},{"damage":0,"enemies":"2 Orb Walkers","floor":39,"turns":6},{"damage":0,"enemies":"Maw","floor":41,"turns":6},{"damage":4,"enemies":"4 Shapes","floor":42,"turns":4},{"damage":22,"enemies":"Writhing Mass","floor":45,"turns":3},{"damage":0,"enemies":"Maw","floor":46,"turns":6},{"damage":22,"enemies":"Transient","floor":48,"turns":5},{"damage":0,"enemies":"Awakened One","floor":50,"turns":19},{"damage":9,"enemies":"Shield and Spear","floor":54,"turns":7},{"damage":51,"enemies":"The Heart","floor":55,"turns":7}],"seed_played":"9030914063831561966","potions_obtained":[{"floor":1.0,"key":"ColorlessPotion"},{"floor":4.0,"key":"Explosive Potion"},{"floor":10.0,"key":"SteroidPotion"},{"floor":16.0,"key":"Fire Potion"},{"floor":21.0,"key":"AttackPotion"},{"floor":25.0,"key":"GamblersBrew"},{"floor":35,"key":"PowerPotion"},{"floor":39,"key":"LiquidBronze"},{"floor":46,"key":"BlessingOfTheForge"},{"floor":48,"key":"LiquidBronze"}],"is_trial":false,"path_per_floor":["M","?","$","M","?","R","E","R","T","E","M","M","E","$","R","B",null,"M","?","?","M","$","R","E","M","T","M","?","T","$","?","R","B",null,"M","?","M","$","?","R","M","M","T","?","M","M","$","M","R","B",null,"R","$","E","B",null],"character_chosen":"DEFECT","items_purchased":["FTL","Go for the Eyes","Gash","Defragment","Force Field","Master of Strategy","Static Discharge","Hello World"],"campfire_rested":0,"item_purchase_floors":[3,3,14,22,22,47,53,53],"current_hp_per_floor":[75,68,68,68,68,68,68,68,68,68,73,72,75,75,75,70,74,75,75,75,70,70,70,54,59,59,71,71,71,71,71,71,71,74,75,75,75,75,75,75,75,75,75,75,67,75,75,75,75,75,75,75,75,75,38],"gold":34,"neow_bonus":"THREE_ENEMY_KILL","is_daily":false,"chose_seed":false,"campfire_upgraded":6,"win_rate":0.0,"timestamp":1609154013,"path_taken":["M","?","$","M","?","R","E","R","T","E","M","M","E","$","R","BOSS","M","?","?","M","?","R","E","M","T","?","?","?","$","?","R","BOSS","M","?","?","$","?","R","M","M","T","?","M","?","$","M","R","BOSS","R","$","E","BOSS"],"items_purchased_type":["Card","Card","Card","Card","Card","Card","Card","Card"],"build_version":"2020-12-22","purchased_purges":4,"victory":true,"max_hp_per_floor":[75,75,75,75,75,75,75,75,75,75,75,75,75,75,75,75,75,75,75,75,75,75,75,75,75,75,75,75,75,75,75,75,75,75,75,75,75,75,75,75,75,75,75,75,75,75,75,75,75,75,75,75,75,75,75],"card_choices":[{"not_picked":["Chill","Storm"],"picked":"Hello World","floor":1.0},{"not_picked":["Cold Snap","Coolheaded"],"picked":"Defragment","floor":4.0},{"not_picked":["Redo","Conserve Battery"],"picked":"Consume","floor":7.0},{"not_picked":["Hello World","Doom and Gloom"],"picked":"Glacier","floor":10.0},{"not_picked":["Aggregate","Leap"],"picked":"Skim","floor":11.0},{"not_picked":["Beam Cell","BootSequence"],"picked":"Glacier","floor":12.0},{"not_picked":["Conserve Battery","Steam"],"picked":"Glacier","floor":13.0},{"not_picked":["Hyperbeam","Seek"],"picked":"Machine Learning","floor":16.0},{"not_picked":["Turbo","Hologram"],"picked":"Compile Driver","floor":18.0},{"not_picked":["Leap","Stack"],"picked":"Doom and Gloom","floor":21.0},{"not_picked":["Hello World","Hyperbeam"],"picked":"Steam Power+1","floor":24.0},{"not_picked":["Hologram","Double Energy"],"picked":"Conserve Battery+1","floor":25.0},{"not_picked":["Redo","Conserve Battery"],"picked":"Storm","floor":27.0},{"not_picked":["Machine Learning","All For One"],"picked":"Creative AI","floor":33.0},{"not_picked":["Steam+1","Stack+1"],"picked":"Hologram+1","floor":35},{"not_picked":["Ball Lightning","Streamline+1"],"picked":"Chill+1","floor":37},{"not_picked":["Sweeping Beam","Chill"],"picked":"White Noise+1","floor":39},{"not_picked":["Compile Driver","Rebound+1"],"picked":"Undo+1","floor":41},{"not_picked":["Gash","Sweeping Beam+1","Rip and Tear+1"],"picked":"SKIP","floor":42},{"not_picked":["Melter","Cold Snap+1","Steam"],"picked":"SKIP","floor":45},{"not_picked":["Skim","Turbo+1"],"picked":"Glacier+1","floor":46},{"not_picked":["Sunder+1","Tempest+1","Sweeping Beam+1"],"picked":"SKIP","floor":48},{"not_picked":["Sweeping Beam+1","Steam"],"picked":"BootSequence+1","floor":54}],"player_experience":249673,"relics_obtained":[{"floor":7.0,"key":"PreservedInsect"},{"floor":9.0,"key":"Blood Vial"},{"floor":10.0,"key":"Bird Faced Urn"},{"floor":13.0,"key":"Blue Candle"},{"floor":24.0,"key":"Nunchaku"},{"floor":26.0,"key":"Mummified Hand"},{"floor":39,"key":"Peace Pipe"},{"floor":43,"key":"Happy Flower"},{"floor":54,"key":"Mercury Hourglass"}],"event_choices":[{"damage_healed":0.0,"max_hp_gain":0.0,"max_hp_loss":0.0,"gold_gain":0.0,"event_name":"Scrap Ooze","player_choice":"Success","floor":2.0,"gold_loss":0.0,"damage_taken":7.0,"relics_obtained":["The Courier"]},{"damage_healed":0.0,"max_hp_gain":0.0,"max_hp_loss":0.0,"gold_gain":0.0,"event_name":"Upgrade Shrine","player_choice":"Upgraded","floor":5.0,"gold_loss":0.0,"damage_taken":0.0,"cards_upgraded":["Hello World"]},{"damage_healed":0.0,"max_hp_gain":0.0,"max_hp_loss":0.0,"gold_gain":0.0,"cards_transformed":["Defend_B","Defend_B"],"event_name":"Drug Dealer","player_choice":"Became Test Subject","floor":19.0,"gold_loss":0.0,"damage_taken":0.0,"cards_obtained":["Leap","Static Discharge"]},{"damage_healed":0.0,"max_hp_gain":0.0,"max_hp_loss":0.0,"gold_gain":0.0,"event_name":"Ghosts","player_choice":"Ignored","floor":20.0,"gold_loss":0.0,"damage_taken":0.0},{"damage_healed":0.0,"max_hp_gain":0.0,"max_hp_loss":0.0,"gold_gain":0.0,"event_name":"The Mausoleum","player_choice":"Opened","floor":28.0,"gold_loss":0.0,"damage_taken":0.0,"relics_obtained":["Pen Nib"]},{"damage_healed":0.0,"max_hp_gain":0.0,"max_hp_loss":0.0,"gold_gain":0.0,"event_name":"Addict","player_choice":"Obtained Relic","floor":31.0,"gold_loss":85.0,"damage_taken":0.0,"relics_obtained":["HornCleat"]},{"cards_removed":["Strike_B"],"damage_healed":0,"gold_gain":0,"player_choice":"Purged","damage_taken":0,"max_hp_gain":0,"max_hp_loss":0,"event_name":"Purifier","floor":36,"gold_loss":0},{"damage_healed":0,"gold_gain":0,"player_choice":"Fight","damage_taken":0,"max_hp_gain":0,"max_hp_loss":0,"event_name":"Mysterious Sphere","floor":39,"gold_loss":0},{"damage_healed":0,"gold_gain":0,"player_choice":"Copied","damage_taken":0,"max_hp_gain":0,"max_hp_loss":0,"event_name":"Duplicator","floor":44,"gold_loss":0,"cards_obtained":["Defragment"]}],"is_beta":false,"boss_relics":[{"not_picked":["Runic Pyramid","Velvet Choker"],"picked":"Coffee Dripper"},{"not_picked":["Inserter","Snecko Eye"],"picked":"SlaversCollar"}],"items_purged_floors":[14,22,30,38],"is_endless":false,"potions_floor_spawned":[1,4,10,16,21,25,35,39,46,48],"ascension_level":5}}