{"host":"f14d6hm2349s9jse","time":1609173496,"event":{"mods":["2.2 Compatiblity","BaseMod","Minty Spire (QoL Compilation)","StSLib","The Exalted"],"gold_per_floor":[117,8,18,18,33,66,93,93,93,109,109,128,98,126,126,227,227,227],"floor_reached":17,"playtime":1878,"items_purged":[],"score":165,"play_id":"9ee578ce-1379-41ee-9581-518305948ed2","local_time":"20201228113816","is_ascension_mode":false,"campfire_choices":[{"floor":8,"key":"REST"},{"floor":15,"key":"REST"}],"circlet_count":0,"master_deck":["Bromod:Strike_Bro","Bromod:Strike_Bro","Bromod:Strike_Bro","Bromod:Defend_Bro","Bromod:Defend_Bro","Bromod:Defend_Bro","Bromod:Defend_Bro","Bromod:SlashDash","Bromod:SlashDash","Bromod:SlashDash","Bromod:FinishingTouch","Bromod:NoReturn","Bromod:SeismicWave","Bromod:FastHands","Bromod:FastHands","Bromod:SpeedTrigger","Bromod:ExaltedBlade","Bromod:Stretch","Bromod:SteelCharge+1","Bromod:BulletJump","Bromod:SteelCharge+1","Bromod:ToxicBarrage"],"relics":["Bromod:Ordis","Bromod:AscarisDevice","NeowsBlessing","Mango","Odd Mushroom","Shovel","Frozen Egg 2","Meat on the Bone","Cursed Key"],"acts_visited":["Exordium","TheCity"],"potions_floor_usage":[6,7],"damage_taken":[{"damage":0,"enemies":"Cultist","floor":1,"turns":1},{"damage":0,"enemies":"2 Louse","floor":3,"turns":1},{"damage":0,"enemies":"Jaw Worm","floor":5,"turns":1},{"damage":40,"enemies":"Gremlin Nob","floor":6,"turns":6},{"damage":18,"enemies":"The Mushroom Lair","floor":7,"turns":6},{"damage":1,"enemies":"Exordium Wildlife","floor":10,"turns":4},{"damage":6,"enemies":"2 Fungi Beasts","floor":12,"turns":3},{"damage":5,"enemies":"Looter","floor":13,"turns":4},{"damage":13,"enemies":"Lagavulin","floor":14,"turns":8},{"damage":26,"enemies":"Hexaghost","floor":16,"turns":8}],"seed_played":"-8191825774269159956","potions_obtained":[{"floor":1,"key":"Ancient Potion"},{"floor":3,"key":"ColorlessPotion"},{"floor":14,"key":"Bromod:EnergyRestore"}],"is_trial":false,"path_per_floor":["M","$","M","$","M","E","?","R","T","M","T","M","M","E","R","B",null],"character_chosen":"THE_EXALTED","items_purchased":["Bromod:NoReturn","Bromod:SeismicWave"],"campfire_rested":2,"item_purchase_floors":[2,2],"current_hp_per_floor":[75,75,75,75,75,49,31,57,57,56,56,50,45,32,58,44,89,89],"gold":227,"neow_bonus":"THREE_ENEMY_KILL","is_daily":false,"chose_seed":false,"campfire_upgraded":0,"win_rate":0.0,"timestamp":1609173496,"path_taken":["M","$","M","?","M","E","?","R","T","M","?","?","M","E","R","BOSS"],"items_purchased_type":["Card","Card"],"build_version":"2020-12-22","purchased_purges":0,"victory":false,"max_hp_per_floor":[75,75,75,75,75,89,89,89,89,89,89,89,89,89,89,89,89,89],"card_choices":[{"not_picked":["Bromod:Redirection","Bromod:OrganShatter"],"picked":"Bromod:FinishingTouch","floor":1},{"not_picked":["Bromod:PressurePoint","Bromod:Fury"],"picked":"Bromod:FastHands","floor":3},{"not_picked":["Bromod:BriefRespite","Bromod:TacticalPump"],"picked":"Bromod:FastHands","floor":5},{"not_picked":["Bromod:SteelFiber","Bromod:ShatteringImpact"],"picked":"Bromod:SpeedTrigger","floor":6},{"not_picked":["Bromod:SlashDash","Bromod:NorthWind"],"picked":"Bromod:ExaltedBlade","floor":7},{"not_picked":["Bromod:PressurePoint","Bromod:ContagiousSpread"],"picked":"Bromod:Stretch","floor":10},{"not_picked":["Bromod:SlipMagazine+1","Bromod:SeismicWave"],"picked":"Bromod:SteelCharge+1","floor":12},{"not_picked":["Bromod:BriefRespite+1","Bromod:SeismicWave"],"picked":"Bromod:BulletJump","floor":13},{"not_picked":["Bromod:FastHands","Bromod:ConditionOverload"],"picked":"Bromod:SteelCharge+1","floor":14},{"not_picked":["Bromod:Frostbite","Bromod:DriftingContact"],"picked":"Bromod:ToxicBarrage","floor":16}],"player_experience":2463875,"relics_obtained":[{"floor":6,"key":"Mango"},{"floor":7,"key":"Odd Mushroom"},{"floor":9,"key":"Shovel"},{"floor":11,"key":"Frozen Egg 2"},{"floor":14,"key":"Meat on the Bone"}],"event_choices":[{"damage_healed":0,"gold_gain":0,"player_choice":"Fought Mushrooms","damage_taken":0,"max_hp_gain":0,"max_hp_loss":0,"event_name":"Mushrooms","floor":7,"gold_loss":0}],"is_beta":false,"boss_relics":[{"not_picked":["Busted Crown","Bromod:ArcaneGrace"],"picked":"Cursed Key"}],"items_purged_floors":[],"is_endless":false,"potions_floor_spawned":[1,3,14],"ascension_level":0}}