{"host":"j45ucdvl5ntpx4kf","time":1609196985,"event":{"mods":["AchievementEnabler","BaseMod","Bestiary","Colored Map","Colored Powertips","Downfall","Minty Spire (QoL Compilation)","StSLib"],"gold_per_floor":[99,117,174,174,174,174,229,229,244,244,244,260,280,11,31,31,31,31],"floor_reached":16,"playtime":1271,"items_purged":["Regret"],"score":90,"play_id":"94caf535-4b5b-4d70-9e7c-ba4e8e2b7f61","local_time":"20201228180945","is_ascension_mode":false,"campfire_choices":[{"data":"Secret Technique","floor":1,"key":"SMITH"},{"data":"champ:Taunt","floor":10,"key":"SMITH"}],"circlet_count":0,"master_deck":["champ:Strike+1","champ:Defend","champ:Defend+1","champ:Defend+1","champ:Defend","champ:Execute","champ:Taunt+1","Secret Technique+1","champ:FlashCut+1","champ:SteelEdge+1","champ:Shatter","champ:VampiricStrike","champ:Circumvent","champ:PreciseThrust"],"relics":["champ:ChampionCrown","champ:GladiatorsBookOfMartialProwess","Whetstone","Bag of Preparation"],"acts_visited":["Exordium"],"potions_floor_usage":[16,16],"damage_taken":[{"damage":0,"enemies":"Small Slimes","floor":2,"turns":6},{"damage":51,"enemies":"Gremlin Nob","floor":3,"turns":5},{"damage":6,"enemies":"Jaw Worm","floor":9,"turns":4},{"damage":7,"enemies":"2 Louse","floor":12,"turns":1},{"damage":11,"enemies":"Exordium Thugs","floor":13,"turns":5},{"damage":16,"enemies":"downfall:FleeingMerchant","floor":14,"turns":4},{"damage":0,"enemies":"3 Louse","floor":15,"turns":3},{"damage":42,"enemies":"downfall:Silent","floor":16,"turns":20}],"seed_played":"5448830212087819117","potions_obtained":[{"floor":3,"key":"LiquidMemories"},{"floor":15,"key":"BlessingOfTheForge"}],"is_trial":false,"path_per_floor":["R","M","?","?","T","?","T","?","M","R","?","M","M","$","M","B"],"character_chosen":"THE_CHAMP","items_purchased":["champ:Circumvent","Bag of Preparation"],"campfire_rested":0,"item_purchase_floors":[14,14],"current_hp_per_floor":[81,81,40,40,40,40,40,40,39,39,39,37,31,30,36,0,0,0],"gold":31,"neow_bonus":"RANDOM_COLORLESS_2","is_daily":false,"chose_seed":false,"campfire_upgraded":2,"win_rate":0.0,"timestamp":1609196985,"path_taken":["R","M","?","?","?","?","T","?","M","R","?","M","?","$","M","BOSS"],"items_purchased_type":["Card","Relic"],"build_version":"2020-12-22","purchased_purges":1,"victory":false,"max_hp_per_floor":[81,81,81,81,81,81,81,81,81,81,81,81,81,81,81,81,81,81],"card_choices":[{"not_picked":["Master of Strategy","The Bomb"],"picked":"Secret Technique","floor":0},{"not_picked":["champ:FaceSlap","champ:BerserkersShout"],"picked":"champ:FlashCut","floor":2},{"not_picked":["champ:CrookedStrike","champ:GladiatorsShout","champ:TornadoPunch"],"picked":"SKIP","floor":9},{"not_picked":["champ:Backstep","champ:EnGarde"],"picked":"champ:Shatter","floor":12},{"not_picked":["champ:DefensiveShout","champ:AdrenalArmor"],"picked":"champ:VampiricStrike","floor":13},{"not_picked":["champ:RisingSlash","champ:Shatter","champ:FocusedDefense"],"picked":"SKIP","floor":14},{"not_picked":["champ:Backstep","champ:Circumvent"],"picked":"champ:PreciseThrust","floor":15}],"player_experience":150943,"relics_obtained":[{"floor":7,"key":"Whetstone"}],"event_choices":[{"damage_healed":0,"gold_gain":0,"cards_transformed":["champ:Strike"],"player_choice":"Change","damage_taken":0,"max_hp_gain":0,"max_hp_loss":0,"event_name":"Living Wall","floor":6,"gold_loss":0,"cards_obtained":["champ:SteelEdge"]},{"cards_removed":["champ:Strike"],"damage_healed":0,"gold_gain":0,"player_choice":"Card Removal","damage_taken":0,"max_hp_gain":0,"max_hp_loss":0,"event_name":"The Cleric","floor":8,"gold_loss":0}],"is_beta":false,"boss_relics":[],"items_purged_floors":[14],"is_endless":false,"potions_floor_spawned":[3,15],"killed_by":"downfall:Silent","ascension_level":0}}