{"host":"Ian","time":1609162851,"event":{"mods":["BaseMod","Bestiary","Block Reminder","Colored Map","Highlight Path","Key Reminder","Minty Spire (QoL Compilation)","Relic Stats"],"gold_per_floor":[16,36,48,48,66,66,93,93,93,107,134,134,45,45,45],"floor_reached":14,"playtime":494,"items_purged":[],"score":180,"play_id":"cb1feb8e-9fe4-493f-8392-d3e8094fb140","local_time":"20201228134051","is_ascension_mode":true,"campfire_choices":[{"data":"Bash","floor":6,"key":"SMITH"},{"floor":8,"key":"REST"}],"circlet_count":0,"master_deck":["AscendersBane","Strike_R","Strike_R","Strike_R","Strike_R","Strike_R","Defend_R","Defend_R","Defend_R","Defend_R","Bash+1","Wild Strike","Flame Barrier","Clothesline","Shrug It Off","Rage","Fire Breathing"],"relics":["Burning Blood","Ginger","Paper Frog","Blue Candle","Mercury Hourglass","Odd Mushroom","Blood Vial"],"acts_visited":["Exordium"],"potions_floor_usage":[7],"damage_taken":[{"damage":8,"enemies":"2 Louse","floor":1,"turns":2},{"damage":19,"enemies":"Small Slimes","floor":2,"turns":4},{"damage":4,"enemies":"Jaw Worm","floor":3,"turns":5},{"damage":12,"enemies":"3 Louse","floor":5,"turns":4},{"damage":25,"enemies":"Gremlin Nob","floor":7,"turns":4},{"damage":11,"enemies":"2 Fungi Beasts","floor":10,"turns":3},{"damage":17,"enemies":"The Mushroom Lair","floor":11,"turns":4},{"damage":32,"enemies":"Lagavulin","floor":14,"turns":6}],"seed_played":"2062826842939169407","potions_obtained":[{"floor":5,"key":"ColorlessPotion"},{"floor":7,"key":"GamblersBrew"}],"is_trial":false,"path_per_floor":["M","M","M","?","M","R","E","R","T","M","?","T","$","E"],"character_chosen":"IRONCLAD","items_purchased":["Fire Breathing"],"campfire_rested":1,"item_purchase_floors":[13],"current_hp_per_floor":[66,53,55,44,38,38,19,41,41,36,25,25,25,0,0],"gold":45,"neow_bonus":"ONE_RARE_RELIC","is_daily":false,"chose_seed":false,"campfire_upgraded":1,"win_rate":0.0,"timestamp":1609162851,"path_taken":["M","M","M","?","M","R","E","R","T","M","?","?","$","E"],"items_purchased_type":["Card"],"build_version":"2020-12-18","purchased_purges":0,"victory":false,"max_hp_per_floor":[75,75,75,75,75,75,75,75,75,75,75,75,75,75,75],"relic_stats":{"Blood Vial":2,"counters":[8,32],"Blue Candle":[0],"Ginger":[2],"obtain_stats":[{"Blood Vial":12,"Blue Candle":7,"Ginger":0,"Odd Mushroom":11,"Burning Blood":0,"Paper Frog":4,"Mercury Hourglass":9},{"Blood Vial":7,"Blue Candle":5,"Ginger":0,"Odd Mushroom":7,"Burning Blood":0,"Paper Frog":3,"Mercury Hourglass":5},{"Blood Vial":26,"Blue Candle":19,"Ginger":0,"Odd Mushroom":26,"Burning Blood":0,"Paper Frog":11,"Mercury Hourglass":19}],"Burning Blood":42,"Mercury Hourglass":[56]},"card_choices":[{"not_picked":["Perfected Strike","Power Through"],"picked":"Wild Strike","floor":1},{"not_picked":["True Grit","Havoc"],"picked":"Flame Barrier","floor":2},{"not_picked":["Dark Embrace","Thunderclap"],"picked":"Clothesline","floor":3},{"not_picked":["Entrench","Spot Weakness"],"picked":"Shrug It Off","floor":5},{"not_picked":["Shockwave","Warcry","Wild Strike"],"picked":"SKIP","floor":7},{"not_picked":["Twin Strike","Shrug It Off"],"picked":"Rage","floor":10}],"player_experience":2598428,"relics_obtained":[{"floor":7,"key":"Blue Candle"},{"floor":9,"key":"Mercury Hourglass"},{"floor":11,"key":"Odd Mushroom"},{"floor":12,"key":"Blood Vial"}],"event_choices":[{"damage_healed":0,"gold_gain":0,"player_choice":"Success","damage_taken":11,"relics_obtained":["Paper Frog"],"max_hp_gain":0,"max_hp_loss":0,"event_name":"Scrap Ooze","floor":4,"gold_loss":0},{"damage_healed":0,"gold_gain":0,"player_choice":"Fought Mushrooms","damage_taken":0,"max_hp_gain":0,"max_hp_loss":0,"event_name":"Mushrooms","floor":11,"gold_loss":0}],"is_beta":true,"boss_relics":[],"items_purged_floors":[],"is_endless":false,"potions_floor_spawned":[5,7],"killed_by":"Lagavulin","ascension_level":20}}