{"host":"2n2g1vowfllvjtvi","time":1609187758,"event":{"mods":["AchievementEnabler","BaseMod","Custom Start","GifTheSpireLib","Keyboard Shortcuts","Minty Spire (QoL Compilation)","Quick Restart","Rare Cards Sparkle","StSLib","SuperFastMode"],"gold_per_floor":[116,116,41,56,76,76,93,93,93,125,145,160,12,27,27,101,101,112,131,146,22,36,36,56,56,103,130,45,45,79,95,95,173,173,190,87,87,12,27,27,43,73,73,88,88,101,101,117,117,117,117],"floor_reached":50,"playtime":1057,"items_purged":["Parasite","Strike_R","Strike_R","Strike_R"],"score":950,"play_id":"d1544329-6a38-4558-9080-f7730b4bb2ae","local_time":"20201229053558","is_ascension_mode":true,"campfire_choices":[{"data":"Armaments","floor":6.0,"key":"SMITH"},{"data":"Blood for Blood","floor":8.0,"key":"SMITH"},{"data":"Offering","floor":15.0,"key":"SMITH"},{"floor":23,"key":"RECALL"},{"floor":29,"key":"REST"},{"floor":32,"key":"REST"},{"floor":40,"key":"REST"},{"floor":45,"key":"REST"},{"floor":49,"key":"REST"}],"circlet_count":0,"master_deck":["AscendersBane","Strike_R","Defend_R","Defend_R","Defend_R","Bash","Dropkick","Offering+1","Armaments+1","Blood for Blood+1","Battle Trance","Fiend Fire","Power Through","Hemokinesis","Offering","Fire Breathing"],"relics":["Burning Blood","Toy Ornithopter","Mummified Hand","Red Skull","Membership Card","Fusion Hammer","Bag of Preparation","Lantern","Gremlin Horn","Nunchaku","Self Forming Clay","SlaversCollar","Question Card","Paper Frog"],"acts_visited":["Exordium","TheCity","TheBeyond"],"potions_floor_usage":[18,18,20,33,50],"damage_taken":[{"damage":8.0,"enemies":"Jaw Worm","floor":1.0,"turns":2.0},{"damage":1.0,"enemies":"Cultist","floor":4.0,"turns":4.0},{"damage":8.0,"enemies":"Small Slimes","floor":5.0,"turns":4.0},{"damage":18.0,"enemies":"3 Louse","floor":7.0,"turns":4.0},{"damage":33.0,"enemies":"Lagavulin","floor":10.0,"turns":5.0},{"damage":2.0,"enemies":"2 Fungi Beasts","floor":11.0,"turns":3.0},{"damage":14.0,"enemies":"Blue Slaver","floor":12.0,"turns":3.0},{"damage":0.0,"enemies":"Exordium Wildlife","floor":14.0,"turns":3.0},{"damage":21.0,"enemies":"The Guardian","floor":16.0,"turns":8.0},{"damage":6,"enemies":"Shell Parasite","floor":18,"turns":3},{"damage":6,"enemies":"Spheric Guardian","floor":19,"turns":1},{"damage":14,"enemies":"3 Cultists","floor":20,"turns":5},{"damage":8,"enemies":"Centurion and Healer","floor":22,"turns":4},{"damage":8,"enemies":"Sentry and Sphere","floor":24,"turns":1},{"damage":24,"enemies":"Gremlin Leader","floor":27,"turns":4},{"damage":47,"enemies":"Book of Stabbing","floor":30,"turns":5},{"damage":12,"enemies":"Cultist and Chosen","floor":31,"turns":1},{"damage":32,"enemies":"Automaton","floor":33,"turns":6},{"damage":12,"enemies":"Orb Walker","floor":35,"turns":2},{"damage":16,"enemies":"3 Darklings","floor":39,"turns":1},{"damage":26,"enemies":"Transient","floor":41,"turns":5},{"damage":16,"enemies":"Reptomancer","floor":42,"turns":2},{"damage":6,"enemies":"Spire Growth","floor":44,"turns":2},{"damage":11,"enemies":"4 Shapes","floor":46,"turns":2},{"damage":16,"enemies":"3 Darklings","floor":48,"turns":3},{"damage":91,"enemies":"Awakened One","floor":50,"turns":12}],"seed_played":"4944497959834559165","potions_obtained":[{"floor":1.0,"key":"LiquidBronze"},{"floor":7.0,"key":"Strength Potion"},{"floor":10.0,"key":"DistilledChaos"},{"floor":14.0,"key":"Fire Potion"},{"floor":16.0,"key":"Weak Potion"},{"floor":19,"key":"Fire Potion"},{"floor":20,"key":"Strength Potion"},{"floor":30,"key":"Explosive Potion"},{"floor":31,"key":"FairyPotion"},{"floor":35,"key":"Strength Potion"},{"floor":44,"key":"GamblersBrew"}],"is_trial":false,"path_per_floor":["M","?","$","M","M","R","M","R","T","E","M","M","$","M","R","B",null,"M","M","M","$","M","R","M","?","T","E","?","R","E","M","R","B",null,"M","$","?","$","M","R","M","E","T","M","R","M","?","M","R","B"],"character_chosen":"IRONCLAD","items_purchased":["Membership Card","Bag of Preparation","Fire Breathing"],"campfire_rested":5,"item_purchase_floors":[13,21,36],"current_hp_per_floor":[66,66,66,71,69,69,57,57,57,35,39,31,31,37,37,27,61,71,71,64,64,62,62,60,60,60,42,42,63,22,16,37,16,58,52,52,52,52,42,63,43,33,33,33,54,49,49,39,59,0,0],"gold":117,"neow_bonus":"TRANSFORM_TWO_CARDS","is_daily":false,"chose_seed":false,"campfire_upgraded":3,"win_rate":0.0,"timestamp":1609187758,"path_taken":["M","?","$","M","M","R","M","R","T","E","M","M","$","M","R","BOSS","M","?","M","$","M","R","M","?","T","E","?","R","E","M","R","BOSS","M","$","?","$","M","R","M","E","T","M","R","M","?","M","R","BOSS"],"items_purchased_type":["Relic","Relic","Card"],"build_version":"2020-12-22","purchased_purges":4,"victory":false,"max_hp_per_floor":[75,75,72,72,72,72,72,72,72,72,72,72,72,72,72,72,72,72,72,72,72,72,72,72,72,72,72,72,72,72,72,72,72,72,72,72,72,72,72,72,72,72,72,72,72,72,68,68,68,68,68],"card_choices":[{"not_picked":["Havoc","Anger","Warcry"],"picked":"SKIP","floor":1.0},{"not_picked":["Pommel Strike","Body Slam"],"picked":"Armaments","floor":4.0},{"not_picked":["Ghostly Armor","Flex"],"picked":"Blood for Blood","floor":5.0},{"not_picked":["Pummel","Infernal Blade","Heavy Blade"],"picked":"SKIP","floor":7.0},{"not_picked":["Combust","Havoc","Flex"],"picked":"SKIP","floor":10.0},{"not_picked":["Warcry","Thunderclap","Body Slam"],"picked":"SKIP","floor":11.0},{"not_picked":["Headbutt","Shrug It Off"],"picked":"Battle Trance","floor":12.0},{"not_picked":["Exhume","Heavy Blade","Bloodletting"],"picked":"SKIP","floor":14.0},{"not_picked":["Berserk","Limit Break"],"picked":"Fiend Fire","floor":16.0},{"not_picked":["Headbutt","Intimidate","Burning Pact"],"picked":"SKIP","floor":18},{"not_picked":["Perfected Strike+1","Clash"],"picked":"Power Through","floor":19},{"not_picked":["Sword Boomerang","Cleave"],"picked":"Hemokinesis","floor":20},{"not_picked":["Metallicize","Inflame","Whirlwind+1"],"picked":"SKIP","floor":22},{"not_picked":["Havoc","Blood for Blood","Headbutt"],"picked":"SKIP","floor":24},{"not_picked":["Feel No Pain","Flex+1","Perfected Strike"],"picked":"SKIP","floor":27},{"not_picked":["Flex","True Grit","Barricade"],"picked":"SKIP","floor":30},{"not_picked":["Anger","Flex","Uppercut"],"picked":"SKIP","floor":31},{"not_picked":["Hemokinesis","Clash","Thunderclap"],"picked":"SKIP","floor":35},{"not_picked":["Bloodletting+1","Cleave","True Grit"],"picked":"SKIP","floor":39},{"not_picked":["Entrench","Flex","Dropkick"],"picked":"SKIP","floor":41},{"not_picked":["Bludgeon","Shockwave","Headbutt"],"picked":"SKIP","floor":42},{"not_picked":["Intimidate","Perfected Strike","Twin Strike+1","True Grit"],"picked":"SKIP","floor":44},{"not_picked":["Clash+1","Sever Soul","Pommel Strike","Iron Wave+1"],"picked":"SKIP","floor":46},{"not_picked":["Sever Soul+1","Dark Embrace","Pommel Strike","Clothesline"],"picked":"SKIP","floor":48}],"player_experience":453667,"relics_obtained":[{"floor":9.0,"key":"Mummified Hand"},{"floor":10.0,"key":"Red Skull"},{"floor":26,"key":"Lantern"},{"floor":27,"key":"Gremlin Horn"},{"floor":30,"key":"Self Forming Clay"},{"floor":42,"key":"Question Card"},{"floor":43,"key":"Paper Frog"}],"event_choices":[{"damage_healed":0.0,"max_hp_gain":0.0,"max_hp_loss":0.0,"gold_gain":0.0,"event_name":"WeMeetAgain","player_choice":"Gave Potion","floor":2.0,"gold_loss":0.0,"damage_taken":0.0,"relics_obtained":["Toy Ornithopter"]},{"damage_healed":0,"gold_gain":0,"player_choice":"Read","damage_taken":0,"max_hp_gain":0,"max_hp_loss":0,"event_name":"The Library","floor":25,"gold_loss":0,"cards_obtained":["Offering"]},{"damage_healed":0,"gold_gain":0,"player_choice":"Obtained Relic","damage_taken":0,"relics_obtained":["Nunchaku"],"max_hp_gain":0,"max_hp_loss":0,"event_name":"Addict","floor":28,"gold_loss":85},{"damage_healed":0,"gold_gain":0,"player_choice":"Ignored","damage_taken":0,"max_hp_gain":0,"max_hp_loss":0,"event_name":"Tomb of Lord Red Mask","floor":37,"gold_loss":0},{"damage_healed":0,"gold_gain":0,"player_choice":"Max HP","damage_taken":0,"max_hp_gain":0,"max_hp_loss":4,"event_name":"Winding Halls","floor":47,"gold_loss":0}],"is_beta":false,"boss_relics":[{"not_picked":["Pandora\u0027s Box","Busted Crown"],"picked":"Fusion Hammer"},{"not_picked":["Calling Bell","Mark of Pain"],"picked":"SlaversCollar"}],"items_purged_floors":[3,21,36,38],"is_endless":false,"potions_floor_spawned":[1,7,10,14,16,19,20,30,31,35,44,48],"killed_by":"Awakened One","ascension_level":15}}