{"host":"5o5vlsd1batoii0u","time":1609172359,"event":{"mods":["Aspiration","BaseMod","Better Third Choice","Card Forge","Conspire","Custom Start","DeckTracker","Downfall","Energized Spire","Gold Saver","Grow up Mod","Hubris","Infinite Spire","Luminous","Minty Spire (QoL Compilation)","Relic Sorter","Replay The Spire","Shade Mod","Shop Mod","Spicy Shops","StSLib","The Edgeheg","The Wild Card","Wandering Minibosses","[IsaacMod]à»éTêÎìÉ"],"gold_per_floor":[81,94,106,106,106,137,404,422,422,454,454,552,602,643,643,833,783,830,908,908,995,1087,1193,1193,717,786,786,851,898,983,1045,1045,1270,1270,1393,1498,851,851,903,1017,1017,1114,1114,1215,1215,476,596,596,596,741,871,871,871,476,595,770],"floor_reached":57,"playtime":4608,"items_purged":["Guardian:Aged","Injury","theEdgeheg:SoulSiphon+1","theEdgeheg:Reload","theEdgeheg:RegularGun","theEdgeheg:ChaosControlSkill","theEdgeheg:SephirotKatana+1"],"score":1415,"play_id":"d8f46756-78e2-4e29-a7b8-76659811e5e5","local_time":"20201228171919","is_ascension_mode":false,"campfire_choices":[{"data":"theEdgeheg:Grr","floor":11.0,"key":"SMITH"},{"data":"theEdgeheg:GunSteal","floor":15.0,"key":"SMITH"},{"data":"theEdgeheg:RedGun","floor":27.0,"key":"SMITH"},{"data":"theEdgeheg:GunSteal","floor":32.0,"key":"SMITH"},{"data":"theEdgeheg:GatherChaos","floor":41,"key":"SMITH"},{"data":"theEdgeheg:DrawGun","floor":45,"key":"SMITH"},{"floor":49,"key":"RECALL"},{"data":"theEdgeheg:BulletStorm","floor":53,"key":"SMITH"}],"circlet_count":0,"master_deck":["theEdgeheg:StarterShootAttack","theEdgeheg:StarterShootAttack","theEdgeheg:StarterShootAttack","theEdgeheg:StarterShootAttack","theEdgeheg:StarterDodgeSkill","theEdgeheg:StarterDodgeSkill","theEdgeheg:StarterDodgeSkill","theEdgeheg:GatherChaos+1","theEdgeheg:HappiestTimmy","theEdgeheg:GunSteal+1","theEdgeheg:RedGun+1","Crescendo","theEdgeheg:DrawGun+1","theEdgeheg:QuickDraw+1","theEdgeheg:Tsk+1","theEdgeheg:GunSteal+1","theEdgeheg:BulletStorm+1","theEdgeheg:GunSteal+1","theEdgeheg:HappyTimmy"],"relics":["theEdgeheg:UltimateLifeformRelic","BookofShadows","AnarchistCookbook","theEdgeheg:GreenEmeraldRelic","Seething Fire","Anvil of the Gods","HushsDoor","aspiration:Nostalgia","Replay:M_StaffOfTheSnake","GuppysPaw","wanderingMiniBosses:LockLocket","Eternal Feather","Replay:Bandana","Counterbalance","infinitespire:Lucky Rock","energizedSpire:HugeHouse","energizedSpire:MagnifyingGlass","Runic Pyramid","Kintsugi","hubris:BottledHeart","aspiration:Stabinomicon","Guide Book","Question Card","ChampionBelt","CaptainsWheel","Orichalcum","TuHaoJin","Shuriken","Replay:Wax Seal","MerchantsRug","Unceasing Top","Replay:Rubber Ducky","aspiration:StickyExplosives","Anchor","SteamSale","Medical Kit","conspire:InfiniteJournal","Happy Flower","Garlic","Ginger","Bag of Preparation"],"acts_visited":["Exordium","TheCity","TheBeyond","TheEnding"],"potions_floor_usage":[],"damage_taken":[{"damage":6.0,"enemies":"conspire:RoseBush","floor":1.0,"turns":5.0},{"damage":0.0,"enemies":"2 Louse","floor":2.0,"turns":3.0},{"damage":0.0,"enemies":"Jaw Worm","floor":3.0,"turns":3.0},{"damage":1.0,"enemies":"Gremlin Nob","floor":6.0,"turns":8.0},{"damage":1.0,"enemies":"Red Slaver","floor":7.0,"turns":25.0},{"damage":0.0,"enemies":"Exordium Thugs","floor":8.0,"turns":6.0},{"damage":3.0,"enemies":"3 Sentries","floor":10.0,"turns":10.0},{"damage":1.0,"enemies":"Lagavulin","floor":12.0,"turns":7.0},{"damage":1.0,"enemies":"3 Louse","floor":14.0,"turns":3.0},{"damage":4.0,"enemies":"Slime Boss","floor":16.0,"turns":15.0},{"damage":0.0,"enemies":"Spheric Guardian","floor":18.0,"turns":3.0},{"damage":0.0,"enemies":"conspire:FuzzyDice","floor":19.0,"turns":4.0},{"damage":0.0,"enemies":"Sentry and Sphere","floor":21.0,"turns":5.0},{"damage":0.0,"enemies":"Shelled Parasite and Fungi","floor":22.0,"turns":6.0},{"damage":1.0,"enemies":"Book of Stabbing","floor":23.0,"turns":6.0},{"damage":0.0,"enemies":"Centurion and Healer","floor":28.0,"turns":4.0},{"damage":0.0,"enemies":"Snake Plant","floor":29.0,"turns":3.0},{"damage":0.0,"enemies":"conspire:HollyBat","floor":30.0,"turns":7.0},{"damage":0.0,"enemies":"Sentry and Sphere","floor":31.0,"turns":4.0},{"damage":1.0,"enemies":"Automaton","floor":33.0,"turns":9.0},{"damage":1,"enemies":"R_Hoarder","floor":35,"turns":7},{"damage":0,"enemies":"Hiden Room Battle","floor":36,"turns":4},{"damage":0,"enemies":"Orb Walker","floor":39,"turns":3},{"damage":1,"enemies":"Giant Head","floor":40,"turns":5},{"damage":0,"enemies":"Nemesis","floor":42,"turns":5},{"damage":0,"enemies":"Giant Head","floor":44,"turns":5},{"damage":0,"enemies":"Reptomancer","floor":47,"turns":6},{"damage":2,"enemies":"Awakened One","floor":50,"turns":8},{"damage":0,"enemies":"Replay:Hell Engine","floor":51,"turns":7},{"damage":0,"enemies":"Shield and Spear","floor":55,"turns":6},{"damage":43,"enemies":"Delirium","floor":56,"turns":31}],"seed_played":"843471901011319088","potions_obtained":[{"floor":2.0,"key":"Weak Potion"},{"floor":10.0,"key":"Dexterity Potion"},{"floor":14.0,"key":"SteroidPotion"},{"floor":23.0,"key":"Strength Potion"}],"is_trial":false,"path_per_floor":["M","M","M","?","T","E","M","M","T","E","R","E","T","M","R","B",null,"M","M","?","M","M","E","?","$","T","R","M","M","M","M","R","B",null,"M","?","$","?","M","E","R","M","T","E","R","$","E","?","R","B","B",null,"R","$","E","B",null],"character_chosen":"THE_DEFAULT","items_purchased":["theEdgeheg:SoulSiphon","Guide Book","Question Card","Shuriken","Replay:Wax Seal","MerchantsRug","SteamSale","Medical Kit","conspire:InfiniteJournal","Happy Flower","Ginger","theEdgeheg:HappyTimmy"],"campfire_rested":0,"item_purchase_floors":[17,25,25,37,37,37,46,46,46,46,54,54],"current_hp_per_floor":[19,30,40,51,61,71,80,90,100,108,119,128,138,148,159,166,172,182,192,11,21,31,40,50,60,70,81,91,101,111,121,131,140,151,160,169,179,189,199,208,219,229,239,249,260,270,280,289,300,308,318,329,340,350,360,327],"gold":770,"neow_bonus":"NOSTALGIA","is_daily":false,"chose_seed":false,"campfire_upgraded":7,"win_rate":0.0,"timestamp":1609172359,"path_taken":["M","M","M","?","?","E","M","?","T","E","R","E","?","M","R","BOSS","M","M","?","?","M","E","?","$","T","R","M","M","?","M","R","BOSS","M","?","$","?","M","E","R","M","T","E","R","$","E","?","R","BOSS","BOSS","R","$","E","BOSS"],"items_purchased_type":["Card","Relic","Relic","Relic","Relic","Relic","Relic","Relic","Relic","Relic","Relic","Card"],"build_version":"2020-12-22","purchased_purges":7,"victory":true,"max_hp_per_floor":[25,35,45,56,66,76,86,96,106,116,126,136,146,156,166,176,172,182,192,11,21,31,41,51,61,71,81,91,101,111,121,131,141,151,161,171,181,191,201,211,221,231,241,251,261,271,281,291,301,311,321,331,341,351,361,371],"card_choices":[{"not_picked":["theEdgeheg:ChaosCards","theEdgeheg:Grr"],"picked":"theEdgeheg:HappiestTimmy","floor":1.0},{"not_picked":["theEdgeheg:Butt","theEdgeheg:MachineGun","ClearTheMind"],"picked":"SKIP","floor":2.0},{"not_picked":["theEdgeheg:TimmyBackflip","Vengeance"],"picked":"theEdgeheg:SelfHarmIsNotCool","floor":3.0},{"not_picked":["theEdgeheg:SkateboardTrick","theEdgeheg:ChaosControlSkill"],"picked":"theEdgeheg:Grr","floor":6.0},{"not_picked":["Sanctity","Bomb"],"picked":"theEdgeheg:RegularGun","floor":7.0},{"not_picked":["CutThroughFate","SashWhip"],"picked":"theEdgeheg:UseAndThrow","floor":8.0},{"not_picked":["Well Laid Plans","theEdgeheg:KatanaGF"],"picked":"theEdgeheg:DashKatana","floor":10.0},{"not_picked":["theEdgeheg:ChaosWhip","theEdgeheg:SkateboardTrick"],"picked":"theEdgeheg:GunSteal","floor":12.0},{"not_picked":["theEdgeheg:BloodyNodachi","JustLucky"],"picked":"theEdgeheg:RedGun","floor":14.0},{"not_picked":["theEdgeheg:RocketLauncher","Glass Knife"],"picked":"theEdgeheg:SephirotKatana","floor":16.0},{"not_picked":["theEdgeheg:Glare","theEdgeheg:Girlfriend"],"picked":"theEdgeheg:DrawGun","floor":18.0},{"not_picked":["theEdgeheg:DodgeKatana+1","theEdgeheg:SkateboardTrick+1"],"picked":"theEdgeheg:Reload","floor":19.0},{"not_picked":["theEdgeheg:BetterDodge","theEdgeheg:SkateboardTrick+1","theEdgeheg:RollAndShoot"],"picked":"SKIP","floor":21.0},{"not_picked":["theEdgeheg:TimmyBackflip","theEdgeheg:Fastness","theEdgeheg:BloodyNodachi"],"picked":"SKIP","floor":22.0},{"not_picked":["theEdgeheg:ChaosGrenade","theEdgeheg:TeleportsAbove","theEdgeheg:Reload"],"picked":"SKIP","floor":23.0},{"not_picked":["theEdgeheg:ChaosGrenade","theEdgeheg:TeleportsAbove","theEdgeheg:Reload"],"picked":"SKIP","floor":23.0},{"not_picked":["theEdgeheg:Grr","theEdgeheg:HappiestTimmy","theEdgeheg:ChaosControlSkill"],"picked":"theEdgeheg:QuickDraw+1","floor":28.0},{"not_picked":["theEdgeheg:RuleOfCool","theEdgeheg:Disrobe+1","theEdgeheg:ChaosWhip"],"picked":"theEdgeheg:Tsk","floor":29.0},{"not_picked":["theEdgeheg:ChaosGrenade","theEdgeheg:ChaosWhip","theEdgeheg:Reload","theEdgeheg:MasterEmerald"],"picked":"SKIP","floor":30.0},{"not_picked":["theEdgeheg:TimmyBackflip","theEdgeheg:MachineGun","theEdgeheg:Butt+1"],"picked":"theEdgeheg:GunSteal","floor":31.0},{"not_picked":["theEdgeheg:PerfectAim","theEdgeheg:SoulSiphon","theEdgeheg:SpireCrasher"],"picked":"theEdgeheg:BulletStorm","floor":33.0},{"not_picked":["theEdgeheg:TimmyBackflip+1","Glass Knife","theEdgeheg:SupersonicSpeed+1","theEdgeheg:QuickDraw"],"picked":"SKIP","floor":35},{"not_picked":["theEdgeheg:Heh","theEdgeheg:RegularGun","Nirvana+1","theEdgeheg:BetterShoot"],"picked":"SKIP","floor":39},{"not_picked":["theEdgeheg:Fastness","theEdgeheg:RegularGun","Sanctity","theEdgeheg:CrazyGirlfriend"],"picked":"SKIP","floor":40},{"not_picked":["theEdgeheg:Heh","theEdgeheg:ChaosCards+1","theEdgeheg:PlayRandomCard"],"picked":"theEdgeheg:GunSteal+1","floor":42},{"not_picked":["theEdgeheg:RegularGun","theEdgeheg:Grr","theEdgeheg:BlowCover+1","theEdgeheg:ChaosBlast+1"],"picked":"SKIP","floor":44},{"not_picked":["theEdgeheg:SupersonicSpeed","Outmaneuver","SashWhip","theEdgeheg:CSGun"],"picked":"SKIP","floor":47},{"not_picked":["theEdgeheg:Shotgun","theEdgeheg:RandomChaosCard+1","theEdgeheg:MasterEmerald","theEdgeheg:ChaosControlSkill"],"picked":"SKIP","floor":55}],"player_experience":627911,"relics_obtained":[{"floor":6.0,"key":"AnarchistCookbook"},{"floor":7.0,"key":"wanderingMiniBosses:LockLocket"},{"floor":9.0,"key":"Eternal Feather"},{"floor":10.0,"key":"Replay:Bandana"},{"floor":12.0,"key":"Counterbalance"},{"floor":13.0,"key":"infinitespire:Lucky Rock"},{"floor":23.0,"key":"aspiration:Stabinomicon"},{"floor":26.0,"key":"BookofShadows"},{"floor":35,"key":"CaptainsWheel"},{"floor":36,"key":"Orichalcum"},{"floor":36,"key":"TuHaoJin"},{"floor":40,"key":"Unceasing Top"},{"floor":42,"key":"Replay:Rubber Ducky"},{"floor":43,"key":"aspiration:StickyExplosives"},{"floor":44,"key":"Anchor"},{"floor":47,"key":"Garlic"},{"floor":55,"key":"Bag of Preparation"}],"event_choices":[{"damage_healed":0.0,"max_hp_gain":0.0,"max_hp_loss":0.0,"gold_gain":0.0,"event_name":"Vampires","player_choice":"Ignored","floor":24.0,"gold_loss":0.0,"damage_taken":0.0},{"damage_healed":0,"gold_gain":0,"player_choice":"Fight","damage_taken":0,"max_hp_gain":0,"max_hp_loss":0,"event_name":"HidenRoomEvent","floor":36,"gold_loss":0},{"damage_healed":0,"gold_gain":0,"player_choice":"Leave","damage_taken":0,"max_hp_gain":0,"max_hp_loss":0,"event_name":"conspire:Investor","floor":48,"gold_loss":0}],"is_beta":false,"boss_relics":[{"not_picked":["Coffee Dripper","hubris:HollowSoul"],"picked":"Replay:Grab Bag"},{"not_picked":["conspire:SlowCooker","energizedSpire:RedRose"],"picked":"energizedSpire:HugeHouse"},{"not_picked":["infinitespire:Cupcake","energizedSpire:SpiderWeb"],"picked":"energizedSpire:MagnifyingGlass"},{"not_picked":["Snecko Eye","Pandora\u0027s Box"],"picked":"Runic Pyramid"},{"not_picked":["aspiration:WatcherSkillbook","Replay:Drink Me"],"picked":"Kintsugi"},{"not_picked":[]},{"not_picked":["conspire:RoyalGoblet","hubris:VirtuousBlindfold"],"picked":"ChampionBelt"},{"not_picked":[]}],"items_purged_floors":[17,25,37,37,46,46,54],"is_endless":false,"potions_floor_spawned":[2,7,10,14,21,23,31,33,39,42,44],"ascension_level":20}}