{"host":"3qkmyeoym75lj4wn","time":1609181226,"event":{"mods":["2.2 Compatiblity","BaseMod","Block Reminder","Colored Powertips","Highlight Path","Minty Spire (QoL Compilation)","Permanent Neow","Potion Indicator Mod","Rare Cards Sparkle","Relic Stats","StSLib"],"gold_per_floor":[215,215,228,228,36,36,65,65,65,8,8,28,56,66,66,140,140,159,177,47,64,64,64,64,94,94,94,111,129,157,157,157],"floor_reached":31,"playtime":1206,"items_purged":["Pain"],"score":566,"play_id":"74dcf58f-98af-44af-b8a8-662f86d3545f","local_time":"20201228184706","is_ascension_mode":true,"campfire_choices":[{"data":"Noxious Fumes","floor":6,"key":"SMITH"},{"data":"Footwork","floor":8,"key":"SMITH"},{"floor":15,"key":"REST"},{"floor":23,"key":"REST"},{"floor":27,"key":"REST"}],"circlet_count":0,"master_deck":["AscendersBane","Strike_G","Strike_G","Strike_G","Strike_G","Defend_G","Defend_G","Defend_G","Defend_G","Defend_G","Survivor","Neutralize","Dagger Spray","Backflip","Noxious Fumes+1","Poisoned Stab","Footwork+1","Blade Dance","Accuracy","PiercingWail","PiercingWail","Cloak And Dagger","Cloak And Dagger+1"],"relics":["Ring of the Snake","FaceOfCleric","Bottled Tornado","WarpedTongs","Oddly Smooth Stone","SlaversCollar","HornCleat","Pantograph","Unceasing Top"],"acts_visited":["Exordium","TheCity"],"potions_floor_usage":[7,13,16,19,25,30,30],"damage_taken":[{"damage":0,"enemies":"Cultist","floor":1,"turns":4},{"damage":0,"enemies":"2 Louse","floor":3,"turns":2},{"damage":5,"enemies":"Lagavulin","floor":7,"turns":6},{"damage":0,"enemies":"Small Slimes","floor":12,"turns":2},{"damage":33,"enemies":"Gremlin Nob","floor":13,"turns":4},{"damage":4,"enemies":"Red Slaver","floor":14,"turns":2},{"damage":12,"enemies":"Hexaghost","floor":16,"turns":10},{"damage":3,"enemies":"Chosen","floor":18,"turns":5},{"damage":1,"enemies":"3 Byrds","floor":19,"turns":5},{"damage":46,"enemies":"Snecko","floor":21,"turns":8},{"damage":15,"enemies":"Gremlin Leader","floor":25,"turns":6},{"damage":6,"enemies":"Chosen and Byrds","floor":28,"turns":7},{"damage":18,"enemies":"Snake Plant","floor":29,"turns":6},{"damage":10,"enemies":"Slavers","floor":30,"turns":6},{"damage":18,"enemies":"Shelled Parasite and Fungi","floor":31,"turns":3}],"seed_played":"-3570779027920967255","potions_obtained":[{"floor":12,"key":"Strength Potion"},{"floor":14,"key":"Weak Potion"},{"floor":18,"key":"LiquidMemories"},{"floor":25,"key":"SpeedPotion"},{"floor":29,"key":"PowerPotion"}],"is_trial":false,"path_per_floor":["M","?","M","?","$","R","E","R","T","$","?","M","E","M","R","B",null,"M","M","$","M","?","R","?","E","T","R","M","M","E","M"],"character_chosen":"THE_SILENT","items_purchased":["Noxious Fumes","Poisoned Stab","BlessingOfTheForge","Blade Dance","PowerPotion"],"campfire_rested":3,"item_purchase_floors":[5,5,5,10,20],"current_hp_per_floor":[59,59,59,59,59,59,55,55,55,55,55,56,24,21,42,31,61,59,59,59,14,14,36,36,22,22,44,39,22,13,0,0],"gold":157,"neow_bonus":"HUNDRED_GOLD","is_daily":false,"chose_seed":false,"campfire_upgraded":2,"win_rate":0.0,"timestamp":1609181226,"path_taken":["M","?","?","?","$","R","E","R","T","?","?","M","E","M","R","BOSS","M","M","$","M","?","R","?","E","T","R","M","?","E","M"],"items_purchased_type":["Card","Card","Potion","Card","Potion"],"build_version":"2020-12-22","purchased_purges":1,"victory":false,"max_hp_per_floor":[66,66,66,66,66,66,67,67,67,67,67,68,69,70,70,71,71,72,73,73,74,74,74,74,75,75,75,76,77,78,78,78],"relic_stats":{"FaceOfCleric":12,"counters":[15,76],"Pantograph":0,"obtain_stats":[{"SlaversCollar":17,"HornCleat":25,"FaceOfCleric":4,"Pantograph":26,"Oddly Smooth Stone":13,"Bottled Tornado":7,"Unceasing Top":30,"Ring of the Snake":0,"WarpedTongs":11},{"SlaversCollar":7,"HornCleat":11,"FaceOfCleric":2,"Pantograph":11,"Oddly Smooth Stone":5,"Bottled Tornado":3,"Unceasing Top":14,"Ring of the Snake":0,"WarpedTongs":3},{"SlaversCollar":30,"HornCleat":54,"FaceOfCleric":6,"Pantograph":54,"Oddly Smooth Stone":18,"Bottled Tornado":12,"Unceasing Top":73,"Ring of the Snake":0,"WarpedTongs":12}],"Unceasing Top":[0],"Ring of the Snake":[30],"WarpedTongs":[63]},"card_choices":[{"not_picked":["Leg Sweep","Bane"],"picked":"Dagger Spray","floor":1},{"not_picked":["Slice","Outmaneuver"],"picked":"Backflip","floor":3},{"not_picked":["Bane","Heel Hook"],"picked":"Footwork","floor":7},{"not_picked":["Skewer","Outmaneuver","Blur"],"picked":"SKIP","floor":12},{"not_picked":["Poisoned Stab","Distraction"],"picked":"Accuracy","floor":13},{"not_picked":["Eviscerate","Escape Plan","Backflip"],"picked":"SKIP","floor":14},{"not_picked":["Outmaneuver","Deflect"],"picked":"PiercingWail","floor":18},{"not_picked":["Skewer","Acrobatics"],"picked":"PiercingWail","floor":19},{"not_picked":["Dodge and Roll","All Out Attack"],"picked":"Cloak And Dagger","floor":21},{"not_picked":["Underhanded Strike","Grand Finale","Bullet Time"],"picked":"SKIP","floor":25},{"not_picked":["Slice","Dagger Spray"],"picked":"Cloak And Dagger+1","floor":28},{"not_picked":["Slice","Underhanded Strike","Prepared"],"picked":"SKIP","floor":29},{"not_picked":["Flying Knee","Predator","Dagger Throw"],"picked":"SKIP","floor":30}],"player_experience":1602477,"relics_obtained":[{"floor":7,"key":"Bottled Tornado"},{"floor":13,"key":"Oddly Smooth Stone"},{"floor":25,"key":"HornCleat"},{"floor":26,"key":"Pantograph"},{"floor":30,"key":"Unceasing Top"}],"event_choices":[{"cards_removed":["Strike_G"],"damage_healed":0,"gold_gain":0,"player_choice":"Purged","damage_taken":0,"max_hp_gain":0,"max_hp_loss":0,"event_name":"Purifier","floor":2,"gold_loss":0},{"damage_healed":0,"gold_gain":0,"player_choice":"Trade","damage_taken":0,"relics_obtained":["FaceOfCleric"],"max_hp_gain":0,"max_hp_loss":0,"event_name":"FaceTrader","floor":4,"gold_loss":0},{"damage_healed":0,"gold_gain":0,"player_choice":"Rummage","damage_taken":0,"relics_obtained":["WarpedTongs"],"max_hp_gain":0,"max_hp_loss":0,"event_name":"Accursed Blacksmith","floor":11,"gold_loss":0,"cards_obtained":["Pain"]},{"damage_healed":0,"gold_gain":0,"player_choice":"Ignored","damage_taken":0,"max_hp_gain":0,"max_hp_loss":0,"event_name":"Vampires","floor":24,"gold_loss":0}],"is_beta":false,"boss_relics":[{"not_picked":["Ectoplasm","Runic Pyramid"],"picked":"SlaversCollar"}],"items_purged_floors":[20],"is_endless":false,"potions_floor_spawned":[12,14,18,25,29],"killed_by":"Shelled Parasite and Fungi","ascension_level":20}}