{"host":"zhec3g4cvsmevugl","time":1609140945,"event":{"mods":["BaseMod","BetterRewards","Curses Come First","Minty Spire (QoL Compilation)","Relic Stats","Slay-I","StSLib"],"gold_per_floor":[118,193,251,270,270,324,324,363,363,31,31,31,49,62,62,208,208,228,228,268,311,311,371,371,371,398,78,78,127,127,42,42,171,171,195,219,219,265,313,357,357,52,52,52,71,71,71,95,95,95,95],"floor_reached":50,"playtime":4006,"items_purged":["Injury"],"score":827,"play_id":"5dd91602-b10b-4d2a-9866-dc4b3fb2ac10","local_time":"20201228153545","is_ascension_mode":true,"campfire_choices":[{"floor":12,"key":"REST"},{"data":"Discovery","floor":15,"key":"SMITH"},{"floor":24,"key":"REST"},{"floor":30,"key":"REST"},{"floor":32,"key":"REST"},{"floor":41,"key":"REST"},{"floor":46,"key":"REST"},{"floor":49,"key":"REST"}],"circlet_count":0,"master_deck":["Strike_R","Strike_R","Strike_R","Strike_R","Strike_R","Defend_R","Defend_R","Defend_R","Bash","HandOfGreed+1","Sword Boomerang","Flex","Wild Strike","Flex","Power Through","Armaments","Flex","Discovery+1","Pummel","Bloodletting","Iron Wave","Armaments","Uppercut","Necronomicurse","Thunderclap","Shrug It Off","Hemokinesis","Anger","Flame Barrier","Impervious","Shrug It Off","Pummel+1","Carnage+1","Headbutt","Thunderclap+1","Metallicize","Infernal Blade","Wild Strike+1","Clash+1","Intimidate+1","Pommel Strike+1","Clash+1","Sword Boomerang+1","Perfected Strike"],"relics":["Burning Blood","Letter Opener","Bird Faced Urn","Golden Idol","Charon\u0027s Ashes","Blood Vial","Matryoshka","Fusion Hammer","Necronomicon","WingedGreaves","MutagenicStrength","Tiny Chest","Lantern","Dream Catcher","ClockworkSouvenir","WarpedTongs","Du-Vu Doll","Empty Cage","MealTicket","Oddly Smooth Stone","Vajra","Happy Flower","Orrery","Mummified Hand","Potion Belt"],"acts_visited":["Exordium","TheCity","TheBeyond"],"potions_floor_usage":[14,16,21,39,39,50,50],"damage_taken":[{"damage":6,"enemies":"Cultist","floor":1,"turns":3},{"damage":2,"enemies":"2 Louse","floor":4,"turns":2},{"damage":39,"enemies":"3 Sentries","floor":6,"turns":7},{"damage":0,"enemies":"Small Slimes","floor":8,"turns":3},{"damage":4,"enemies":"Looter","floor":13,"turns":2},{"damage":0,"enemies":"Exordium Wildlife","floor":14,"turns":2},{"damage":59,"enemies":"Slime Boss","floor":16,"turns":13},{"damage":9,"enemies":"Chosen","floor":18,"turns":3},{"damage":15,"enemies":"Spheric Guardian","floor":20,"turns":4},{"damage":25,"enemies":"Snake Plant","floor":21,"turns":3},{"damage":46,"enemies":"Book of Stabbing","floor":23,"turns":5},{"damage":0,"enemies":"Cultist and Chosen","floor":29,"turns":3},{"damage":69,"enemies":"Collector","floor":33,"turns":8},{"damage":41,"enemies":"3 Darklings","floor":35,"turns":3},{"damage":23,"enemies":"3 Shapes","floor":38,"turns":3},{"damage":20,"enemies":"Sphere and 2 Shapes","floor":39,"turns":2},{"damage":6,"enemies":"Nemesis","floor":40,"turns":5},{"damage":18,"enemies":"Spire Growth","floor":45,"turns":3},{"damage":11,"enemies":"3 Darklings","floor":48,"turns":4},{"damage":95,"enemies":"Donu and Deca","floor":50,"turns":6}],"seed_played":"-5172500841948795602","potions_obtained":[{"floor":6,"key":"HeartOfIron"},{"floor":13,"key":"Explosive Potion"},{"floor":16,"key":"Explosive Potion"},{"floor":18,"key":"Fire Potion"},{"floor":23,"key":"SteroidPotion"},{"floor":29,"key":"GamblersBrew"},{"floor":33,"key":"DistilledChaos"},{"floor":39,"key":"SpeedPotion"}],"is_trial":false,"path_per_floor":["M","?","?","M","?","E","?","M","T","$","?","R","M","M","R","B",null,"M","?","M","M","?","E","R","?","T","$","?","M","R","?","R","B",null,"M","T","?","M","M","E","R","$","T","T","M","R","?","M","R","B"],"character_chosen":"IRONCLAD","items_purchased":["HandOfGreed","Letter Opener","Sword Boomerang","Flex","Blood Vial","Flex","Discovery","Dream Catcher","ClockworkSouvenir","Shrug It Off","Happy Flower","Orrery"],"campfire_rested":7,"item_purchase_floors":[0,0,0,0,10,10,10,27,27,27,42,42],"current_hp_per_floor":[57,46,46,50,50,17,17,23,23,23,23,47,51,59,59,8,80,77,90,81,64,48,10,37,37,37,37,37,45,72,72,90,27,90,57,57,57,42,30,32,59,74,74,74,66,90,90,85,90,0,0],"gold":95,"neow_bonus":"","is_daily":false,"chose_seed":false,"campfire_upgraded":1,"win_rate":0.0,"timestamp":1609140945,"path_taken":["M","?","?","M","?","E","?","?","T","$","?","R","M","M","R","BOSS","M","?","M","?","?","E","R","?","T","$","?","?","R","?","R","BOSS","M","?","?","?","M","E","R","?","T","?","M","R","?","M","R","BOSS"],"items_purchased_type":["Card","Relic","Card","Card","Relic","Card","Card","Relic","Relic","Card","Relic","Relic"],"build_version":"2020-12-22","purchased_purges":1,"victory":false,"max_hp_per_floor":[80,80,80,80,80,80,80,80,80,80,80,80,80,80,80,80,80,80,90,90,90,90,90,90,90,90,90,90,90,90,90,90,90,90,90,90,90,90,90,90,90,90,90,90,90,90,90,90,90,90,90],"relic_stats":{"Happy Flower":[4],"counters":[72,307],"Golden Idol":115,"Charon\u0027s Ashes":[93],"Letter Opener":[156],"Burning Blood":404,"WarpedTongs":[37],"Blood Vial":20,"Dream Catcher":5,"Mummified Hand":[41],"Bird Faced Urn":[6],"Tiny Chest":2,"MealTicket":118,"Necronomicon":[18],"obtain_stats":[{"CeramicFish":26,"Vajra":6,"Spirit Poop":3,"Sozu":34,"Blood Vial":10,"Centennial Puzzle":13,"HornCleat":24,"DollysMirror":19,"MealTicket":36,"Fusion Hammer":17,"Necronomicon":22,"Kunai":12,"Pear":9,"Happy Flower":26,"Blue Candle":27,"Oddly Smooth Stone":36,"Eternal Feather":9,"Pen Nib":4,"Charon\u0027s Ashes":9,"Letter Opener":0,"WarpedTongs":28,"Du-Vu Doll":31,"SlaversCollar":17,"Bottled Flame":28,"Bird Faced Urn":6,"MutagenicStrength":25,"Mark of Pain":0,"Black Star":17,"Nloth\u0027s Gift":28,"Darkstone Periapt":11,"Lantern":29,"Regal Pillow":8,"Magic Flower":24,"Mango":21,"Bag of Preparation":8,"Ancient Tea Set":3,"Empty Cage":34,"Burning Blood":0,"ClockworkSouvenir":27,"Dream Catcher":0,"Matryoshka":25,"Mummified Hand":21,"Tiny Chest":26,"WingedGreaves":23,"InkBottle":10,"Red Skull":12,"Runic Pyramid":17,"Potion Belt":8,"Golden Idol":5,"The Courier":6,"PreservedInsect":22,"Odd Mushroom":10,"Orichalcum":26,"Mercury Hourglass":36,"Peace Pipe":0,"CaptainsWheel":27,"Ornamental Fan":14,"Orrery":42,"Turnip":10,"Art of War":21,"Champion Belt":22,"Toy Ornithopter":28},{"CeramicFish":11,"Vajra":4,"Spirit Poop":38,"Sozu":50,"Blood Vial":56,"Centennial Puzzle":8,"HornCleat":11,"DollysMirror":46,"MealTicket":66,"Fusion Hammer":59,"Necronomicon":62,"Kunai":18,"Pear":6,"Happy Flower":29,"Blue Candle":12,"Oddly Smooth Stone":66,"Eternal Feather":17,"Pen Nib":20,"Charon\u0027s Ashes":56,"Letter Opener":52,"WarpedTongs":63,"Du-Vu Doll":64,"SlaversCollar":28,"Bottled Flame":48,"Bird Faced Urn":55,"MutagenicStrength":63,"Mark of Pain":19,"Black Star":9,"Nloth\u0027s Gift":30,"Darkstone Periapt":41,"Lantern":31,"Regal Pillow":41,"Magic Flower":11,"Mango":29,"Bag of Preparation":23,"Ancient Tea Set":20,"Empty Cage":65,"Burning Blood":0,"ClockworkSouvenir":63,"Dream Catcher":14,"Matryoshka":29,"Mummified Hand":29,"Tiny Chest":63,"WingedGreaves":63,"InkBottle":7,"Red Skull":8,"Runic Pyramid":45,"Potion Belt":6,"Golden Idol":16,"The Courier":22,"PreservedInsect":29,"Odd Mushroom":18,"Orichalcum":46,"Mercury Hourglass":35,"Peace Pipe":14,"CaptainsWheel":12,"Ornamental Fan":44,"Orrery":69,"Turnip":24,"Art of War":29,"Champion Belt":10,"Toy Ornithopter":12},{"CeramicFish":51,"Vajra":13,"Spirit Poop":164,"Sozu":215,"Blood Vial":238,"Centennial Puzzle":33,"HornCleat":51,"DollysMirror":196,"MealTicket":284,"Fusion Hammer":255,"Necronomicon":265,"Kunai":88,"Pear":25,"Happy Flower":122,"Blue Candle":59,"Oddly Smooth Stone":284,"Eternal Feather":83,"Pen Nib":92,"Charon\u0027s Ashes":238,"Letter Opener":223,"WarpedTongs":270,"Du-Vu Doll":273,"SlaversCollar":118,"Bottled Flame":203,"Bird Faced Urn":235,"MutagenicStrength":270,"Mark of Pain":89,"Black Star":40,"Nloth\u0027s Gift":125,"Darkstone Periapt":176,"Lantern":128,"Regal Pillow":176,"Magic Flower":51,"Mango":122,"Bag of Preparation":101,"Ancient Tea Set":92,"Empty Cage":281,"Burning Blood":0,"ClockworkSouvenir":270,"Dream Catcher":65,"Matryoshka":122,"Mummified Hand":122,"Tiny Chest":270,"WingedGreaves":270,"InkBottle":30,"Red Skull":33,"Runic Pyramid":192,"Potion Belt":25,"Golden Idol":76,"The Courier":97,"PreservedInsect":122,"Odd Mushroom":88,"Orichalcum":196,"Mercury Hourglass":150,"Peace Pipe":65,"CaptainsWheel":59,"Ornamental Fan":183,"Orrery":294,"Turnip":104,"Art of War":122,"Champion Belt":45,"Toy Ornithopter":59}]},"card_choices":[{"not_picked":["Clash","Cleave"],"picked":"Wild Strike","floor":1},{"not_picked":["Heavy Blade","Shrug It Off"],"picked":"Flex","floor":4},{"not_picked":["Second Wind","True Grit"],"picked":"Power Through","floor":6},{"not_picked":["Berserk","Combust"],"picked":"Armaments","floor":8},{"not_picked":["Feel No Pain","Blood for Blood"],"picked":"Pummel","floor":13},{"not_picked":["Rage","Clothesline"],"picked":"Bloodletting","floor":14},{"not_picked":["Berserk","Juggernaut"],"picked":"Corruption","floor":16},{"not_picked":["Combust+1","Blood for Blood+1"],"picked":"Iron Wave","floor":18},{"not_picked":["Cleave+1","Second Wind"],"picked":"Armaments","floor":20},{"not_picked":["Whirlwind","Flex"],"picked":"Uppercut","floor":21},{"not_picked":["Warcry","Ghostly Armor"],"picked":"Thunderclap","floor":23},{"not_picked":["Whirlwind","Body Slam"],"picked":"Hemokinesis","floor":29},{"not_picked":["Second Wind","Clothesline"],"picked":"Anger","floor":30},{"not_picked":["True Grit","Seeing Red"],"picked":"Flame Barrier","floor":32},{"not_picked":["Exhume","Fiend Fire"],"picked":"Impervious","floor":33},{"not_picked":["Warcry+1","Cleave"],"picked":"Shrug It Off","floor":35},{"not_picked":["Intimidate","Combust+1"],"picked":"Pummel+1","floor":38},{"not_picked":["Power Through+1","Clothesline"],"picked":"Carnage+1","floor":39},{"not_picked":["Infernal Blade","True Grit"],"picked":"Headbutt","floor":40},{"not_picked":["Cleave","Shrug It Off"],"picked":"Thunderclap+1","floor":41},{"not_picked":["Limit Break","Headbutt+1"],"picked":"Metallicize","floor":42},{"not_picked":["Headbutt","Twin Strike+1"],"picked":"Infernal Blade","floor":42},{"not_picked":["Dropkick","Thunderclap+1"],"picked":"Wild Strike+1","floor":42},{"not_picked":["Fiend Fire","Evolve"],"picked":"Clash+1","floor":42},{"not_picked":["Clash","Flex+1"],"picked":"Intimidate+1","floor":42},{"not_picked":["Fire Breathing+1","Clothesline+1"],"picked":"Pommel Strike+1","floor":45},{"not_picked":["Havoc+1","Twin Strike"],"picked":"Clash+1","floor":46},{"not_picked":["Clash","Sentinel+1"],"picked":"Sword Boomerang+1","floor":48},{"not_picked":["Wild Strike+1","Flex+1"],"picked":"Perfected Strike","floor":49}],"player_experience":190470,"relics_obtained":[{"floor":6,"key":"Bird Faced Urn"},{"floor":9,"key":"Charon\u0027s Ashes"},{"floor":22,"key":"Necronomicon"},{"floor":23,"key":"WingedGreaves"},{"floor":26,"key":"Tiny Chest"},{"floor":26,"key":"Lantern"},{"floor":36,"key":"MealTicket"},{"floor":36,"key":"Oddly Smooth Stone"},{"floor":40,"key":"Vajra"},{"floor":43,"key":"Mummified Hand"},{"floor":44,"key":"Potion Belt"}],"event_choices":[{"damage_healed":0,"gold_gain":75,"player_choice":"Gather Gold","damage_taken":11,"max_hp_gain":0,"max_hp_loss":0,"event_name":"World of Goop","floor":2,"gold_loss":0},{"damage_healed":0,"gold_gain":58,"player_choice":"Gained Gold","damage_taken":0,"max_hp_gain":0,"max_hp_loss":0,"event_name":"Golden Wing","floor":3,"gold_loss":0},{"damage_healed":0,"gold_gain":0,"player_choice":"Grow","damage_taken":0,"max_hp_gain":0,"max_hp_loss":0,"event_name":"Living Wall","floor":5,"gold_loss":0,"cards_upgraded":["HandOfGreed"]},{"damage_healed":0,"gold_gain":0,"player_choice":"Take Wound","damage_taken":0,"relics_obtained":["Golden Idol"],"max_hp_gain":0,"max_hp_loss":0,"event_name":"Golden Idol","floor":7,"gold_loss":0,"cards_obtained":["Injury"]},{"damage_healed":0,"gold_gain":0,"player_choice":"Box","damage_taken":0,"relics_obtained":["Matryoshka"],"max_hp_gain":0,"max_hp_loss":0,"event_name":"Big Fish","floor":11,"gold_loss":0,"cards_obtained":["Regret"]},{"cards_removed":["Corruption"],"damage_healed":3,"gold_gain":0,"player_choice":"Offered Rare","damage_taken":0,"max_hp_gain":10,"max_hp_loss":0,"event_name":"Bonfire Elementals","floor":19,"gold_loss":0},{"damage_healed":0,"gold_gain":0,"player_choice":"Obtained Book","damage_taken":16,"max_hp_gain":0,"max_hp_loss":0,"event_name":"Cursed Tome","floor":22,"gold_loss":0},{"damage_healed":0,"gold_gain":0,"player_choice":"Inject Mutagens","damage_taken":0,"relics_obtained":["MutagenicStrength"],"max_hp_gain":0,"max_hp_loss":0,"event_name":"Drug Dealer","floor":25,"gold_loss":0},{"damage_healed":0,"gold_gain":0,"player_choice":"Rummage","damage_taken":0,"relics_obtained":["WarpedTongs"],"max_hp_gain":0,"max_hp_loss":0,"event_name":"Accursed Blacksmith","floor":28,"gold_loss":0,"cards_obtained":["Pain"]},{"damage_healed":0,"gold_gain":0,"player_choice":"Obtained Relic","damage_taken":0,"relics_obtained":["Du-Vu Doll"],"max_hp_gain":0,"max_hp_loss":0,"event_name":"Addict","floor":31,"gold_loss":85},{"damage_healed":0,"gold_gain":0,"player_choice":"Ignored","damage_taken":0,"max_hp_gain":0,"max_hp_loss":0,"event_name":"SecretPortal","floor":37,"gold_loss":0},{"cards_removed":["Defend_R"],"damage_healed":0,"gold_gain":0,"player_choice":"Purged","damage_taken":0,"max_hp_gain":0,"max_hp_loss":0,"event_name":"Purifier","floor":47,"gold_loss":0}],"is_beta":false,"boss_relics":[{"not_picked":["SlaversCollar","Sozu"],"picked":"Fusion Hammer"},{"not_picked":["Runic Cube","SacredBark"],"picked":"Empty Cage"}],"items_purged_floors":[10],"is_endless":false,"potions_floor_spawned":[6,13,16,18,23,29,33,35,39],"killed_by":"Donu and Deca","ascension_level":2}}