{"host":"nz11ypxva4e39b7q","time":1609167445,"event":{"mods":["BaseMod","Colored Map","Downfall","Minty Spire (QoL Compilation)","StSLib"],"gold_per_floor":[99,99,199,199,199,199,247,397,429,449,463,150,167,185,196,196,196,196],"floor_reached":16,"playtime":1023,"items_purged":["Slimebound:Icky"],"score":100,"play_id":"97059dcc-4c16-4ae5-8293-df1d97a7242e","local_time":"20201228155725","is_ascension_mode":false,"campfire_choices":[{"floor":1,"key":"RECALL"}],"circlet_count":0,"master_deck":["champ:Strike","champ:Strike","champ:Strike","champ:Strike","champ:Defend","champ:Defend","champ:Defend","champ:Defend","champ:Execute","champ:Taunt","champ:RapidStrikes","champ:CrookedStrike","champ:PreciseThrust","champ:FaceSlap","champ:GladiatorStyle","champ:AdrenalArmor","champ:SteelEdge","champ:Devastate"],"relics":["champ:ChampionCrown","downfall:HeartsMalice","Darkstone Periapt","Bag of Preparation","Juzu Bracelet","Bag of Marbles"],"acts_visited":["Exordium"],"potions_floor_usage":[14,16,16],"damage_taken":[{"damage":0,"enemies":"Small Slimes","floor":2,"turns":1},{"damage":0,"enemies":"2 Louse","floor":4,"turns":1},{"damage":0,"enemies":"Jaw Worm","floor":6,"turns":1},{"damage":56,"enemies":"Lagavulin","floor":9,"turns":11},{"damage":9,"enemies":"Exordium Wildlife","floor":10,"turns":4},{"damage":4,"enemies":"Red Slaver","floor":11,"turns":3},{"damage":2,"enemies":"downfall:FleeingMerchant","floor":12,"turns":4},{"damage":2,"enemies":"Blue Slaver","floor":13,"turns":4},{"damage":1,"enemies":"Exordium Thugs","floor":14,"turns":2},{"damage":0,"enemies":"3 Louse","floor":15,"turns":3},{"damage":15,"enemies":"downfall:Defect","floor":16,"turns":3}],"seed_played":"-4032189406614703760","potions_obtained":[{"floor":9,"key":"FearPotion"},{"floor":13,"key":"SteroidPotion"},{"floor":15,"key":"sneckomod:MuddlingPotion"}],"is_trial":false,"path_per_floor":["R","M","?","M","?","M","T","?","E","M","M","$","M","M","M","B"],"character_chosen":"THE_CHAMP","items_purchased":["champ:SteelEdge","Bag of Marbles"],"campfire_rested":0,"item_purchase_floors":[12,12],"current_hp_per_floor":[90,90,90,90,57,57,57,63,22,18,14,14,14,13,13,0,0,0],"gold":196,"neow_bonus":"THREE_ENEMY_KILL","is_daily":false,"chose_seed":false,"campfire_upgraded":0,"win_rate":0.0,"timestamp":1609167445,"path_taken":["R","M","?","M","?","?","T","?","E","M","M","?","M","M","M","BOSS"],"items_purchased_type":["Card","Relic"],"build_version":"2020-12-22","purchased_purges":1,"victory":false,"max_hp_per_floor":[90,90,90,90,90,90,90,96,96,96,96,96,96,96,96,96,96,96],"card_choices":[{"not_picked":["champ:TornadoPunch","champ:BerserkersShout"],"picked":"champ:RapidStrikes","floor":2},{"not_picked":["champ:BladeFlurry","champ:RapidStrikes"],"picked":"champ:CrookedStrike","floor":4},{"not_picked":["champ:FalseCounter","champ:PerfectedStrike"],"picked":"champ:PreciseThrust","floor":6},{"not_picked":["champ:CrookedStrike","champ:GutPunch"],"picked":"champ:FaceSlap","floor":9},{"not_picked":["champ:Backstep","champ:Duel"],"picked":"champ:GladiatorStyle","floor":10},{"not_picked":["champ:Backstep","champ:DefensiveStyle"],"picked":"champ:AdrenalArmor","floor":11},{"not_picked":["champ:ShieldWall","champ:BerserkersShout","champ:CrookedStrike"],"picked":"SKIP","floor":12},{"not_picked":["champ:PerfectedStrike","champ:FlashCut","champ:GutPunch"],"picked":"SKIP","floor":13},{"not_picked":["champ:BringItOn","champ:PerfectedStrike","champ:BerserkersShout"],"picked":"SKIP","floor":14},{"not_picked":["champ:DefensiveShout","champ:BladeFlurry"],"picked":"champ:Devastate","floor":15}],"player_experience":1148505,"relics_obtained":[{"floor":7,"key":"Bag of Preparation"},{"floor":9,"key":"Juzu Bracelet"}],"event_choices":[{"damage_healed":0,"gold_gain":0,"player_choice":"Success","damage_taken":33,"relics_obtained":["Darkstone Periapt"],"max_hp_gain":0,"max_hp_loss":0,"event_name":"Scrap Ooze","floor":5,"gold_loss":0}],"is_beta":false,"boss_relics":[],"items_purged_floors":[12],"is_endless":false,"potions_floor_spawned":[9,13,15],"killed_by":"downfall:Defect","ascension_level":0}}