{"host":"fuszjwm6fqgjjp4d","time":1609147765,"event":{"mods":["BaseMod","Bestiary","Colored Map","DeckTracker","Minty Spire (QoL Compilation)","Permanent Neow","Relic Sorter","Relic Stats","StSLib"],"gold_per_floor":[118,42,114,114,33,63,80,106,132,162,172,186,202,215,215,289,289,309,309,309,326,49,81,98,98,98,13,43,94,94,94,94,94,94],"floor_reached":33,"playtime":914,"items_purged":["Strike_G"],"score":806,"play_id":"08fc4578-5373-4271-a981-401504ea9d08","local_time":"20201228032925","is_ascension_mode":true,"campfire_choices":[{"floor":15.0,"key":"REST"},{"data":"Adrenaline","floor":25,"key":"SMITH"},{"floor":30,"key":"REST"},{"data":"Accuracy","floor":32,"key":"SMITH"}],"circlet_count":0,"master_deck":["AscendersBane","Strike_G","Defend_G","Defend_G","Defend_G","Defend_G","Defend_G","Survivor","Neutralize","Blade Dance","All Out Attack","Blade Dance","Poisoned Stab","Accuracy+1","Cloak And Dagger","Choke","Quick Slash","Deflect","Cloak And Dagger","Storm of Steel","PiercingWail","Malaise","Tools of the Trade+1","Cloak And Dagger+1","Phantasmal Killer+1","Blade Dance+1","Adrenaline+1","Infinite Blades","Blade Dance","Backflip","Cloak And Dagger","Footwork"],"relics":["Ring of the Snake","NeowsBlessing","Dream Catcher","Pantograph","Tiny Chest","PreservedInsect","Astrolabe","MutagenicStrength","Juzu Bracelet","WingedGreaves","Oddly Smooth Stone","Lantern","Ancient Tea Set"],"acts_visited":["Exordium","TheCity"],"potions_floor_usage":[24,24],"damage_taken":[{"damage":0.0,"enemies":"Cultist","floor":1.0,"turns":1.0},{"damage":0.0,"enemies":"Lagavulin","floor":6.0,"turns":1.0},{"damage":0.0,"enemies":"2 Louse","floor":7.0,"turns":1.0},{"damage":0.0,"enemies":"Gremlin Nob","floor":8.0,"turns":3.0},{"damage":27.0,"enemies":"3 Sentries","floor":10.0,"turns":7.0},{"damage":0.0,"enemies":"Jaw Worm","floor":11.0,"turns":3.0},{"damage":0.0,"enemies":"Large Slime","floor":12.0,"turns":3.0},{"damage":11.0,"enemies":"Exordium Wildlife","floor":13.0,"turns":4.0},{"damage":0.0,"enemies":"Looter","floor":14.0,"turns":3.0},{"damage":47.0,"enemies":"The Guardian","floor":16.0,"turns":14.0},{"damage":3.0,"enemies":"3 Byrds","floor":18.0,"turns":6.0},{"damage":15.0,"enemies":"Shell Parasite","floor":21.0,"turns":2.0},{"damage":0.0,"enemies":"Gremlin Leader","floor":23.0,"turns":5.0},{"damage":12,"enemies":"Snecko","floor":24,"turns":3},{"damage":17,"enemies":"Book of Stabbing","floor":28,"turns":3},{"damage":70,"enemies":"Automaton","floor":33,"turns":6}],"seed_played":"-8093283888245190360","potions_obtained":[{"floor":6.0,"key":"SteroidPotion"},{"floor":8.0,"key":"LiquidMemories"},{"floor":14.0,"key":"SteroidPotion"},{"floor":16.0,"key":"Ancient Potion"},{"floor":21.0,"key":"AttackPotion"},{"floor":23.0,"key":"Ancient Potion"}],"is_trial":false,"path_per_floor":["M","$","?","?","$","E","M","E","T","E","M","M","M","M","R","B",null,"M","?","?","M","$","E","M","R","T","?","E","T","R","?","R","B"],"character_chosen":"THE_SILENT","items_purchased":["All Out Attack","Blade Dance","Poisoned Stab","Adrenaline","Infinite Blades"],"campfire_rested":2,"item_purchase_floors":[2,5,5,22,22],"current_hp_per_floor":[59,59,59,64,64,64,64,64,64,37,37,37,26,26,47,24,59,56,56,56,41,41,41,29,29,29,29,12,12,33,33,33,0,0],"gold":94,"neow_bonus":"THREE_ENEMY_KILL","is_daily":false,"chose_seed":false,"campfire_upgraded":2,"win_rate":0.0,"timestamp":1609147765,"path_taken":["M","?","?","?","$","E","?","E","T","E","M","M","M","M","R","BOSS","M","?","?","M","$","E","M","R","T","?","E","?","R","?","R","BOSS"],"items_purchased_type":["Card","Card","Card","Card","Card"],"build_version":"2020-12-22","purchased_purges":1,"victory":false,"max_hp_per_floor":[66,66,66,71,71,71,71,71,71,71,71,71,71,71,71,71,71,71,71,71,71,71,71,71,71,71,71,71,71,71,71,71,71,71],"relic_stats":{"Dream Catcher":2,"counters":[16,65],"Pantograph":49,"Astrolabe":["Tools of the Trade","Cloak And Dagger","Phantasmal Killer"],"Tiny Chest":1,"PreservedInsect":91,"Juzu Bracelet":0,"obtain_stats":[{"Lantern":28,"NeowsBlessing":0,"Astrolabe":17,"Oddly Smooth Stone":27,"PreservedInsect":10,"Juzu Bracelet":23,"Ancient Tea Set":29,"Dream Catcher":6,"Pantograph":8,"MutagenicStrength":19,"Tiny Chest":9,"WingedGreaves":26,"Ring of the Snake":0},{"Lantern":15,"NeowsBlessing":0,"Astrolabe":10,"Oddly Smooth Stone":14,"PreservedInsect":5,"Juzu Bracelet":13,"Ancient Tea Set":15,"Dream Catcher":2,"Pantograph":4,"MutagenicStrength":11,"Tiny Chest":4,"WingedGreaves":14,"Ring of the Snake":0},{"Lantern":59,"NeowsBlessing":0,"Astrolabe":40,"Oddly Smooth Stone":56,"PreservedInsect":13,"Juzu Bracelet":53,"Ancient Tea Set":59,"Dream Catcher":2,"Pantograph":6,"MutagenicStrength":46,"Tiny Chest":6,"WingedGreaves":56,"Ring of the Snake":0}],"Ring of the Snake":[32]},"card_choices":[{"not_picked":["Flying Knee","Tactician"],"picked":"Blade Dance","floor":1.0},{"not_picked":["Distraction","Deadly Poison"],"picked":"Accuracy","floor":6.0},{"not_picked":["Outmaneuver","Deflect","Dodge and Roll"],"picked":"SKIP","floor":7.0},{"not_picked":["PiercingWail","Dagger Spray"],"picked":"Cloak And Dagger","floor":8.0},{"not_picked":["Heel Hook","Concentrate"],"picked":"Choke","floor":10.0},{"not_picked":["Deadly Poison","Sucker Punch"],"picked":"Quick Slash","floor":11.0},{"not_picked":["All Out Attack","Skewer"],"picked":"Deflect","floor":12.0},{"not_picked":["Acrobatics","PiercingWail"],"picked":"Cloak And Dagger","floor":13.0},{"not_picked":["Slice","Dagger Spray"],"picked":"Storm of Steel","floor":14.0},{"not_picked":["Blade Dance","Poisoned Stab"],"picked":"PiercingWail","floor":15.0},{"not_picked":["Corpse Explosion","Doppelganger"],"picked":"Malaise","floor":16.0},{"not_picked":["Poisoned Stab","Finisher"],"picked":"Blade Dance+1","floor":18.0},{"not_picked":["Endless Agony","Deflect","Dodge and Roll"],"picked":"SKIP","floor":21.0},{"not_picked":["Deflect","Storm of Steel"],"picked":"Blade Dance","floor":23.0},{"not_picked":["Blur","Outmaneuver"],"picked":"Backflip","floor":24},{"not_picked":["Riddle With Holes","Poisoned Stab","Prepared"],"picked":"SKIP","floor":28},{"not_picked":["Dagger Spray","Acrobatics"],"picked":"Cloak And Dagger","floor":30}],"player_experience":1229120,"relics_obtained":[{"floor":6.0,"key":"Dream Catcher"},{"floor":8.0,"key":"Pantograph"},{"floor":9.0,"key":"Tiny Chest"},{"floor":10.0,"key":"PreservedInsect"},{"floor":23.0,"key":"Juzu Bracelet"},{"floor":26,"key":"WingedGreaves"},{"floor":28,"key":"Lantern"},{"floor":29,"key":"Ancient Tea Set"}],"event_choices":[{"damage_healed":0.0,"max_hp_gain":0.0,"max_hp_loss":0.0,"gold_gain":72.0,"event_name":"Golden Wing","player_choice":"Gained Gold","floor":3.0,"gold_loss":0.0,"damage_taken":0.0},{"damage_healed":0.0,"max_hp_gain":5.0,"max_hp_loss":0.0,"gold_gain":0.0,"event_name":"Big Fish","player_choice":"Donut","floor":4.0,"gold_loss":0.0,"damage_taken":0.0},{"damage_healed":0.0,"max_hp_gain":0.0,"max_hp_loss":0.0,"gold_gain":0.0,"event_name":"Drug Dealer","player_choice":"Inject Mutagens","floor":19.0,"gold_loss":0.0,"damage_taken":0.0,"relics_obtained":["MutagenicStrength"]},{"damage_healed":0.0,"max_hp_gain":0.0,"max_hp_loss":0.0,"gold_gain":0.0,"event_name":"Ghosts","player_choice":"Ignored","floor":20.0,"gold_loss":0.0,"damage_taken":0.0},{"damage_healed":0,"gold_gain":0,"player_choice":"Obtained Relic","damage_taken":0,"relics_obtained":["Oddly Smooth Stone"],"max_hp_gain":0,"max_hp_loss":0,"event_name":"Addict","floor":27,"gold_loss":85},{"damage_healed":0,"gold_gain":0,"player_choice":"Read","damage_taken":0,"max_hp_gain":0,"max_hp_loss":0,"event_name":"The Library","floor":31,"gold_loss":0,"cards_obtained":["Footwork"]}],"is_beta":false,"boss_relics":[{"not_picked":["Coffee Dripper","Pandora\u0027s Box"],"picked":"Astrolabe"}],"items_purged_floors":[22],"is_endless":false,"potions_floor_spawned":[6,8,14,16,21,23],"killed_by":"Automaton","ascension_level":20}}