{"host":"fg6h2ig1bl4ozoaa","time":1609187357,"event":{"mods":["BaseMod","Colored Powertips","Hermit","Jorbs\u0027s Wanderer Trilogy","Marisa????????","Minty Spire (QoL Compilation)","StSLib","The Runesmith"],"gold_per_floor":[110,124,139,155,170,199,215,225,251,251,281,281,292,319,331,438,450,479,491,578,400,287,287,300,300,300,300,334,347,347,347],"floor_reached":30,"playtime":1896,"items_purged":["Runesmith:Strike_RS"],"score":297,"play_id":"c52eef5f-8ea3-4b0d-aea3-4b8f18355548","local_time":"20201228122917","is_ascension_mode":false,"campfire_choices":[{"data":"Runesmith:RunicBlueprint","floor":15,"key":"SMITH"},{"data":"Runesmith:Firestorm","floor":23,"key":"SMITH"},{"data":"Runesmith:CraftFirestone","floor":25,"key":"SMITH"},{"data":"Runesmith:EnergizedChisel","floor":27,"key":"SMITH"}],"circlet_count":0,"master_deck":["Runesmith:Strike_RS","Runesmith:Strike_RS","Runesmith:Strike_RS","Runesmith:Defend_RS","Runesmith:Defend_RS+1","Runesmith:Defend_RS+1","Runesmith:Defend_RS","Runesmith:CraftFirestone+1","Runesmith:Fortify","Runesmith:EnergizedChisel+1","Runesmith:UnstableHammer","Runesmith:RunicBlueprint+1","Runesmith:GoWithTheFlow","Runesmith:HammerAndChisel","Runesmith:Grindstone+1","Runesmith:HeatExchange","Runesmith:CraftIncendium","Runesmith:CraftMedicinae","Runesmith:ReplicatingBarrier","Runesmith:Firewall+1","Runesmith:CraftObretio","Runesmith:Firestorm+1","Runesmith:ChaoticBlast","Runesmith:Permafrost+1"],"relics":["Runesmith:CoreCrystal","Nunchaku","Potion Belt","Toy Ornithopter","MawBank","PreservedInsect","Mummified Hand","War Paint"],"acts_visited":["Exordium","TheCity"],"potions_floor_usage":[5,11,18],"damage_taken":[{"damage":4,"enemies":"Cultist","floor":1,"turns":4},{"damage":2,"enemies":"Small Slimes","floor":2,"turns":4},{"damage":0,"enemies":"Jaw Worm","floor":3,"turns":4},{"damage":2,"enemies":"Exordium Thugs","floor":4,"turns":5},{"damage":0,"enemies":"Lots of Slimes","floor":5,"turns":2},{"damage":13,"enemies":"Lagavulin","floor":6,"turns":7},{"damage":0,"enemies":"3 Louse","floor":7,"turns":4},{"damage":2,"enemies":"Looter","floor":8,"turns":4},{"damage":16,"enemies":"3 Sentries","floor":11,"turns":6},{"damage":5,"enemies":"Large Slime","floor":13,"turns":5},{"damage":0,"enemies":"Lagavulin","floor":14,"turns":7},{"damage":11,"enemies":"The Guardian","floor":16,"turns":12},{"damage":11,"enemies":"3 Byrds","floor":18,"turns":5},{"damage":9,"enemies":"Shell Parasite","floor":24,"turns":7},{"damage":28,"enemies":"Book of Stabbing","floor":28,"turns":5},{"damage":14,"enemies":"Snecko","floor":29,"turns":7},{"damage":0,"enemies":"Centurion and Healer","floor":30,"turns":2}],"seed_played":"-442258014017092196","potions_obtained":[{"floor":1,"key":"EssenceOfSteel"},{"floor":2,"key":"Explosive Potion"},{"floor":4,"key":"Energy Potion"},{"floor":7,"key":"FearPotion"},{"floor":8,"key":"CultistPotion"},{"floor":11,"key":"Weak Potion"},{"floor":24,"key":"PowerPotion"}],"is_trial":false,"path_per_floor":["M","M","M","M","M","E","M","M","T","?","E","?","M","E","R","B",null,"M","$","?","$","$","R","M","R","T","R","E","M","M"],"character_chosen":"RUNESMITH_CLASS","items_purchased":["PreservedInsect","Runesmith:CraftObretio","Runesmith:Firestorm"],"campfire_rested":0,"item_purchase_floors":[21,21,22],"current_hp_per_floor":[73,71,71,69,69,56,56,54,54,54,38,38,33,33,33,22,77,68,68,61,61,61,61,52,52,52,52,26,12,12,12],"gold":347,"neow_bonus":"TEN_PERCENT_HP_BONUS","is_daily":false,"chose_seed":false,"campfire_upgraded":4,"win_rate":0.0,"timestamp":1609187357,"path_taken":["M","M","M","M","M","E","M","?","T","?","E","?","M","E","R","BOSS","M","$","?","?","$","R","M","R","T","R","E","M","?"],"items_purchased_type":["Relic","Card","Card"],"build_version":"2020-12-22","purchased_purges":1,"victory":false,"max_hp_per_floor":[77,77,77,77,77,77,77,77,77,77,77,77,77,77,77,77,77,77,77,77,77,77,77,77,77,77,77,77,77,77,77],"card_choices":[{"not_picked":["Runesmith:CraftMagma","Runesmith:Attraction","Runesmith:Firestorm"],"picked":"SKIP","floor":1},{"not_picked":["Runesmith:HammerThrow","Runesmith:Refine"],"picked":"Runesmith:EnergizedChisel","floor":2},{"not_picked":["Runesmith:CraftProtectio","Runesmith:ElementalConversion"],"picked":"Runesmith:UnstableHammer","floor":3},{"not_picked":["Runesmith:Grindstone","Runesmith:CraftProtectio"],"picked":"Runesmith:RunicBlueprint","floor":4},{"not_picked":["Runesmith:Augment","Runesmith:Grindstone"],"picked":"Runesmith:GoWithTheFlow","floor":5},{"not_picked":["Runesmith:ElementalConversion","Runesmith:Refine"],"picked":"Runesmith:HammerAndChisel","floor":6},{"not_picked":["Runesmith:HammerThrow","Runesmith:ShiftingStrike"],"picked":"Runesmith:Grindstone","floor":7},{"not_picked":["Runesmith:ChiselStab","Runesmith:EarthShield"],"picked":"Runesmith:HeatExchange","floor":8},{"not_picked":["Runesmith:LastStand","Runesmith:Refine","Runesmith:EnergizedChisel"],"picked":"SKIP","floor":11},{"not_picked":["Runesmith:HammerThrow","Runesmith:HeatedChisel"],"picked":"Runesmith:CraftIncendium","floor":13},{"not_picked":["Runesmith:RuneHurl","Runesmith:Reinforce"],"picked":"Runesmith:CraftMedicinae","floor":14},{"not_picked":["Runesmith:Duplicate","Runesmith:CraftIndustria"],"picked":"Runesmith:ReplicatingBarrier","floor":16},{"not_picked":["Runesmith:CraftMagma","Runesmith:ShiftingStrike"],"picked":"Runesmith:Firewall+1","floor":18},{"not_picked":["Runesmith:RunicBlueprint","Runesmith:Grindstone","Runesmith:HammerThrow"],"picked":"SKIP","floor":24},{"not_picked":["Runesmith:EnergizedChisel+1","Runesmith:CraftMagma"],"picked":"Runesmith:ChaoticBlast","floor":28},{"not_picked":["Runesmith:HeatedChisel+1","Runesmith:ShiftingStrike"],"picked":"Runesmith:Permafrost+1","floor":29}],"player_experience":987255,"relics_obtained":[{"floor":6,"key":"Nunchaku"},{"floor":9,"key":"Potion Belt"},{"floor":11,"key":"Toy Ornithopter"},{"floor":14,"key":"MawBank"},{"floor":26,"key":"Mummified Hand"},{"floor":28,"key":"War Paint"}],"event_choices":[{"damage_healed":0,"gold_gain":0,"player_choice":"Ignored","damage_taken":0,"max_hp_gain":0,"max_hp_loss":0,"event_name":"Liars Game","floor":10,"gold_loss":0},{"damage_healed":0,"gold_gain":0,"player_choice":"Grow","damage_taken":0,"max_hp_gain":0,"max_hp_loss":0,"event_name":"Living Wall","floor":12,"gold_loss":0,"cards_upgraded":["Runesmith:Grindstone"]},{"damage_healed":0,"gold_gain":75,"player_choice":"Touch","damage_taken":7,"max_hp_gain":0,"max_hp_loss":0,"event_name":"FaceTrader","floor":20,"gold_loss":0}],"is_beta":false,"boss_relics":[{"not_picked":["Coffee Dripper","Black Star"],"picked":"Runesmith:CoreCrystal"}],"items_purged_floors":[22],"is_endless":false,"potions_floor_spawned":[1,2,4,7,8,11,24],"killed_by":"Centurion and Healer","ascension_level":0}}