{"host":"28bpuzdckreop5i0","time":1609168802,"event":{"mods":["Act Like it!","Aspiration","BaseMod","Beaked The Cultist","Best Route Mod","BetterRewards","Challenge The Spire","Conspire","Defuse TimeMaze Blight","Downfall","Energized Spire","GifTheSpireLib","Googly Eyes","Hubris","Infinite Spire","Lobotomy","Mimic Mod","Minty Spire (QoL Compilation)","Relic Stats","Shop Mod","Spicy Shops","StSLib","Stuff the Spire","The Awakened One except there are too many feathers","The Construct","The Cursed","The Disciple","The Hierophant","The IronCluck","The Jungle","Thieving Mod","Transform Curses","Wandering Minibosses","slay the spire mod where everything is the same but ironclad has a cowboy hat"],"gold_per_floor":[119,119,139,139,64,64,64,64,87,87,99,118,135,147,147,243,243,233,233,233,248,101,101,101],"floor_reached":23,"playtime":620,"items_purged":["TheCursedMod:Strike_TheCursed"],"score":181,"play_id":"45bc8ccb-bf30-4f9a-bd21-4dd55b6a642a","local_time":"20201228092002","is_ascension_mode":false,"campfire_choices":[{"data":"TheCursedMod:Stigma","floor":6,"key":"SMITH"},{"data":"TheCursedMod:CursedWand","floor":8,"key":"SMITH"},{"data":"TheCursedMod:CleanUpWorkshop","floor":10,"key":"SMITH"},{"floor":15,"key":"REST"}],"circlet_count":0,"master_deck":["TheCursedMod:Strike_TheCursed+1","TheCursedMod:Strike_TheCursed+1","TheCursedMod:Strike_TheCursed","TheCursedMod:Defend_TheCursed","TheCursedMod:Defend_TheCursed","TheCursedMod:Defend_TheCursed","TheCursedMod:Defend_TheCursed","TheCursedMod:CursedWand+1","TheCursedMod:CleanUpWorkshop+1","TheCursedMod:Dregs","Discovery","TheCursedMod:VitalStrike+1","TheCursedMod:Stigma+1","TheCursedMod:Stigma","TheCursedMod:StingEye","TheCursedMod:OutForBlood","StuffTheSpire:CuriosityCurse","TheCursedMod:StingEye"],"relics":["TheCursedMod:BlackMagic101","MealTicket","StuffTheSpire:HeavyRock","SlaversCollar","Smiling Mask","infinitespire:PuzzleCube"],"acts_visited":["Exordium","TheCity"],"potions_floor_usage":[18,23],"damage_taken":[{"damage":3,"enemies":"2 Louse","floor":1,"turns":4},{"damage":1,"enemies":"Cultist","floor":3,"turns":3},{"damage":0,"enemies":"Small Slimes","floor":11,"turns":2},{"damage":0,"enemies":"Exordium Thugs","floor":12,"turns":3},{"damage":0,"enemies":"Red Slaver","floor":13,"turns":2},{"damage":12,"enemies":"3 Louse","floor":14,"turns":3},{"damage":6,"enemies":"Hexaghost","floor":16,"turns":7},{"damage":19,"enemies":"2 Thieves","floor":18,"turns":5},{"damage":9,"enemies":"Chosen","floor":21,"turns":4},{"damage":53,"enemies":"Snecko","floor":23,"turns":4}],"seed_played":"7293729319978043402","potions_obtained":[{"floor":1,"key":"construct:ShiftPotion"},{"floor":12,"key":"Block Potion"},{"floor":13,"key":"Swift Potion"},{"floor":20,"key":"Strength Potion"}],"is_trial":false,"path_per_floor":["M","?","M","?","$","R","?","R","T","R","M","M","M","M","R","B",null,"M","?","?","M","?","M"],"character_chosen":"THE_CURSED","items_purchased":[],"campfire_rested":1,"item_purchase_floors":[],"current_hp_per_floor":[72,72,71,56,56,56,56,56,56,56,56,56,56,44,66,60,75,56,56,56,47,47,0,0],"gold":101,"neow_bonus":"RANDOM_COLORLESS","is_daily":false,"chose_seed":false,"campfire_upgraded":3,"win_rate":0.0,"timestamp":1609168802,"path_taken":["M","?","?","?","?","R","?","R","T","R","M","M","M","M","R","BOSS","M","?","?","?","?","M"],"items_purchased_type":[],"build_version":"2020-12-22","purchased_purges":1,"victory":false,"max_hp_per_floor":[75,75,75,75,75,75,75,75,75,75,75,75,75,75,75,75,75,75,75,75,75,75,75,75],"relic_stats":{"counters":[10,37],"MealTicket":0,"Smiling Mask":0,"obtain_stats":[{"TheCursedMod:BlackMagic101":0,"SlaversCollar":17,"StuffTheSpire:HeavyRock":9,"MealTicket":7,"Smiling Mask":19,"infinitespire:PuzzleCube":22},{"TheCursedMod:BlackMagic101":0,"SlaversCollar":7,"StuffTheSpire:HeavyRock":2,"MealTicket":2,"Smiling Mask":8,"infinitespire:PuzzleCube":9},{"TheCursedMod:BlackMagic101":0,"SlaversCollar":24,"StuffTheSpire:HeavyRock":7,"MealTicket":7,"Smiling Mask":29,"infinitespire:PuzzleCube":33}]},"card_choices":[{"not_picked":["Purity","expansioncontent:DefensiveMode"],"picked":"Discovery","floor":0},{"not_picked":["TheCursedMod:Stretching","TheCursedMod:SurpriseAttack"],"picked":"TheCursedMod:VitalStrike","floor":1},{"not_picked":["TheCursedMod:AshesToAshes","TheCursedMod:LuckyCharm"],"picked":"TheCursedMod:Stigma","floor":3},{"not_picked":["TheCursedMod:CursedBlade","TheCursedMod:CursedRelics","TheCursedMod:AbyssShockwave"],"picked":"SKIP","floor":11},{"not_picked":["TheCursedMod:Torture","TheCursedMod:SpitefulStrike"],"picked":"TheCursedMod:Stigma","floor":12},{"not_picked":["TheCursedMod:CursedStaff","TheCursedMod:CursedBoomerang"],"picked":"TheCursedMod:StingEye","floor":13},{"not_picked":["TheCursedMod:CursedShiv","TheCursedMod:DoubleShield","TheCursedMod:CircleOfWindfury"],"picked":"SKIP","floor":14},{"not_picked":["TheCursedMod:StunningStrike","TheCursedMod:DemonicPact"],"picked":"TheCursedMod:OutForBlood","floor":16},{"not_picked":["TheCursedMod:TacticalStrike","TheCursedMod:WearCloak","TheCursedMod:LuckyCharm+1"],"picked":"SKIP","floor":18},{"not_picked":["TheCursedMod:Evocation","TheCursedMod:SmokeScreen"],"picked":"TheCursedMod:StingEye","floor":21}],"player_experience":907054,"relics_obtained":[{"floor":7,"key":"MealTicket"},{"floor":9,"key":"StuffTheSpire:HeavyRock"}],"event_choices":[{"damage_healed":0,"gold_gain":0,"player_choice":"Forge","damage_taken":0,"max_hp_gain":0,"max_hp_loss":0,"event_name":"Accursed Blacksmith","floor":2,"gold_loss":0,"cards_upgraded":["TheCursedMod:VitalStrike"]},{"damage_healed":0,"gold_gain":0,"player_choice":"Entered Light","damage_taken":15,"max_hp_gain":0,"max_hp_loss":0,"event_name":"Shining Light","floor":4,"gold_loss":0,"cards_upgraded":["TheCursedMod:Strike_TheCursed","TheCursedMod:Strike_TheCursed"]},{"damage_healed":0,"gold_gain":0,"player_choice":"Got Potions","damage_taken":0,"max_hp_gain":0,"max_hp_loss":0,"event_name":"Lab","floor":20,"gold_loss":0},{"damage_healed":0,"gold_gain":0,"player_choice":"Paid Gold","damage_taken":0,"relics_obtained":["infinitespire:PuzzleCube"],"max_hp_gain":0,"max_hp_loss":0,"event_name":"WeMeetAgain","floor":22,"gold_loss":147}],"is_beta":false,"boss_relics":[{"not_picked":["Ectoplasm","Philosopher\u0027s Stone"],"picked":"SlaversCollar"}],"items_purged_floors":[5],"is_endless":false,"potions_floor_spawned":[1,12,13],"killed_by":"Snecko","ascension_level":0}}