{"host":"s0ikvqhe10eopvjn","time":1609159639,"event":{"mods":["Act Like it!","Bard","BaseMod","Block Reminder","Colored Map","Colored Powertips","DeckTracker","Downfall","Hallownest","Hermit","Highlight Path","Hubris","Infinite Spire","Minty Spire (QoL Compilation)","Permanent Neow","StSLib","The Blue Laboratory","The Bug Knight","The Cursed","The Necromancer"],"gold_per_floor":[110,110,110,136,150,175,175,192,192,192,204,7,40,59,59,154,154,173,193,219,219,233,233,233,268,316,331,346,111,137,153,153,250,250,270,270,286,303,303,303],"floor_reached":39,"playtime":3228,"items_purged":[],"score":483,"play_id":"41c093a0-bdae-4419-8312-a540244303f7","local_time":"20201228124719","is_ascension_mode":false,"campfire_choices":[{"floor":15,"key":"RECALL"},{"floor":23,"key":"REST"},{"floor":32,"key":"REST"}],"circlet_count":0,"master_deck":["Strike_W+1","Strike_W","Strike_W","Strike_W","Defend_W","Defend_W","Defend_W","Defend_W","Negative_Energy_Arrows","Bone_Wall+1","Shade_Step","Vampiric_Strike","Siphon_Strength+1","Finger_Of_Death","Summon_Lich","Summon_Undead_Army+1","Negative_Energy_Shield","Bone_Spikes","Requiem","Negative_Energy_Mist+1","Death_March_Dance","Necronomicurse","Death_March_Dance+1","Stop_Heart","Bone_Armor","Bone_Armory+1","Bone_Armor","Bone_Armory+1","Shade_Step+1","Death_March_Dance+1"],"relics":["Vampire_Amulet","NeowsBlessing","infinitespire:PuzzleCube","HollowMod:StagPassRelic","Toolbox","Pear","hubris:GrandSneckoEye","Bronze Scales","Necronomicon","hubris:PeanutButter","Nunchaku","Pen Nib","Sling","Omamori","Runic Pyramid"],"acts_visited":["Exordium","TheCity","TheBeyond"],"potions_floor_usage":[],"damage_taken":[{"damage":0,"enemies":"Small Slimes","floor":1,"turns":1},{"damage":0,"enemies":"Jaw Worm","floor":5,"turns":1},{"damage":0,"enemies":"HollowMod:MossKnight","floor":6,"turns":1},{"damage":1,"enemies":"2 Louse","floor":8,"turns":2},{"damage":0,"enemies":"2 Fungi Beasts","floor":11,"turns":4},{"damage":15,"enemies":"Lagavulin","floor":13,"turns":6},{"damage":13,"enemies":"Looter","floor":14,"turns":4},{"damage":47,"enemies":"The Guardian","floor":16,"turns":10},{"damage":22,"enemies":"2 Thieves","floor":18,"turns":4},{"damage":9,"enemies":"Spheric Guardian","floor":19,"turns":4},{"damage":39,"enemies":"Centurion and Healer","floor":22,"turns":5},{"damage":25,"enemies":"Slavers","floor":25,"turns":5},{"damage":0,"enemies":"3 Cultists","floor":27,"turns":3},{"damage":28,"enemies":"Shelled Parasite and Fungi","floor":28,"turns":5},{"damage":14,"enemies":"Book of Stabbing","floor":30,"turns":5},{"damage":7,"enemies":"Cultist and Chosen","floor":31,"turns":5},{"damage":17,"enemies":"Collector","floor":33,"turns":6},{"damage":29,"enemies":"3 Shapes","floor":35,"turns":4},{"damage":4,"enemies":"3 Darklings","floor":37,"turns":4},{"damage":28,"enemies":"4 Shapes","floor":38,"turns":4},{"damage":57,"enemies":"2 Orb Walkers","floor":39,"turns":3}],"seed_played":"-8457887695428605661","potions_obtained":[{"floor":5,"key":"blueLaboratory:HorrorPotion"},{"floor":11,"key":"PowerPotion"},{"floor":14,"key":"Swift Potion"},{"floor":25,"key":"Guardian:BlockOnCardUsePotion"}],"is_trial":false,"path_per_floor":["M","?","?","T","M","E","?","M","T","?","M","$","E","M","R","B",null,"M","M","T","?","M","R","?","E","T","M","M","$","E","M","R","B",null,"M","?","M","M","?"],"character_chosen":"NECROMANCER","items_purchased":["Summon_Undead_Army","Toolbox","Bone_Armory","Sling"],"campfire_rested":2,"item_purchase_floors":[12,12,29,29],"current_hp_per_floor":[75,60,60,60,62,64,64,69,69,69,75,75,72,61,61,18,85,67,60,60,44,16,41,41,22,22,30,24,24,21,20,45,34,85,62,62,60,42,0,0],"gold":303,"neow_bonus":"THREE_ENEMY_KILL","is_daily":false,"chose_seed":false,"campfire_upgraded":0,"win_rate":0.0,"timestamp":1609159639,"path_taken":["M","?","?","?","M","E","?","M","T","?","?","$","E","M","R","BOSS","M","M","?","?","M","R","?","E","T","M","?","$","E","?","R","BOSS","M","?","?","?","?"],"items_purchased_type":["Card","Relic","Card","Relic"],"build_version":"2020-12-22","purchased_purges":0,"victory":false,"max_hp_per_floor":[75,75,75,75,75,75,75,75,75,75,75,75,85,85,85,85,85,85,85,85,85,85,85,85,85,85,85,85,85,85,85,85,85,85,85,85,85,85,85,85],"card_choices":[{"not_picked":["Bones_to_Steel","Bone_Spikes"],"picked":"Shade_Step","floor":1},{"not_picked":["Consume_Illness","Chill_Blood"],"picked":"Vampiric_Strike","floor":5},{"not_picked":["Blood_Shield","Spectral_Armor"],"picked":"Siphon_Strength","floor":6},{"not_picked":["Pandemic","Vampiric_Strike"],"picked":"Finger_Of_Death","floor":8},{"not_picked":["Bones_to_Steel","Consume_Illness"],"picked":"Summon_Lich","floor":11},{"not_picked":["Epidemic","Strike_from_Beyond"],"picked":"Negative_Energy_Shield","floor":13},{"not_picked":["Blood_Shield","Corrupt"],"picked":"Bone_Spikes","floor":14},{"not_picked":["Detonate_Bones","Blood_Magic"],"picked":"Requiem","floor":16},{"not_picked":["Death_Coil+1","Bone_Spikes+1"],"picked":"Negative_Energy_Mist+1","floor":18},{"not_picked":["Scare","Death_Coil+1"],"picked":"Death_March_Dance","floor":19},{"not_picked":["Scare","Death_Coil","Blood_Whip"],"picked":"SKIP","floor":22},{"not_picked":["Hellfire","Summon_Undead_Army"],"picked":"Death_March_Dance+1","floor":25},{"not_picked":["Toxic_Smoke_Screen","Bones_to_Steel"],"picked":"Stop_Heart","floor":27},{"not_picked":["Negative_Energy_Sphere+1","Negative_Energy_Shield+1"],"picked":"Bone_Armor","floor":28},{"not_picked":["Death_Coil","Negative_Energy_Javelin"],"picked":"Bone_Armor","floor":30},{"not_picked":["Flesh_Made_Foul","Requiem","Negative_Energy_Shield"],"picked":"SKIP","floor":31},{"not_picked":["Flesh_Made_Foul","Requiem","Negative_Energy_Shield"],"picked":"SKIP","floor":31},{"not_picked":["Scare","Negative_Energy_Javelin+1"],"picked":"Bone_Armory+1","floor":35},{"not_picked":["Shackles_Of_Pain+1","Summon_Lich"],"picked":"Shade_Step+1","floor":37},{"not_picked":["Bone_Spikes","Necrotic_Claws"],"picked":"Death_March_Dance+1","floor":38}],"player_experience":62516,"relics_obtained":[{"floor":6,"key":"infinitespire:PuzzleCube"},{"floor":9,"key":"HollowMod:StagPassRelic"},{"floor":13,"key":"Pear"},{"floor":20,"key":"Bronze Scales"},{"floor":21,"key":"Necronomicon"},{"floor":25,"key":"Nunchaku"},{"floor":26,"key":"Pen Nib"},{"floor":30,"key":"Omamori"}],"event_choices":[{"damage_healed":0,"gold_gain":0,"player_choice":"Entered Light","damage_taken":15,"max_hp_gain":0,"max_hp_loss":0,"event_name":"Shining Light","floor":2,"gold_loss":0,"cards_upgraded":["Bone_Wall","Strike_W"]},{"damage_healed":0,"gold_gain":0,"player_choice":"Leave","damage_taken":0,"max_hp_gain":0,"max_hp_loss":0,"event_name":"The Cleric","floor":7,"gold_loss":0},{"damage_healed":0,"gold_gain":0,"player_choice":"Grow","damage_taken":0,"max_hp_gain":0,"max_hp_loss":0,"event_name":"Living Wall","floor":10,"gold_loss":0,"cards_upgraded":["Siphon_Strength"]},{"damage_healed":0,"gold_gain":0,"player_choice":"Obtained Book","damage_taken":16,"max_hp_gain":0,"max_hp_loss":0,"event_name":"Cursed Tome","floor":21,"gold_loss":0},{"damage_healed":0,"gold_gain":0,"player_choice":"Gave Potion","damage_taken":0,"relics_obtained":["hubris:PeanutButter"],"max_hp_gain":0,"max_hp_loss":0,"event_name":"WeMeetAgain","floor":24,"gold_loss":0},{"damage_healed":0,"gold_gain":0,"player_choice":"Cursed","damage_taken":0,"max_hp_gain":0,"max_hp_loss":0,"event_name":"Wheel of Change","floor":36,"gold_loss":0,"cards_obtained":["Decay"]},{"damage_healed":0,"gold_gain":0,"player_choice":"Fight","damage_taken":0,"max_hp_gain":0,"max_hp_loss":0,"event_name":"Mysterious Sphere","floor":39,"gold_loss":0}],"is_beta":false,"boss_relics":[{"not_picked":["hubris:RunicObelisk","infinitespire:Cupcake"],"picked":"hubris:GrandSneckoEye"},{"not_picked":["SacredBark","hubris:Stopwatch"],"picked":"Runic Pyramid"}],"items_purged_floors":[],"is_endless":false,"potions_floor_spawned":[5,11,14,16,22,25,28,30,37,38],"killed_by":"2 Orb Walkers","ascension_level":0}}