{"host":"873t0y8ybyo38pfq","time":1609123990,"event":{"mods":["BaseMod","Bestiary","Colored Map","Colored Powertips","Highlight Path","Minty Spire (QoL Compilation)","Quick Restart","RNG Fix","Rare Cards Sparkle","Relic Stats","StSLib"],"gold_per_floor":[116,4,4,4,14,47,47,77,77,104,120,120,120,120,120],"floor_reached":14,"playtime":268,"items_purged":[],"score":262,"play_id":"5b37db3d-7c71-4843-8540-ddf03701863b","local_time":"20201227215310","is_ascension_mode":true,"campfire_choices":[{"floor":7,"key":"REST"}],"circlet_count":0,"master_deck":["AscendersBane","Strike_G","Strike_G","Strike_G","Strike_G","Strike_G","Defend_G","Defend_G","Defend_G","Defend_G","Defend_G","Survivor","Neutralize","Noxious Fumes+1","Blur+1","Blur","Backflip","Die Die Die","PiercingWail"],"relics":["Ring of the Snake","NeowsBlessing","Ornamental Fan","Tiny Chest","Smiling Mask","Torii","Shovel"],"acts_visited":["Exordium"],"potions_floor_usage":[8,8,14],"damage_taken":[{"damage":0,"enemies":"Small Slimes","floor":1,"turns":1},{"damage":0,"enemies":"Jaw Worm","floor":5,"turns":1},{"damage":0,"enemies":"Gremlin Nob","floor":6,"turns":1},{"damage":1,"enemies":"3 Sentries","floor":8,"turns":7},{"damage":7,"enemies":"Lagavulin","floor":10,"turns":10},{"damage":0,"enemies":"2 Louse","floor":11,"turns":3},{"damage":68,"enemies":"Gremlin Nob","floor":14,"turns":4}],"seed_played":"-2149862250328023051","potions_obtained":[{"floor":5,"key":"Strength Potion"},{"floor":6,"key":"CunningPotion"},{"floor":10,"key":"DuplicationPotion"}],"is_trial":false,"path_per_floor":["M","$","?","?","M","E","R","E","T","E","M","?","?","E"],"character_chosen":"THE_SILENT","items_purchased":["Noxious Fumes","Blur"],"campfire_rested":1,"item_purchase_floors":[2,2],"current_hp_per_floor":[59,59,39,4,4,4,23,22,22,15,15,31,31,0,0],"gold":120,"neow_bonus":"THREE_ENEMY_KILL","is_daily":false,"chose_seed":false,"campfire_upgraded":0,"win_rate":0.0,"timestamp":1609123990,"path_taken":["M","$","?","?","M","E","R","E","T","E","?","?","?","E"],"items_purchased_type":["Card","Card"],"build_version":"2020-12-22","purchased_purges":0,"victory":false,"max_hp_per_floor":[66,66,66,66,66,66,66,66,66,66,66,66,63,63,63],"relic_stats":{"Shovel":0,"Torii":2,"counters":[7,27],"Ornamental Fan":[24],"Tiny Chest":0,"Smiling Mask":0,"obtain_stats":[{"Shovel":10,"NeowsBlessing":0,"Torii":9,"Ornamental Fan":4,"Tiny Chest":6,"Smiling Mask":8,"Ring of the Snake":0},{"Shovel":5,"NeowsBlessing":0,"Torii":4,"Ornamental Fan":1,"Tiny Chest":3,"Smiling Mask":4,"Ring of the Snake":0},{"Shovel":20,"NeowsBlessing":0,"Torii":10,"Ornamental Fan":1,"Tiny Chest":3,"Smiling Mask":10,"Ring of the Snake":0}],"Ring of the Snake":[14]},"card_choices":[{"not_picked":["Poisoned Stab","Quick Slash","Endless Agony"],"picked":"SKIP","floor":1},{"not_picked":["Skewer","Outmaneuver"],"picked":"Blur","floor":5},{"not_picked":["Acrobatics","Riddle With Holes"],"picked":"Backflip","floor":6},{"not_picked":["Blade Dance","Bane"],"picked":"Die Die Die","floor":8},{"not_picked":["Tactician","Bullet Time","Heel Hook"],"picked":"SKIP","floor":10},{"not_picked":["Dash","Acrobatics"],"picked":"PiercingWail","floor":11}],"player_experience":1371049,"relics_obtained":[{"floor":6,"key":"Tiny Chest"},{"floor":8,"key":"Smiling Mask"},{"floor":9,"key":"Torii"},{"floor":10,"key":"Shovel"}],"event_choices":[{"damage_healed":0,"gold_gain":0,"player_choice":"Entered Light","damage_taken":20,"max_hp_gain":0,"max_hp_loss":0,"event_name":"Shining Light","floor":3,"gold_loss":0,"cards_upgraded":["Blur","Noxious Fumes"]},{"damage_healed":0,"gold_gain":0,"player_choice":"Success","damage_taken":35,"relics_obtained":["Ornamental Fan"],"max_hp_gain":0,"max_hp_loss":0,"event_name":"Scrap Ooze","floor":4,"gold_loss":0},{"damage_healed":16,"gold_gain":0,"player_choice":"Healed and dodged fight","damage_taken":0,"max_hp_gain":0,"max_hp_loss":0,"event_name":"Mushrooms","floor":12,"gold_loss":0,"cards_obtained":["Parasite"]},{"cards_removed":["Parasite"],"damage_healed":0,"gold_gain":0,"player_choice":"Forget","damage_taken":0,"max_hp_gain":0,"max_hp_loss":0,"event_name":"Living Wall","floor":13,"gold_loss":0}],"is_beta":false,"boss_relics":[],"items_purged_floors":[],"is_endless":false,"potions_floor_spawned":[5,6,10],"killed_by":"Gremlin Nob","ascension_level":20}}