{"host":"jksa5rawk3m4gilz","time":1609178678,"event":{"mods":["BaseMod","Colored Map","Highlight Path","Minty Spire (QoL Compilation)","Quick Restart"],"gold_per_floor":[115,130,62,75,89,89,120,120,146,146,146,181,181,200,200,200,200],"floor_reached":16,"playtime":1469,"items_purged":[],"score":187,"play_id":"fb6ceae0-2840-4c28-b0c0-2a5b84f8ebf9","local_time":"20201228190438","is_ascension_mode":true,"campfire_choices":[{"data":"Neutralize","floor":6,"key":"SMITH"},{"floor":8,"key":"REST"},{"data":"Endless Agony","floor":10,"key":"SMITH"},{"floor":15,"key":"REST"}],"circlet_count":0,"master_deck":["AscendersBane","Strike_G","Strike_G","Strike_G","Defend_G","Defend_G","Defend_G","Defend_G","Defend_G","Survivor","Neutralize+1","Terror","Slice","Endless Agony+1","Accuracy","Accuracy","Tools of the Trade","Footwork"],"relics":["WristBlade","Bag of Marbles","MealTicket","Snake Skull"],"acts_visited":["Exordium"],"potions_floor_usage":[16,16,16,16],"damage_taken":[{"damage":10,"enemies":"Cultist","floor":1,"turns":4},{"damage":3,"enemies":"Small Slimes","floor":2,"turns":4},{"damage":2,"enemies":"2 Louse","floor":4,"turns":2},{"damage":5,"enemies":"Large Slime","floor":5,"turns":3},{"damage":15,"enemies":"Gremlin Nob","floor":7,"turns":4},{"damage":2,"enemies":"Lagavulin","floor":12,"turns":5},{"damage":5,"enemies":"Blue Slaver","floor":14,"turns":5},{"damage":49,"enemies":"Slime Boss","floor":16,"turns":9}],"seed_played":"7293292762513777428","potions_obtained":[{"floor":1,"key":"SmokeBomb"},{"floor":2,"key":"Weak Potion"},{"floor":14,"key":"EntropicBrew"}],"is_trial":false,"path_per_floor":["M","M","$","M","M","R","E","R","T","R","?","E","?","M","R","B"],"character_chosen":"THE_SILENT","items_purchased":["Endless Agony"],"campfire_rested":2,"item_purchase_floors":[3],"current_hp_per_floor":[49,46,46,44,39,39,24,43,43,43,36,34,34,29,48,0,0],"gold":200,"neow_bonus":"BOSS_RELIC","is_daily":false,"chose_seed":false,"campfire_upgraded":2,"win_rate":0.0,"timestamp":1609178678,"path_taken":["M","?","$","M","M","R","E","R","T","R","?","E","?","M","R","BOSS"],"items_purchased_type":["Card"],"build_version":"2020-12-22","purchased_purges":0,"victory":false,"max_hp_per_floor":[66,66,66,66,66,66,66,66,66,66,66,66,66,66,66,66,66],"card_choices":[{"not_picked":["Well Laid Plans","Outmaneuver"],"picked":"Terror","floor":1},{"not_picked":["Poisoned Stab","All Out Attack"],"picked":"Slice","floor":2},{"not_picked":["Dagger Spray","All Out Attack","Deadly Poison"],"picked":"SKIP","floor":4},{"not_picked":["Riddle With Holes","PiercingWail"],"picked":"Accuracy","floor":5},{"not_picked":["Envenom","Prepared"],"picked":"Accuracy","floor":7},{"not_picked":["Prepared","Acrobatics"],"picked":"Tools of the Trade","floor":12},{"not_picked":["Riddle With Holes","Bane"],"picked":"Footwork","floor":14}],"player_experience":2082651,"relics_obtained":[{"floor":7,"key":"Bag of Marbles"},{"floor":9,"key":"MealTicket"},{"floor":12,"key":"Snake Skull"}],"event_choices":[{"cards_removed":["Strike_G"],"damage_healed":0,"gold_gain":0,"player_choice":"Card Removal","damage_taken":7,"max_hp_gain":0,"max_hp_loss":0,"event_name":"Golden Wing","floor":11,"gold_loss":0},{"cards_removed":["Strike_G"],"damage_healed":0,"gold_gain":0,"player_choice":"Forget","damage_taken":0,"max_hp_gain":0,"max_hp_loss":0,"event_name":"Living Wall","floor":13,"gold_loss":0}],"is_beta":false,"boss_relics":[],"items_purged_floors":[],"is_endless":false,"potions_floor_spawned":[1,2,14],"killed_by":"Slime Boss","ascension_level":14}}