{"host":"f5ezd1v29dtbwkzo","time":1609188399,"event":{"mods":["2.2 Compatiblity","BaseMod","Hermit","Hubris","Infinite Spire","Minty Spire (QoL Compilation)","Rare Cards Sparkle","Replay The Spire","StSLib"],"gold_per_floor":[117,117,63,138,138,138,138,163,163,175,200,222,254,278,290,407,519,544,568,600,612,624,636,664,694,706,718,741,764,809,821,833,941,953,976,988,1015,1027,1049,1061,1083,1095,1107,1119,304,304,329,349,349,349,349,349,223,250,250,250],"floor_reached":55,"playtime":2679,"items_purged":["Shame"],"score":819,"play_id":"5f2d2f9b-896b-4f97-a34b-5e9ae44d307a","local_time":"20201228234639","is_ascension_mode":false,"campfire_choices":[{"data":"Bash","floor":6,"key":"SMITH"},{"data":"Flame Barrier","floor":15,"key":"SMITH"},{"data":"Immolate","floor":23,"key":"SMITH"},{"data":"True Grit","floor":27,"key":"SMITH"},{"floor":32,"key":"RECALL"},{"data":"True Grit","floor":40,"key":"SMITH"},{"data":"Demon Form","floor":42,"key":"SMITH"},{"floor":44,"key":"REST"},{"data":"Replay:Dark Deal","floor":46,"key":"SMITH"},{"data":"Double Tap","floor":52,"key":"SMITH"}],"circlet_count":0,"master_deck":["Strike_R","Strike_R","Strike_R","Strike_R","Strike_R","Defend_R","Defend_R","Defend_R","Defend_R+1","Bash+1","Infernal Blade+1","Fire Breathing+1","Flame Barrier+1","Thunderclap","Inflame","Pommel Strike","Dual Wield","Immolate+1","Seeing Red+1","Shrug It Off+1","Spot Weakness","True Grit+1","Replay:Undeath\u0027s Touch","Clothesline+1","Heavy Blade+1","Double Tap+1","AbeCurse","True Grit+1","Thunderclap+1","Strike_R","Demon Form+1","Replay:Dark Deal+1","ReplayTheSpireMod:Strike From Hell+1","Armaments+1","Battle Trance+1"],"relics":["Burning Blood","NeowsBlessing","Replay:Baseball","hubris:PeanutButter","MawBank","Replay:Wanted Poster","Anchor","Bag of Preparation","Ancient Tea Set","Abe\u0027s Treasure","ReplayTheSpireMod:Ring of Exchange","ReplayTheSpireMod:Ring of Addiction","White Beast Statue","SacredBark","Replay:Mystery Machine","hubris:SlimyHat","InkBottle","Replay:Lucky Slots","Pear","SsserpentHead","hubris:MysteriousPyramids"],"acts_visited":["Exordium","TheCity","TheBeyond","TheEnding"],"potions_floor_usage":[19,29,33,33,39,41,47,50,50,54,55,55],"damage_taken":[{"damage":0,"enemies":"Cultist","floor":1,"turns":1},{"damage":0,"enemies":"Lagavulin","floor":8,"turns":1},{"damage":0,"enemies":"Jaw Worm","floor":11,"turns":1},{"damage":0,"enemies":"2 Louse","floor":12,"turns":2},{"damage":0,"enemies":"Looter","floor":13,"turns":2},{"damage":0,"enemies":"Exordium Thugs","floor":14,"turns":2},{"damage":33,"enemies":"Hexaghost","floor":16,"turns":9},{"damage":4,"enemies":"2 Thieves","floor":18,"turns":3},{"damage":0,"enemies":"Spheric Guardian","floor":19,"turns":3},{"damage":5,"enemies":"3 Cultists","floor":20,"turns":5},{"damage":14,"enemies":"Snecko","floor":24,"turns":5},{"damage":15,"enemies":"Snake Plant","floor":25,"turns":4},{"damage":0,"enemies":"Centurion and Healer","floor":28,"turns":5},{"damage":0,"enemies":"Shelled Parasite and Fungi","floor":29,"turns":4},{"damage":0,"enemies":"Replay:Snechameleon","floor":30,"turns":6},{"damage":49,"enemies":"hubris:MusketHawk","floor":33,"turns":8},{"damage":5,"enemies":"Orb Walker","floor":35,"turns":4},{"damage":0,"enemies":"3 Shapes","floor":37,"turns":2},{"damage":22,"enemies":"Maw","floor":39,"turns":7},{"damage":12,"enemies":"Spire Growth","floor":41,"turns":4},{"damage":0,"enemies":"Reptomancer","floor":47,"turns":4},{"damage":3,"enemies":"Transient","floor":48,"turns":5},{"damage":70,"enemies":"Time Eater","floor":50,"turns":12},{"damage":2,"enemies":"Shield and Spear","floor":54,"turns":3},{"damage":174,"enemies":"The Heart","floor":55,"turns":8}],"seed_played":"-8534743948031915523","potions_obtained":[{"floor":1,"key":"Strength Potion"},{"floor":11,"key":"Adrenaline Potion"},{"floor":14,"key":"SkillPotion"},{"floor":19,"key":"Explosive Potion"},{"floor":25,"key":"HeartOfIron"},{"floor":36,"key":"Explosive Potion"},{"floor":36,"key":"Energy Potion"},{"floor":36,"key":"Block Potion"},{"floor":37,"key":"FairyPotion"},{"floor":39,"key":"Languid Potion"},{"floor":41,"key":"SkillPotion"},{"floor":47,"key":"ElixirPotion"},{"floor":54,"key":"infinitespire:BlackPotion"}],"is_trial":false,"path_per_floor":["M","?","$","?","?","R","T","E","T","$","M","M","M","M","R","B",null,"M","M","M","?","$","R","M","M","T","R","M","M","E","AVR","R","B",null,"M","?","M","?","M","R","M","R","T","R","$","R","E","M","R","B",null,"R","$","E","B"],"character_chosen":"IRONCLAD","items_purchased":["Fire Breathing+1","hubris:SlimyHat","InkBottle","Replay:Lucky Slots","Replay:Dark Deal","Block Potion","Languid Potion"],"campfire_rested":1,"item_purchase_floors":[3,45,45,45,45,53,53],"current_hp_per_floor":[80,80,80,69,69,69,69,75,75,75,80,80,80,80,80,53,80,80,80,80,80,80,80,72,63,63,63,69,75,80,80,80,37,80,80,80,80,80,64,64,58,58,58,80,78,78,88,88,88,24,88,88,88,86,0,0],"gold":250,"neow_bonus":"THREE_ENEMY_KILL","is_daily":false,"chose_seed":false,"campfire_upgraded":8,"win_rate":0.0,"timestamp":1609188399,"path_taken":["M","?","$","?","?","R","?","E","T","$","M","?","M","M","R","BOSS","M","M","M","?","?","R","M","M","T","R","M","M","E","AVR","R","BOSS","M","?","M","?","M","R","M","R","T","R","$","R","E","M","R","BOSS","R","$","E","BOSS"],"items_purchased_type":["Card","Relic","Relic","Relic","Card","Potion","Potion"],"build_version":"2020-12-22","purchased_purges":1,"victory":false,"max_hp_per_floor":[80,80,80,80,80,80,80,80,80,80,80,80,80,80,80,80,80,80,80,80,80,80,80,80,80,80,80,80,80,80,80,80,80,80,80,80,80,80,80,80,80,80,80,80,78,78,88,88,88,88,88,88,88,86,86,86],"card_choices":[{"not_picked":["Anger","ReplayTheSpireMod:Stacked"],"picked":"Infernal Blade","floor":1},{"not_picked":["Cleave","Anger"],"picked":"Flame Barrier","floor":8},{"not_picked":["Perfected Strike","Pommel Strike"],"picked":"Thunderclap","floor":11},{"not_picked":["Cleave","Intimidate"],"picked":"Inflame","floor":12},{"not_picked":["Wild Strike","Intimidate"],"picked":"Pommel Strike","floor":13},{"not_picked":["Iron Wave","Feel No Pain"],"picked":"Dual Wield","floor":14},{"not_picked":["Hemogenesis","Bludgeon"],"picked":"Immolate","floor":16},{"not_picked":["Perfected Strike","Heavy Blade"],"picked":"Seeing Red+1","floor":18},{"not_picked":["ReplayTheSpireMod:Corrosion Curse","Blood for Blood"],"picked":"Shrug It Off+1","floor":19},{"not_picked":["Massacre+1","Heavy Blade"],"picked":"Spot Weakness","floor":20},{"not_picked":["Disarm","Battle Trance+1"],"picked":"True Grit","floor":24},{"not_picked":["Feel No Pain+1","Thunderclap","Perfected Strike"],"picked":"SKIP","floor":25},{"not_picked":["Iron Wave+1","Flex"],"picked":"Replay:Undeath\u0027s Touch","floor":28},{"not_picked":["Shockwave","Sentinel+1"],"picked":"Clothesline+1","floor":29},{"not_picked":["Corruption","Flex"],"picked":"Heavy Blade+1","floor":30},{"not_picked":["Offering","Hemogenesis"],"picked":"Double Tap","floor":33},{"not_picked":["ReplayTheSpireMod:Strike From Hell","Entrench"],"picked":"True Grit","floor":35},{"not_picked":["Clothesline+1","infinitespire:OneForAll+1"],"picked":"Thunderclap+1","floor":37},{"not_picked":["Havoc+1","Thunderclap","Dual Wield"],"picked":"SKIP","floor":39},{"not_picked":["Body Slam","Searing Blow+1"],"picked":"Demon Form","floor":41},{"not_picked":["Havoc","ReplayReversal+1"],"picked":"ReplayTheSpireMod:Strike From Hell+1","floor":47},{"not_picked":["Fire Breathing","Entrench+1"],"picked":"Armaments+1","floor":48},{"not_picked":["Dual Wield","hubris:ReadiedAction+1"],"picked":"Battle Trance+1","floor":54}],"player_experience":305640,"relics_obtained":[{"floor":7,"key":"Replay:Baseball"},{"floor":8,"key":"hubris:PeanutButter"},{"floor":9,"key":"MawBank"},{"floor":30,"key":"Bag of Preparation"},{"floor":36,"key":"ReplayTheSpireMod:Ring of Exchange"},{"floor":36,"key":"ReplayTheSpireMod:Ring of Addiction"},{"floor":36,"key":"White Beast Statue"},{"floor":36,"key":"SacredBark"},{"floor":43,"key":"Replay:Mystery Machine"},{"floor":47,"key":"Pear"},{"floor":54,"key":"hubris:MysteriousPyramids"}],"event_choices":[{"damage_healed":0,"gold_gain":0,"player_choice":"Grow","damage_taken":0,"max_hp_gain":0,"max_hp_loss":0,"event_name":"Living Wall","floor":2,"gold_loss":0,"cards_upgraded":["Infernal Blade"]},{"damage_healed":0,"gold_gain":75,"player_choice":"Gather Gold","damage_taken":11,"max_hp_gain":0,"max_hp_loss":0,"event_name":"World of Goop","floor":4,"gold_loss":0},{"damage_healed":0,"gold_gain":0,"player_choice":"Stole Relic","damage_taken":0,"relics_obtained":["Anchor"],"max_hp_gain":0,"max_hp_loss":0,"event_name":"Addict","floor":21,"gold_loss":0,"cards_obtained":["Shame"]},{"cards_removed":["Looming Evil"],"damage_healed":0,"gold_gain":0,"player_choice":"Took Card","damage_taken":0,"max_hp_gain":0,"max_hp_loss":0,"event_name":"NoteForYourself","floor":38,"gold_loss":0,"cards_obtained":["Strike_R"]},{"damage_healed":0,"gold_gain":0,"player_choice":"Trade","damage_taken":0,"relics_obtained":["SsserpentHead"],"max_hp_gain":0,"max_hp_loss":0,"event_name":"FaceTrader","floor":49,"gold_loss":0}],"is_beta":false,"boss_relics":[{"not_picked":["infinitespire:Burning Sword","infinitespire:Cupcake"],"picked":"Replay:Wanted Poster"},{"not_picked":["Empty Cage","Philosopher\u0027s Stone"],"picked":"Abe\u0027s Treasure"}],"items_purged_floors":[45],"is_endless":false,"potions_floor_spawned":[1,11,14,16,19,25,37,39,41,47,48,54],"killed_by":"The Heart","ascension_level":0}}