{"host":"egwexuw5uvnxf11j","time":1609118245,"event":{"mods":["2.2 Compatiblity","Aspiration","BaseMod","Better Altar","Better Note","Better Sensory Stone","Better Third Choice","Displayed Cursed Tome","Downfall","Hermit","Key Reminder","Koishi","Marisa????????","Minty Spire (QoL Compilation)","Quick Restart","Shade Mod","Spicy Shops","StSLib","The Construct","The Cursed","The Hierophant","The Runesmith","The Senshi","The Servant 0.9.4","Transform Curses"],"gold_per_floor":[110,130,130,130,130,130,162,237,237,237,53,63,63,78,78,78,78],"floor_reached":16,"playtime":879,"items_purged":[],"score":103,"play_id":"cd84ac96-523c-4ce2-ae94-c1ed2bb2f174","local_time":"20201227201725","is_ascension_mode":true,"campfire_choices":[{"data":"hermit:Determination","floor":6,"key":"SMITH"},{"floor":10,"key":"REST"},{"floor":15,"key":"REST"}],"circlet_count":0,"master_deck":["hermit:Strike_Hermit","hermit:Strike_Hermit","hermit:Strike_Hermit","hermit:Strike_Hermit","hermit:Defend_Hermit","hermit:Defend_Hermit","hermit:Defend_Hermit","hermit:Defend_Hermit","hermit:Snapshot","hermit:Covet","hermit:Horror","hermit:Determination+1","hermit:Spite","hermit:GhostlyPresence","hermit:ShadowCloak","hermit:LowProfile","hermit:ItchyTrigger"],"relics":["hermit:Momento","Juzu Bracelet","Happy Flower","Strawberry","keyreminder:keyreminder","Ornamental Fan","PreservedInsect"],"acts_visited":["Exordium"],"potions_floor_usage":[7,7,16],"damage_taken":[{"damage":7,"enemies":"Jaw Worm","floor":1,"turns":4},{"damage":1,"enemies":"Cultist","floor":2,"turns":3},{"damage":34,"enemies":"3 Sentries","floor":7,"turns":10},{"damage":8,"enemies":"Small Slimes","floor":12,"turns":3},{"damage":10,"enemies":"Looter","floor":14,"turns":3},{"damage":88,"enemies":"The Guardian","floor":16,"turns":12}],"seed_played":"-9173855904205504339","potions_obtained":[{"floor":1,"key":"Slimebound:ThreeZeroPotion"},{"floor":2,"key":"AttackPotion"},{"floor":7,"key":"hexamod:EctoCoolerPotion"}],"is_trial":false,"path_per_floor":["M","M","?","?","?","R","E","?","T","R","$","M","?","M","R","B"],"character_chosen":"HERMIT","items_purchased":["PreservedInsect","hermit:ShadowCloak"],"campfire_rested":2,"item_purchase_floors":[11,11],"current_hp_per_floor":[68,67,67,49,74,74,47,36,36,60,60,52,60,50,74,0,0],"gold":78,"neow_bonus":"RANDOM_COMMON_RELIC","is_daily":false,"chose_seed":false,"campfire_upgraded":1,"win_rate":0.0,"timestamp":1609118245,"path_taken":["M","M","?","?","?","R","E","?","T","R","$","M","?","M","R","BOSS"],"items_purchased_type":["Relic","Card"],"build_version":"2020-12-22","purchased_purges":0,"victory":false,"max_hp_per_floor":[75,75,75,75,75,75,82,82,82,82,82,82,82,82,82,82,82],"card_choices":[{"not_picked":["hermit:CursedWeapon","hermit:Misfire"],"picked":"hermit:Horror","floor":1},{"not_picked":["hermit:LoneWolf","hermit:WideOpen"],"picked":"hermit:Determination","floor":2},{"not_picked":["hermit:EyeOfTheStorm","hermit:Vantage"],"picked":"hermit:GhostlyPresence","floor":7},{"not_picked":["hermit:TakeCover","hermit:FullyLoaded"],"picked":"hermit:LowProfile","floor":12},{"not_picked":["hermit:Dive","hermit:Adapt"],"picked":"hermit:ItchyTrigger","floor":14}],"player_experience":2099602,"relics_obtained":[{"floor":7,"key":"Strawberry"},{"floor":9,"key":"Ornamental Fan"}],"event_choices":[{"damage_healed":0,"gold_gain":0,"player_choice":"1 cards matched","damage_taken":0,"max_hp_gain":0,"max_hp_loss":0,"event_name":"Match and Keep!","floor":3,"gold_loss":0,"cards_obtained":["hermit:Spite"]},{"damage_healed":0,"gold_gain":0,"player_choice":"Relic ","damage_taken":18,"max_hp_gain":0,"max_hp_loss":0,"event_name":"betterThird:BetterScrap","floor":4,"gold_loss":0,"cards_obtained":["WindmillStrike"]},{"damage_healed":25,"gold_gain":0,"player_choice":"Banana","damage_taken":0,"max_hp_gain":0,"max_hp_loss":0,"event_name":"Big Fish","floor":5,"gold_loss":0},{"damage_healed":0,"gold_gain":75,"player_choice":"Gold","damage_taken":11,"max_hp_gain":0,"max_hp_loss":0,"event_name":"betterThird:BetterGoop","floor":8,"gold_loss":0}],"is_beta":false,"boss_relics":[],"items_purged_floors":[],"is_endless":false,"potions_floor_spawned":[1,2,7],"killed_by":"The Guardian","ascension_level":1}}