{"host":"j3h0p3l2xgzxhnx7","time":1609166483,"event":{"mods":["BaseMod","Luminous","Marisa????????","Minty Spire (QoL Compilation)","Remilia??????","StSLib","The Bug Knight","The Cursed","The Servant 0.9.4"],"gold_per_floor":[113,125,125,125,125,159,220,220,220,220,240,253,253,253,253,349,349,359,375,375,475,494,494,513,523,523,54,71,71,49,61,61,166,166,185,197,197,45,0,0,13,13,13],"floor_reached":42,"playtime":2695,"items_purged":[],"score":448,"play_id":"9ef95d9e-c7b0-47e5-85da-339cade4249b","local_time":"20201228224123","is_ascension_mode":false,"campfire_choices":[{"data":"HollowMod:PogoStrike","floor":8,"key":"SMITH"},{"floor":13,"key":"REST"},{"floor":15,"key":"REST"},{"floor":23,"key":"REST"},{"floor":32,"key":"REST"},{"floor":40,"key":"REST"}],"circlet_count":0,"master_deck":["HollowMod:NailStrikeStart+1","HollowMod:NailStrikeStart","HollowMod:NailStrikeStart+1","HollowMod:NailStrikeStart","HollowMod:QuickDashStart","HollowMod:QuickDashStart","HollowMod:QuickDashStart","HollowMod:QuickDashStart","HollowMod:FocusHealStart","HollowMod:PogoStrike+1","HollowMod:SiblingsSouls","HollowMod:SoulSplash","HollowMod:HuntersJournal","HollowMod:Grubsong","HollowMod:CornifersMapStart","HollowMod:LifebloodCocoon","HollowMod:VengefulSpirit","HollowMod:Hiveblood+1","CurseOfTheBell","HollowMod:LifebloodCocoon+1","HollowMod:GoodIntentions+1","Gluttony_TH","HollowMod:DreamGate+1","HollowMod:SiblingsSouls+1","HollowMod:FallenFury+1","HollowMod:HuntersJournal+1","HollowMod:ChannelNail+1","HollowMod:PogoStrike+1","HollowMod:ChannelNail+1","HollowMod:CoiledNail+1","HollowMod:VoidDash+1","HollowMod:CrystalDash+1","HollowMod:SoulEater+1","HollowMod:SiblingsShadow+1"],"relics":["HollowMod:VesselMask","NeowsBlessing","Pen Nib","Regal Pillow","PreservedInsect","Kunai","Toxic Egg 2","Calling Bell","Bronze Scales","Gremlin Horn","StoneCalendar","Whetstone","Pear","Strange Spoon","Snecko Eye","Juzu Bracelet","Red Mask"],"acts_visited":["Exordium","TheCity","TheBeyond"],"potions_floor_usage":[16,16,19,19,19,33,33,42],"damage_taken":[{"damage":0,"enemies":"Cultist","floor":1,"turns":1},{"damage":0,"enemies":"Jaw Worm","floor":2,"turns":1},{"damage":0,"enemies":"HollowMod:MossKnight","floor":6,"turns":1},{"damage":33,"enemies":"Gremlin Nob","floor":7,"turns":4},{"damage":17,"enemies":"Small Slimes","floor":11,"turns":4},{"damage":21,"enemies":"2 Fungi Beasts","floor":12,"turns":3},{"damage":49,"enemies":"HollowMod:FalseKnight","floor":16,"turns":7},{"damage":42,"enemies":"2 Thieves","floor":18,"turns":4},{"damage":42,"enemies":"Chosen","floor":19,"turns":6},{"damage":40,"enemies":"Snecko","floor":22,"turns":7},{"damage":57,"enemies":"Chosen and Byrds","floor":24,"turns":7},{"damage":53,"enemies":"Snake Plant","floor":25,"turns":7},{"damage":37,"enemies":"Centurion and Healer","floor":28,"turns":6},{"damage":42,"enemies":"Snecko","floor":31,"turns":6},{"damage":156,"enemies":"Collector","floor":33,"turns":14},{"damage":70,"enemies":"3 Darklings","floor":35,"turns":7},{"damage":44,"enemies":"3 Shapes","floor":36,"turns":7},{"damage":78,"enemies":"3 Darklings","floor":41,"turns":7},{"damage":29,"enemies":"HollowMod:SlobberingHusk","floor":42,"turns":4}],"seed_played":"-8520662854562730039","potions_obtained":[{"floor":1,"key":"AttackPotion"},{"floor":2,"key":"CultistPotion"},{"floor":11,"key":"ColorlessPotion"},{"floor":16,"key":"SkillPotion"},{"floor":18,"key":"Ancient Potion"},{"floor":19,"key":"Strength Potion"},{"floor":31,"key":"Regen Potion"},{"floor":36,"key":"Swift Potion"},{"floor":41,"key":"Weak Potion"}],"is_trial":false,"path_per_floor":["M","M","$","$","?","E","?","R","T","?","M","M","R","T","R","B",null,"M","M","?","?","M","R","M","M","T","$","M","?","$","M","R","B",null,"M","M","?","$","?","R","M","M"],"character_chosen":"THE_BUGKNIGHT","items_purchased":["Pear","HollowMod:HuntersJournal+1","Strange Spoon","HollowMod:ChannelNail+1","Juzu Bracelet"],"campfire_rested":5,"item_purchase_floors":[27,27,27,30,38],"current_hp_per_floor":[75,75,75,75,75,75,42,42,42,42,31,16,53,53,75,26,75,46,35,50,50,41,83,48,23,23,33,24,24,24,13,58,46,100,57,35,35,35,35,80,20,0,0],"gold":13,"neow_bonus":"THREE_ENEMY_KILL","is_daily":false,"chose_seed":false,"campfire_upgraded":1,"win_rate":0.0,"timestamp":1609166483,"path_taken":["M","M","?","$","?","E","?","R","T","?","M","?","R","?","R","BOSS","M","?","?","?","M","R","M","?","T","$","M","?","?","M","R","BOSS","M","M","?","$","?","R","M","M"],"items_purchased_type":["Relic","Card","Relic","Card","Relic"],"build_version":"2020-12-22","purchased_purges":0,"victory":false,"max_hp_per_floor":[75,75,75,75,75,75,75,75,75,75,75,75,75,75,75,75,75,75,75,90,90,90,90,90,90,90,100,100,100,100,100,100,100,100,100,100,100,100,100,100,100,100,100],"card_choices":[{"not_picked":["HollowMod:FallenFury","HollowMod:MantisMark"],"picked":"HollowMod:SiblingsSouls","floor":1},{"not_picked":["HollowMod:VengefulVoid","HollowMod:DashSlash"],"picked":"HollowMod:SoulSplash","floor":2},{"not_picked":["HollowMod:ShadowDash","HollowMod:DesolateDive"],"picked":"HollowMod:HuntersJournal","floor":6},{"not_picked":["HollowMod:CrystalDash","HollowMod:DashSlash"],"picked":"HollowMod:Grubsong","floor":7},{"not_picked":["HollowMod:HeavyBlow","HollowMod:NewLittleFool"],"picked":"HollowMod:LifebloodCocoon","floor":11},{"not_picked":["HollowMod:DoubleDash","HollowMod:TaintedHusks"],"picked":"HollowMod:VengefulSpirit","floor":12},{"not_picked":["HollowMod:MidwifesHunger","HollowMod:HornetsHelp"],"picked":"HollowMod:Hiveblood+1","floor":16},{"not_picked":["HollowMod:FallenFury","HollowMod:DashSlash"],"picked":"HollowMod:LifebloodCocoon+1","floor":18},{"not_picked":["HollowMod:SoulEater","HollowMod:DashSlash"],"picked":"HollowMod:GoodIntentions+1","floor":19},{"not_picked":["HollowMod:MidwifesHunger","HollowMod:DoubleDash+1"],"picked":"HollowMod:DreamGate+1","floor":22},{"not_picked":["HollowMod:LifebloodCocoon+1","HollowMod:NewJinnsSoul+1"],"picked":"HollowMod:SiblingsSouls+1","floor":24},{"not_picked":["HollowMod:NewJinnsSoul+1","HollowMod:HowlingWraiths"],"picked":"HollowMod:FallenFury+1","floor":25},{"not_picked":["HollowMod:InfectedAttack","HollowMod:ShapeofUnn"],"picked":"HollowMod:ChannelNail+1","floor":28},{"not_picked":["HollowMod:SharpenedNail","HollowMod:GoodIntentions+1"],"picked":"HollowMod:CoiledNail+1","floor":31},{"not_picked":["HollowMod:ElderbugsWisdom","HollowMod:Hiveblood+1"],"picked":"HollowMod:VoidDash+1","floor":33},{"not_picked":["HollowMod:Grubsong","HollowMod:ShadowDash+1"],"picked":"HollowMod:CrystalDash+1","floor":35},{"not_picked":["HollowMod:VengefulVoid+1","HollowMod:SoulStrike"],"picked":"HollowMod:SoulEater+1","floor":36},{"not_picked":["HollowMod:CornifersMapStart+1","HollowMod:GoodIntentions+1"],"picked":"HollowMod:SiblingsShadow+1","floor":41}],"player_experience":27005,"relics_obtained":[{"floor":6,"key":"Regal Pillow"},{"floor":7,"key":"PreservedInsect"},{"floor":9,"key":"Kunai"},{"floor":14,"key":"Toxic Egg 2"},{"floor":17,"key":"Bronze Scales"},{"floor":17,"key":"Gremlin Horn"},{"floor":17,"key":"StoneCalendar"},{"floor":26,"key":"Whetstone"}],"event_choices":[{"damage_healed":0,"gold_gain":0,"player_choice":"Box","damage_taken":0,"relics_obtained":["Pen Nib"],"max_hp_gain":0,"max_hp_loss":0,"event_name":"Big Fish","floor":5,"gold_loss":0,"cards_obtained":["Regret"]},{"damage_healed":0,"gold_gain":0,"player_choice":"Searched \u00271\u0027 times","damage_taken":0,"max_hp_gain":0,"max_hp_loss":0,"event_name":"Dead Adventurer","floor":7,"gold_loss":0},{"damage_healed":0,"gold_gain":0,"player_choice":"1 cards matched","damage_taken":0,"max_hp_gain":0,"max_hp_loss":0,"event_name":"Match and Keep!","floor":10,"gold_loss":0,"cards_obtained":["HollowMod:CornifersMapStart"]},{"damage_healed":0,"gold_gain":100,"player_choice":"Pray","damage_taken":0,"max_hp_gain":0,"max_hp_loss":0,"event_name":"Golden Shrine","floor":21,"gold_loss":0},{"damage_healed":0,"gold_gain":0,"player_choice":"Copied","damage_taken":0,"max_hp_gain":0,"max_hp_loss":0,"event_name":"Duplicator","floor":29,"gold_loss":0,"cards_obtained":["HollowMod:PogoStrike"]},{"cards_removed":["Regret"],"damage_healed":0,"gold_gain":0,"player_choice":"Purged","damage_taken":0,"max_hp_gain":0,"max_hp_loss":0,"event_name":"Purifier","floor":37,"gold_loss":0},{"damage_healed":0,"gold_gain":0,"player_choice":"Paid","damage_taken":0,"relics_obtained":["Red Mask"],"max_hp_gain":0,"max_hp_loss":0,"event_name":"Tomb of Lord Red Mask","floor":39,"gold_loss":45}],"is_beta":false,"boss_relics":[{"not_picked":["Coffee Dripper","Ectoplasm"],"picked":"Calling Bell"},{"not_picked":["Sozu","SlaversCollar"],"picked":"Snecko Eye"}],"items_purged_floors":[],"is_endless":false,"potions_floor_spawned":[1,2,11,16,18,19,31,36,41],"killed_by":"HollowMod:SlobberingHusk","ascension_level":0}}