{"host":"j3hagc6u6cazrqfv","time":1609183450,"event":{"mods":["AchievementEnabler","BaseMod","DeckTracker","Minty Spire (QoL Compilation)","Permanent Neow","Rare Cards Sparkle","StSLib"],"gold_per_floor":[118,131,131,147,147,147,173,173,173,173,189,189,219,234,234,332,332,348,348,192,212,230,230,245,245,270,13,13,33,46,46,46,143,143,161,181,56,76,76,76,76,76,76,92,110,138,138,173,173,173,173,173,0,0,0],"floor_reached":54,"playtime":1708,"items_purged":["Strike_R","Strike_R","Fire Breathing","Wild Strike+1"],"score":807,"play_id":"dd9087b3-1e03-49d7-8c35-91c60d00734f","local_time":"20201229042410","is_ascension_mode":false,"campfire_choices":[{"data":"Body Slam","floor":6.0,"key":"SMITH"},{"data":"Wild Strike","floor":8.0,"key":"SMITH"},{"data":"Pommel Strike","floor":10.0,"key":"SMITH"},{"data":"Wild Strike","floor":15.0,"key":"SMITH"},{"data":"Barricade","floor":23.0,"key":"SMITH"},{"data":"Battle Trance","floor":25.0,"key":"SMITH"},{"data":"Second Wind","floor":32,"key":"SMITH"},{"floor":40,"key":"RECALL"},{"data":"Sentinel","floor":47,"key":"SMITH"},{"floor":49,"key":"REST"},{"floor":52,"key":"REST"}],"circlet_count":0,"master_deck":["Defend_R+1","Defend_R+1","Defend_R+1","Defend_R+1","Bash+1","Second Wind+1","Pommel Strike+1","Body Slam+1","Battle Trance+1","Wild Strike+1","Finesse+1","Wild Strike+1","Barricade+1","Second Wind+1","Flash of Steel+1","Entrench+1","Dark Embrace+1","Flash of Steel+1","Dark Embrace+1","Sentinel+1","True Grit"],"relics":["Burning Blood","Pantograph","Pen Nib","Thread and Needle","Philosopher\u0027s Stone","Juzu Bracelet","Runic Pyramid","Mark of the Bloom","Self Forming Clay","Red Skull"],"acts_visited":["Exordium","TheCity","TheBeyond","TheEnding"],"potions_floor_usage":[44,46,46],"damage_taken":[{"damage":7.0,"enemies":"2 Louse","floor":1.0,"turns":2.0},{"damage":5.0,"enemies":"Cultist","floor":2.0,"turns":4.0},{"damage":0.0,"enemies":"Jaw Worm","floor":4.0,"turns":3.0},{"damage":53.0,"enemies":"Lagavulin","floor":7.0,"turns":9.0},{"damage":11.0,"enemies":"Exordium Wildlife","floor":11.0,"turns":3.0},{"damage":22.0,"enemies":"3 Sentries","floor":13.0,"turns":5.0},{"damage":1.0,"enemies":"Blue Slaver","floor":14.0,"turns":2.0},{"damage":50.0,"enemies":"Hexaghost","floor":16.0,"turns":11.0},{"damage":14.0,"enemies":"Spheric Guardian","floor":18.0,"turns":4.0},{"damage":13.0,"enemies":"2 Thieves","floor":21.0,"turns":4.0},{"damage":8.0,"enemies":"Cultist and Chosen","floor":22.0,"turns":4.0},{"damage":21.0,"enemies":"Shelled Parasite and Fungi","floor":24.0,"turns":5.0},{"damage":11.0,"enemies":"Centurion and Healer","floor":29.0,"turns":5.0},{"damage":30.0,"enemies":"Snake Plant","floor":30.0,"turns":4.0},{"damage":0,"enemies":"Automaton","floor":33,"turns":7},{"damage":16,"enemies":"3 Shapes","floor":35,"turns":4},{"damage":18,"enemies":"Orb Walker","floor":36,"turns":4},{"damage":2,"enemies":"Transient","floor":38,"turns":5},{"damage":4,"enemies":"Sphere and 2 Shapes","floor":44,"turns":4},{"damage":0,"enemies":"Maw","floor":45,"turns":5},{"damage":0,"enemies":"Nemesis","floor":46,"turns":3},{"damage":0,"enemies":"Giant Head","floor":48,"turns":3},{"damage":40,"enemies":"Time Eater","floor":50,"turns":5},{"damage":12,"enemies":"Shield and Spear","floor":54,"turns":3}],"seed_played":"-2388432504645883826","potions_obtained":[{"floor":1.0,"key":"BlessingOfTheForge"},{"floor":11.0,"key":"FairyPotion"},{"floor":14.0,"key":"Weak Potion"},{"floor":22.0,"key":"DuplicationPotion"},{"floor":38,"key":"BloodPotion"},{"floor":44,"key":"EssenceOfSteel"},{"floor":45,"key":"DistilledChaos"}],"is_trial":false,"path_per_floor":["M","M","?","M","?","R","E","R","T","R","M","?","E","M","R","B",null,"M","?","$","M","M","R","M","R","T","$","?","M","M","?","R","B",null,"M","M","$","M","?","R","?","$","T","M","M","E","R","E","R","B",null,"R","$","E"],"character_chosen":"IRONCLAD","items_purchased":["Flash of Steel","Dark Embrace","Flash of Steel","True Grit"],"campfire_rested":2,"item_purchase_floors":[20,27,27,53],"current_hp_per_floor":[79,80,80,80,80,80,33,33,33,33,28,28,12,17,17,22,80,72,72,72,65,63,63,48,48,48,48,48,43,19,19,19,50,80,70,58,58,62,62,62,62,62,62,58,58,58,58,58,58,18,18,18,18,6,6],"gold":0,"neow_bonus":"THREE_CARDS","is_daily":false,"chose_seed":false,"campfire_upgraded":8,"win_rate":0.0,"timestamp":1609183450,"path_taken":["M","M","?","?","?","R","E","R","T","R","M","?","E","M","R","BOSS","M","?","$","?","M","R","M","R","T","$","?","M","M","?","R","BOSS","M","M","$","M","?","R","?","$","T","M","M","E","R","E","R","BOSS","R","$","E"],"items_purchased_type":["Card","Card","Card","Card"],"build_version":"2020-12-22","purchased_purges":4,"victory":false,"max_hp_per_floor":[80,80,80,80,80,80,80,80,80,80,80,80,80,80,80,80,80,80,80,80,80,80,80,80,80,80,80,80,80,80,80,80,80,80,80,80,80,80,80,80,80,80,80,80,80,80,80,80,80,80,80,80,80,80,80],"card_choices":[{"not_picked":["Dark Embrace","Shrug It Off"],"picked":"Second Wind","floor":0.0},{"not_picked":["Pummel","Heavy Blade","Infernal Blade"],"picked":"SKIP","floor":1.0},{"not_picked":["Shrug It Off","Clothesline"],"picked":"Pommel Strike","floor":2.0},{"not_picked":["Intimidate","Heavy Blade"],"picked":"Body Slam","floor":4.0},{"not_picked":["Havoc","Ghostly Armor"],"picked":"Wild Strike","floor":7.0},{"not_picked":["Clash","Thunderclap"],"picked":"Wild Strike","floor":11.0},{"not_picked":["Heavy Blade","Twin Strike","Armaments"],"picked":"SKIP","floor":13.0},{"not_picked":["Dropkick","Limit Break","Pummel"],"picked":"SKIP","floor":14.0},{"not_picked":["Brutality","Corruption"],"picked":"Barricade","floor":16.0},{"not_picked":["Sword Boomerang","Warcry"],"picked":"Fire Breathing","floor":18.0},{"not_picked":["Havoc+1","Anger","Perfected Strike"],"picked":"SKIP","floor":21.0},{"not_picked":["Warcry","Shrug It Off"],"picked":"Entrench+1","floor":22.0},{"not_picked":["Dropkick+1","Bloodletting+1","Disarm+1"],"picked":"SKIP","floor":24.0},{"not_picked":["Sword Boomerang","Second Wind"],"picked":"Dark Embrace+1","floor":29.0},{"not_picked":["Combust","Limit Break","Dark Embrace+1"],"picked":"SKIP","floor":30.0},{"not_picked":["Heavy Blade+1","Shockwave+1","Flame Barrier+1"],"picked":"SKIP","floor":35},{"not_picked":["Combust","Clash","Armaments"],"picked":"SKIP","floor":36},{"not_picked":["Perfected Strike","Anger","Inflame"],"picked":"SKIP","floor":38},{"not_picked":["Bloodletting","Seeing Red","Clothesline"],"picked":"SKIP","floor":44},{"not_picked":["Fire Breathing","Shrug It Off+1"],"picked":"Sentinel","floor":45},{"not_picked":["Fire Breathing","Bloodletting","Entrench+1"],"picked":"SKIP","floor":46},{"not_picked":["Pommel Strike+1","Shockwave+1","Berserk"],"picked":"SKIP","floor":48}],"player_experience":4241,"relics_obtained":[{"floor":7.0,"key":"Pantograph"},{"floor":9.0,"key":"Pen Nib"},{"floor":13.0,"key":"Thread and Needle"},{"floor":26.0,"key":"Juzu Bracelet"},{"floor":46,"key":"Self Forming Clay"},{"floor":48,"key":"Red Skull"}],"event_choices":[{"cards_removed":["Strike_R"],"damage_healed":0.0,"max_hp_gain":0.0,"max_hp_loss":0.0,"gold_gain":0.0,"event_name":"Purifier","player_choice":"Purged","floor":3.0,"gold_loss":0.0,"damage_taken":0.0},{"damage_healed":0.0,"max_hp_gain":0.0,"max_hp_loss":0.0,"gold_gain":0.0,"cards_transformed":["Strike_R"],"event_name":"Living Wall","player_choice":"Change","floor":5.0,"gold_loss":0.0,"damage_taken":0.0,"cards_obtained":["Battle Trance"]},{"damage_healed":0.0,"max_hp_gain":0.0,"max_hp_loss":0.0,"gold_gain":0.0,"event_name":"Match and Keep!","player_choice":"2 cards matched","floor":12.0,"gold_loss":0.0,"damage_taken":0.0,"cards_obtained":["Finesse","Wild Strike"]},{"damage_healed":0.0,"max_hp_gain":0.0,"max_hp_loss":0.0,"gold_gain":0.0,"event_name":"Duplicator","player_choice":"Copied","floor":19.0,"gold_loss":0.0,"damage_taken":0.0,"cards_obtained":["Second Wind"]},{"cards_removed":["Strike_R"],"damage_healed":0.0,"max_hp_gain":0.0,"max_hp_loss":0.0,"gold_gain":0.0,"event_name":"Purifier","player_choice":"Purged","floor":28.0,"gold_loss":0.0,"damage_taken":0.0},{"damage_healed":0.0,"max_hp_gain":0.0,"max_hp_loss":0.0,"gold_gain":0.0,"event_name":"Vampires","player_choice":"Ignored","floor":31.0,"gold_loss":0.0,"damage_taken":0.0},{"damage_healed":0,"gold_gain":0,"player_choice":"Upgrade","damage_taken":0,"relics_obtained":["Mark of the Bloom"],"max_hp_gain":0,"max_hp_loss":0,"event_name":"MindBloom","floor":39,"gold_loss":0,"cards_upgraded":["Defend_R","Defend_R","Defend_R","Defend_R","Bash","Finesse","Wild Strike","Second Wind","Flash of Steel","Dark Embrace","Flash of Steel"]},{"damage_healed":0,"gold_gain":0,"player_choice":"Memory 1","damage_taken":0,"max_hp_gain":0,"max_hp_loss":0,"event_name":"SensoryStone","floor":41,"gold_loss":0}],"is_beta":false,"boss_relics":[{"not_picked":["Tiny House","Cursed Key"],"picked":"Philosopher\u0027s Stone"},{"not_picked":["Velvet Choker","Empty Cage"],"picked":"Runic Pyramid"}],"items_purged_floors":[20,27,37,53],"is_endless":false,"potions_floor_spawned":[1,11,14,22,38,44,45],"killed_by":"Shield and Spear","ascension_level":0}}