{"host":"vutpi6vielpzi5f1","time":1609116494,"event":{"mods":["2.2 Compatiblity","AchievementEnabler","Aspiration","BaseMod","Beaked The Cultist","BetterRewards","Block Reminder","Challenge The Spire","Clawfect","Clockwork Mod","DeckTracker","Downfall","Energized Spire","Googly Eyes","GungeonMod","Hermit","Hubris","Infinite Spire","Ironclad Rager","Mad Scientist","Minty Spire (QoL Compilation)","Potionbrewer","Quick Restart","Relic Stats","Replay The Spire","Shop Mod","StSLib","The Accelerator","The Bladedancer","The Bug Knight","The Gatherer","The Hierophant","The Necromancer","The Runesmith","The Servant 0.9.4","TheFirefly","Uncapped","Unceasing Turn Reminder"],"gold_per_floor":[115,126,3,21,21,21,21,21,21,21,39,39,67,80,80,184,184,203,133,144,164,195,220,220,555,555,555,555,590,331,349,349,448,448,462,493,506,30,80,80,80,108,161,161,120,323,323,354,354,453,453,472,494,469,469,469],"floor_reached":55,"playtime":5895,"items_purged":["potionbrewer:Spark+1","potionbrewer:PotionbrewerStrike"],"score":1056,"play_id":"0ad8d78c-aaab-4174-a15f-de214b7eb297","local_time":"20201227194814","is_ascension_mode":false,"campfire_choices":[{"data":"potionbrewer:PortableLab","floor":6.0,"key":"SMITH"},{"data":"potionbrewer:PortableLab","floor":8.0,"key":"SMITH"},{"data":"potionbrewer:BlindingSpray","floor":10.0,"key":"SMITH"},{"data":"potionbrewer:TestSubject","floor":12.0,"key":"SMITH"},{"data":"potionbrewer:SpecialFormula","floor":24.0,"key":"SMITH"},{"floor":32.0,"key":"REST"},{"data":"potionbrewer:HazardousWaste","floor":40.0,"key":"SMITH"},{"data":"potionbrewer:BeatDown","floor":44.0,"key":"SMITH"},{"data":"potionbrewer:QuickStep","floor":49.0,"key":"SMITH"}],"circlet_count":0,"master_deck":["potionbrewer:PotionbrewerStrike","potionbrewer:PotionbrewerStrike+1","potionbrewer:PotionbrewerDefend+1","potionbrewer:PotionbrewerDefend","potionbrewer:PotionbrewerDefend","potionbrewer:PotionbrewerDefend","potionbrewer:Collect","potionbrewer:ChemicalSpill","potionbrewer:PortableLab+1","potionbrewer:BlindingSpray+1","potionbrewer:PortableLab+1","potionbrewer:Prototype","potionbrewer:TestSubject+1","potionbrewer:Biohazard","potionbrewer:SpecialFormula+1","potionbrewer:Prototype","potionbrewer:IronHeart+1","potionbrewer:AnotherRound","potionbrewer:LabJournal+1","potionbrewer:Prototype","potionbrewer:QuickStep+1","infinitespire:Collect","potionbrewer:PrivateReserves","potionbrewer:Prototype","potionbrewer:HazardousWaste+1","potionbrewer:Discombobulate+1","potionbrewer:ChemicalRage+1","potionbrewer:BeatDown+1","potionbrewer:AnotherRound+1","potionbrewer:TestFormula+1","infinitespire:NeuralNetwork","potionbrewer:ChainReaction","potionbrewer:SpecialFormula+1","CurseOfTheBell"],"relics":["potionbrewer:PotionKit","potionbrewer:Torch","Iron Hammer","infinitespire:Lucky Rock","aspiration:SecretTechniqueScroll","Red Mask","Mercury Hourglass","Pantograph","aspiration:FutureDiary","infinitespire:PuzzleCube","hubris:EmptyBottle","DemoMod:MonsterBlood","MerchantsRug","aspiration:DSix","infinitespire:ShieldingShard","Anchor","Simple Rune","DemoMod:GlassGuonStoneRelic","Replay:Grab Bag","beaked:SacredNecklace","Empty Cage","Calling Bell","DemoMod:LamentConfigurum","aspiration:HummingbirdHeart","hubris:CuriousFeather","Odd Mushroom","Guide Book"],"acts_visited":["Exordium","TheCity","TheBeyond","Exordium"],"potions_floor_usage":[],"damage_taken":[{"damage":5.0,"enemies":"Small Slimes","floor":1.0,"turns":4.0},{"damage":6.0,"enemies":"Jaw Worm","floor":2.0,"turns":5.0},{"damage":0.0,"enemies":"2 Louse","floor":4.0,"turns":4.0},{"damage":0.0,"enemies":"Large Slime","floor":11.0,"turns":3.0},{"damage":12.0,"enemies":"3 Sentries","floor":13.0,"turns":8.0},{"damage":5.0,"enemies":"3 Louse","floor":14.0,"turns":2.0},{"damage":24.0,"enemies":"Hexaghost","floor":16.0,"turns":12.0},{"damage":0.0,"enemies":"Chosen","floor":18.0,"turns":4.0},{"damage":21.0,"enemies":"3 Byrds","floor":20.0,"turns":7.0},{"damage":6.0,"enemies":"Centurion and Healer","floor":21.0,"turns":7.0},{"damage":0.0,"enemies":"Masked Bandits","floor":22.0,"turns":7.0},{"damage":12.0,"enemies":"Nightmare","floor":23.0,"turns":9.0},{"damage":0.0,"enemies":"HollowMod:Nosk","floor":25.0,"turns":4.0},{"damage":0.0,"enemies":"Gremlin Leader","floor":29.0,"turns":5.0},{"damage":6.0,"enemies":"Snecko","floor":31.0,"turns":6.0},{"damage":13.0,"enemies":"hubris:MusketHawk","floor":33.0,"turns":10.0},{"damage":0.0,"enemies":"3 Darklings","floor":35.0,"turns":3.0},{"damage":12.0,"enemies":"Orb Walker","floor":36.0,"turns":3.0},{"damage":19.0,"enemies":"Jaw Worm Horde","floor":37.0,"turns":3.0},{"damage":11.0,"enemies":"Mind Bloom Boss Battle","floor":39.0,"turns":5.0},{"damage":0.0,"enemies":"Nemesis","floor":42.0,"turns":7.0},{"damage":0.0,"enemies":"Reptomancer","floor":48.0,"turns":3.0},{"damage":31.0,"enemies":"Awakened One","floor":50.0,"turns":7.0},{"damage":0.0,"enemies":"Cultist","floor":52.0,"turns":1.0},{"damage":0.0,"enemies":"The Mushroom Lair","floor":53.0,"turns":1.0},{"damage":993,"enemies":"2 Louse","floor":55,"turns":1}],"seed_played":"-477702090969496366","potions_obtained":[{"floor":4.0,"key":"BlessingOfTheForge"},{"floor":11.0,"key":"SkillPotion"},{"floor":16.0,"key":"potionbrewer:AcidPotion"},{"floor":20.0,"key":"Weak Potion"},{"floor":21.0,"key":"LifebloodPotion"},{"floor":23.0,"key":"Adrenaline Potion"},{"floor":25.0,"key":"SteroidPotion"},{"floor":29.0,"key":"DistilledChaos"},{"floor":31.0,"key":"hexamod:EctoCoolerPotion"},{"floor":37.0,"key":"SteroidPotion"},{"floor":39.0,"key":"Weak Potion"},{"floor":42.0,"key":"potionbrewer:AcidPotion"},{"floor":48.0,"key":"Fruit Juice"},{"floor":52.0,"key":"SpeedPotion"}],"is_trial":false,"path_per_floor":["M","M","$","M","?","R","?","R","T","R","M","R","E","M","R","B",null,"M","$","M","M","?","NM","R","E","T","?","AVR","E","$","M","R","B",null,"M","M","M","$","?","R","?","E","T","R","$","?","?","E","R","B",null,"M","?","$","M"],"character_chosen":"POTIONBREWER","items_purchased":["potionbrewer:PortableLab","potionbrewer:QuickStep","potionbrewer:IronHeart","potionbrewer:PrivateReserves","hubris:EmptyBottle","DemoMod:MonsterBlood","potionbrewer:BeatDown","potionbrewer:AnotherRound+1","MerchantsRug","potionbrewer:ChainReaction","Guide Book"],"campfire_rested":1,"item_purchase_floors":[3,3,19,30,30,38,38,38,38,45,54],"current_hp_per_floor":[77,71,71,71,64,64,52,52,52,52,52,52,40,35,59,35,82,82,82,61,55,55,43,43,43,43,43,43,43,43,37,61,69,82,82,70,51,58,72,72,50,50,50,50,50,50,50,50,50,54,95,95,95,95,0,0],"gold":469,"neow_bonus":"TEN_PERCENT_HP_BONUS","is_daily":false,"chose_seed":false,"campfire_upgraded":8,"win_rate":0.0,"timestamp":1609116494,"path_taken":["M","M","$","M","?","R","?","R","T","R","M","R","E","M","R","BOSS","M","$","M","M","?","NM","R","E","T","?","AVR","E","$","M","R","BOSS","M","M","M","$","?","R","?","E","T","R","$","?","?","E","R","BOSS","M","?","$","M"],"items_purchased_type":["Card","Card","Card","Card","Relic","Relic","Card","Card","Relic","Card","Relic"],"build_version":"2020-12-22","purchased_purges":2,"victory":false,"max_hp_per_floor":[82,82,82,82,82,82,82,82,82,82,82,82,82,82,82,82,82,82,82,82,82,82,82,82,82,82,82,82,82,82,82,82,82,82,82,82,82,89,89,89,89,89,89,89,89,89,85,85,85,95,95,95,95,95,95,95],"relic_stats":{"counters":[26,130],"Pantograph":71,"obtain_stats":[{"DemoMod:GlassGuonStoneRelic":2,"hubris:EmptyBottle":30,"Empty Cage":51,"potionbrewer:PotionKit":0,"Old Coin":25,"infinitespire:ShieldingShard":42,"DemoMod:MonsterBlood":38,"Pantograph":26,"DemoMod:LamentConfigurum":51,"Iron Hammer":9,"hubris:CuriousFeather":51,"Red Mask":22,"aspiration:FutureDiary":28,"aspiration:DSix":39,"MerchantsRug":38,"Replay:Grab Bag":51,"Guide Book":54,"beaked:SacredNecklace":51,"aspiration:HummingbirdHeart":51,"infinitespire:Lucky Rock":13,"aspiration:SecretTechniqueScroll":17,"energizedSpire:SpiderWeb":34,"Odd Mushroom":53,"Mercury Hourglass":23,"potionbrewer:Torch":7,"Calling Bell":51,"Anchor":43,"Simple Rune":48,"ReplayTheSpireMod:Onyx Gauntlets":51,"infinitespire:PuzzleCube":29},{"DemoMod:GlassGuonStoneRelic":2,"hubris:EmptyBottle":14,"Empty Cage":23,"potionbrewer:PotionKit":0,"Old Coin":13,"infinitespire:ShieldingShard":21,"DemoMod:MonsterBlood":19,"Pantograph":13,"DemoMod:LamentConfigurum":23,"Iron Hammer":3,"hubris:CuriousFeather":23,"Red Mask":11,"aspiration:FutureDiary":13,"aspiration:DSix":20,"MerchantsRug":19,"Replay:Grab Bag":23,"Guide Book":25,"beaked:SacredNecklace":23,"aspiration:HummingbirdHeart":23,"infinitespire:Lucky Rock":5,"aspiration:SecretTechniqueScroll":7,"energizedSpire:SpiderWeb":16,"Odd Mushroom":25,"Mercury Hourglass":12,"potionbrewer:Torch":3,"Calling Bell":23,"Anchor":21,"Simple Rune":22,"ReplayTheSpireMod:Onyx Gauntlets":23,"infinitespire:PuzzleCube":14},{"DemoMod:GlassGuonStoneRelic":9,"hubris:EmptyBottle":81,"Empty Cage":128,"potionbrewer:PotionKit":0,"Old Coin":76,"infinitespire:ShieldingShard":118,"DemoMod:MonsterBlood":106,"Pantograph":76,"DemoMod:LamentConfigurum":128,"Iron Hammer":13,"hubris:CuriousFeather":128,"Red Mask":63,"aspiration:FutureDiary":76,"aspiration:DSix":111,"MerchantsRug":106,"Replay:Grab Bag":128,"Guide Book":129,"beaked:SacredNecklace":128,"aspiration:HummingbirdHeart":128,"infinitespire:Lucky Rock":24,"aspiration:SecretTechniqueScroll":38,"energizedSpire:SpiderWeb":97,"Odd Mushroom":129,"Mercury Hourglass":72,"potionbrewer:Torch":13,"Calling Bell":128,"Anchor":118,"Simple Rune":121,"ReplayTheSpireMod:Onyx Gauntlets":128,"infinitespire:PuzzleCube":81}],"Mercury Hourglass":[207]},"card_choices":[{"not_picked":["potionbrewer:Discombobulate","potionbrewer:ChainReaction"],"picked":"potionbrewer:PortableLab","floor":1.0},{"not_picked":["potionbrewer:BalancedFormula","potionbrewer:FlashPowder"],"picked":"potionbrewer:BlindingSpray","floor":2.0},{"not_picked":["potionbrewer:Smokescreen","potionbrewer:Spark","potionbrewer:Shovel"],"picked":"potionbrewer:Prototype","floor":4.0},{"not_picked":["potionbrewer:Refill","potionbrewer:Backhand"],"picked":"potionbrewer:TestSubject","floor":11.0},{"not_picked":["potionbrewer:FortifiedSerum","potionbrewer:TwoForOne"],"picked":"potionbrewer:Biohazard","floor":13.0},{"not_picked":["potionbrewer:BlindingMist","potionbrewer:IronHeart"],"picked":"potionbrewer:Spark","floor":14.0},{"not_picked":["potionbrewer:AlchemistForm","potionbrewer:BottomlessFlask","potionbrewer:Prototype"],"picked":"potionbrewer:SpecialFormula","floor":16.0},{"not_picked":["potionbrewer:Toxicity","potionbrewer:ExothermicReaction","potionbrewer:EmptyBottle"],"picked":"potionbrewer:Prototype","floor":18.0},{"not_picked":["potionbrewer:BalancedFormula","potionbrewer:Refill+1"],"picked":"potionbrewer:AnotherRound","floor":20.0},{"not_picked":["potionbrewer:OneTwoPunch+1","potionbrewer:FlashPowder"],"picked":"potionbrewer:LabJournal+1","floor":21.0},{"not_picked":["potionbrewer:TimeBomb+1","potionbrewer:OneTwoPunch","potionbrewer:IronFist"],"picked":"potionbrewer:Prototype","floor":23.0},{"not_picked":["potionbrewer:Toxicity+1","potionbrewer:TimeBomb+1"],"picked":"potionbrewer:QuickStep","floor":25.0},{"not_picked":["potionbrewer:BlindingSpray","potionbrewer:EquivalentExchange","potionbrewer:Toxicity"],"picked":"SKIP","floor":29.0},{"not_picked":["potionbrewer:Brandish+1","potionbrewer:TestFormula+1","potionbrewer:Biohazard"],"picked":"potionbrewer:Prototype","floor":31.0},{"not_picked":["potionbrewer:Catalyze","potionbrewer:Accelerant"],"picked":"potionbrewer:HazardousWaste","floor":33.0},{"not_picked":["potionbrewer:UnstableFormula+1","potionbrewer:VolatileSolution+1","potionbrewer:FlashPowder"],"picked":"SKIP","floor":35.0},{"not_picked":["potionbrewer:BlindingSpray","potionbrewer:OneTwoPunch"],"picked":"potionbrewer:Discombobulate+1","floor":36.0},{"not_picked":["potionbrewer:TimeBomb","potionbrewer:FortifiedSerum+1"],"picked":"potionbrewer:ChemicalRage+1","floor":37.0},{"not_picked":["potionbrewer:BlindingMist+1","potionbrewer:Biohazard+1"],"picked":"potionbrewer:TestFormula+1","floor":39.0},{"not_picked":["infinitespire:Punishment","ReplayTheSpireMod:Haul"],"picked":"infinitespire:NeuralNetwork","floor":41.0},{"not_picked":["potionbrewer:FortifiedSerum+1","potionbrewer:UnstableFormula"],"picked":"potionbrewer:AnotherRound+1","floor":42.0},{"not_picked":["potionbrewer:DigDeep","potionbrewer:CrossReference+1","potionbrewer:HazardousWaste"],"picked":"SKIP","floor":48.0},{"not_picked":["potionbrewer:ResearchResults","potionbrewer:EquivalentExchange"],"picked":"potionbrewer:SpecialFormula","floor":50.0},{"not_picked":["potionbrewer:FlashPowder","potionbrewer:ChemicalWeapons","potionbrewer:BlindingSpray"],"picked":"SKIP","floor":52.0}],"player_experience":110537,"relics_obtained":[{"floor":9.0,"key":"Iron Hammer"},{"floor":13.0,"key":"infinitespire:Lucky Rock"},{"floor":22.0,"key":"Red Mask"},{"floor":23.0,"key":"Mercury Hourglass"},{"floor":25.0,"key":"Old Coin"},{"floor":26.0,"key":"Pantograph"},{"floor":29.0,"key":"infinitespire:PuzzleCube"},{"floor":39.0,"key":"aspiration:DSix"},{"floor":42.0,"key":"infinitespire:ShieldingShard"},{"floor":43.0,"key":"Anchor"},{"floor":48.0,"key":"Simple Rune"},{"floor":51.0,"key":"DemoMod:LamentConfigurum"},{"floor":51.0,"key":"aspiration:HummingbirdHeart"},{"floor":51.0,"key":"hubris:CuriousFeather"},{"floor":53.0,"key":"Odd Mushroom"}],"event_choices":[{"cards_removed":["potionbrewer:PotionbrewerStrike"],"damage_healed":0.0,"max_hp_gain":0.0,"max_hp_loss":0.0,"gold_gain":0.0,"event_name":"Golden Wing","player_choice":"Card Removal","floor":5.0,"gold_loss":0.0,"damage_taken":7.0},{"damage_healed":0.0,"max_hp_gain":0.0,"max_hp_loss":0.0,"gold_gain":0.0,"event_name":"Scrap Ooze","player_choice":"Success","floor":7.0,"gold_loss":0.0,"damage_taken":12.0,"relics_obtained":["potionbrewer:Torch"]},{"damage_healed":0.0,"max_hp_gain":0.0,"max_hp_loss":0.0,"gold_gain":0.0,"event_name":"Masked Bandits","player_choice":"Fought Bandits","floor":22.0,"gold_loss":0.0,"damage_taken":0.0},{"damage_healed":0.0,"max_hp_gain":0.0,"max_hp_loss":0.0,"gold_gain":0.0,"event_name":"MindBloom","player_choice":"Fight","floor":39.0,"gold_loss":0.0,"damage_taken":0.0},{"damage_healed":0.0,"max_hp_gain":0.0,"max_hp_loss":4.0,"gold_gain":0.0,"event_name":"Winding Halls","player_choice":"Max HP","floor":47.0,"gold_loss":0.0,"damage_taken":0.0},{"damage_healed":0.0,"max_hp_gain":0.0,"max_hp_loss":0.0,"gold_gain":0.0,"event_name":"Mushrooms","player_choice":"Fought Mushrooms","floor":53.0,"gold_loss":0.0,"damage_taken":0.0}],"is_beta":false,"boss_relics":[{"not_picked":["Honey Jar","Sozu"],"picked":"aspiration:SecretTechniqueScroll"},{"not_picked":["hubris:ScarierMask","energizedSpire:EnergizedDie"],"picked":"energizedSpire:SpiderWeb"},{"not_picked":["ChewingGum","Philosopher\u0027s Stone"],"picked":"Replay:Grab Bag"},{"not_picked":["energizedSpire:NeverEndingSparkler","Cursed Key"],"picked":"beaked:SacredNecklace"},{"not_picked":["energizedSpire:RedRose","infinitespire:Cupcake"],"picked":"ReplayTheSpireMod:Onyx Gauntlets"},{"not_picked":["hubris:BlackHole","potionbrewer:BhaskarasWheel"],"picked":"Empty Cage"},{"not_picked":["Snecko Eye","aspiration:RitualDagger"],"picked":"Calling Bell"}],"items_purged_floors":[28,30],"is_endless":true,"potions_floor_spawned":[4,11,16,20,21,23,25,29,31,37,39,42,48,52],"killed_by":"2 Louse","ascension_level":0}}