{"host":"qdfumeom6htv8yxl","time":1609176521,"event":{"mods":["AchievementEnabler","BaseMod","Block Reminder","Minty Spire (QoL Compilation)","Quick Restart","Relic Stats"],"gold_per_floor":[115,134,151,0,16,16,36,36,36,71,71,71,71,86,86,86,86],"floor_reached":16,"playtime":460,"items_purged":["Strike_G"],"score":277,"play_id":"22f17db2-70b2-4ed4-80d6-14e0b6da5345","local_time":"20201228112841","is_ascension_mode":true,"campfire_choices":[{"floor":6,"key":"REST"},{"data":"Noxious Fumes","floor":8,"key":"SMITH"},{"floor":12,"key":"REST"},{"floor":15,"key":"REST"}],"circlet_count":0,"master_deck":["AscendersBane","Strike_G","Strike_G","Strike_G","Strike_G","Defend_G","Defend_G","Defend_G","Defend_G","Defend_G","Survivor","Neutralize","Backflip","Caltrops","Deadly Poison","Noxious Fumes+1","Blur","Well Laid Plans","Dagger Spray"],"relics":["Ring of the Snake","Pocketwatch","White Beast Statue","Pen Nib"],"acts_visited":["Exordium"],"potions_floor_usage":[5,11,11],"damage_taken":[{"damage":1,"enemies":"Cultist","floor":1,"turns":5},{"damage":0,"enemies":"Jaw Worm","floor":2,"turns":5},{"damage":1,"enemies":"Small Slimes","floor":3,"turns":4},{"damage":10,"enemies":"Exordium Wildlife","floor":5,"turns":3},{"damage":2,"enemies":"3 Louse","floor":7,"turns":4},{"damage":10,"enemies":"Lagavulin","floor":10,"turns":7},{"damage":0,"enemies":"Gremlin Gang","floor":11,"turns":1},{"damage":8,"enemies":"Large Slime","floor":14,"turns":6},{"damage":0,"enemies":"The Guardian","floor":16,"turns":1}],"seed_played":"-6430880175461337644","potions_obtained":[{"floor":1,"key":"SmokeBomb"},{"floor":3,"key":"Explosive Potion"},{"floor":10,"key":"Fire Potion"},{"floor":14,"key":"SpeedPotion"}],"is_trial":false,"path_per_floor":["M","M","M","$","M","R","M","R","T","E","M","R","$","M","R","B"],"character_chosen":"THE_SILENT","items_purchased":["Noxious Fumes"],"campfire_rested":3,"item_purchase_floors":[4],"current_hp_per_floor":[43,43,42,42,32,51,49,49,49,39,39,58,58,50,66,66,66],"gold":86,"neow_bonus":"ONE_RARE_RELIC","is_daily":false,"chose_seed":false,"campfire_upgraded":1,"win_rate":0.0,"timestamp":1609176521,"path_taken":["M","?","M","?","M","R","M","R","T","E","?","R","$","M","R","BOSS"],"items_purchased_type":["Card"],"build_version":"2020-12-22","purchased_purges":1,"victory":false,"max_hp_per_floor":[66,66,66,66,66,66,66,66,66,66,66,66,66,66,66,66,66],"relic_stats":{"counters":[9,36],"Pen Nib":[1],"obtain_stats":[{"Pen Nib":10,"White Beast Statue":9,"Ring of the Snake":0,"Pocketwatch":0},{"Pen Nib":6,"White Beast Statue":5,"Ring of the Snake":0,"Pocketwatch":0},{"Pen Nib":28,"White Beast Statue":21,"Ring of the Snake":0,"Pocketwatch":0}],"Ring of the Snake":[18],"Pocketwatch":[39]},"card_choices":[{"not_picked":["Reflex","Heel Hook"],"picked":"Backflip","floor":1},{"not_picked":["Quick Slash","Dagger Throw"],"picked":"Caltrops","floor":2},{"not_picked":["PiercingWail","Poisoned Stab"],"picked":"Deadly Poison","floor":3},{"not_picked":["Distraction","Escape Plan"],"picked":"Blur","floor":5},{"not_picked":["Blade Dance","Dodge and Roll","Quick Slash"],"picked":"SKIP","floor":7},{"not_picked":["Dodge and Roll","All Out Attack"],"picked":"Well Laid Plans","floor":10},{"not_picked":["Flying Knee","Underhanded Strike"],"picked":"Dagger Spray","floor":14}],"player_experience":1593854,"relics_obtained":[{"floor":9,"key":"White Beast Statue"},{"floor":10,"key":"Pen Nib"}],"event_choices":[],"is_beta":false,"boss_relics":[],"items_purged_floors":[4],"is_endless":false,"potions_floor_spawned":[1,3,10,11,14],"killed_by":"The Guardian","ascension_level":16}}