{"host":"dr5ef424til0p8zn","time":1609184281,"event":{"mods":["2.2 Compatiblity","Act Like it!","BaseMod","Better Skull","Gremlin Skip","Hallownest","Hermit","Minty Spire (QoL Compilation)","Shade Mod","StSLib","Td1madao Mod","The Bug Knight","The Hierophant"],"gold_per_floor":[139,179,179,214,214,244,244,259,259,101,101,126,126,156,156,256,256,241,241,256,256,67,97,137,137,137,137,0,0,0,65,65,190,190,230,230,230,255,270,270,270,270,295,145,185,215,35,59,59,59],"floor_reached":51,"playtime":5486,"items_purged":[],"score":901,"play_id":"8ad70792-27dc-466e-a902-496460212445","local_time":"20201228203801","daily_mods":["Allstar","Diverse","Night Terrors"],"is_ascension_mode":false,"campfire_choices":[{"data":"Genetic Algorithm","floor":7,"key":"SMITH"},{"floor":13,"key":"REST"},{"data":"Here Defend Chip","floor":15,"key":"SMITH"},{"data":"Here Defend Chip+1","floor":25,"key":"SMITH"},{"data":"Here Defend Chip+2","floor":27,"key":"SMITH"},{"data":"Here Defend Chip+3","floor":29,"key":"SMITH"},{"data":"Here Defend Chip+4","floor":32,"key":"SMITH"},{"data":"Here Defend Chip+5","floor":40,"key":"SMITH"},{"data":"Here Defend Chip+6","floor":42,"key":"SMITH"},{"data":"Here Defend Chip+7","floor":49,"key":"SMITH"}],"circlet_count":0,"master_deck":["hermit:Strike_Hermit","hermit:Strike_Hermit","hermit:Strike_Hermit","hermit:Strike_Hermit","hermit:Defend_Hermit","hermit:Defend_Hermit","hermit:Defend_Hermit","hermit:Defend_Hermit","hermit:Snapshot","hermit:Covet+1","Chrysalis","Dark Shackles","HandOfGreed","Apotheosis+1","Impatience","HollowMod:BlackTendrils","Shade:FuneraryArmor","Genetic Algorithm+1","hermit:Combo","Here Defend Chip+8","HollowMod:LifebloodCore","Fixing","Seeing Red","Dagger Throw","HollowMod:GoodIntentions","Shade:Patience+1","E MP+1","hermit:Desperado+1"],"relics":["hermit:Momento","Bottled Lightning","The Courier","Tiny Chest","Potion Belt","Nunchaku","SlaversCollar","StrikeDummy","Membership Card","Orichalcum","Sundial","Matryoshka","hermit:BartenderGlass","Toy Ornithopter","Pen Nib","Boot","Anchor","Regal Pillow","CeramicFish","Frozen Eye","Ancient Tea Set","HandDrill","HollowMod:LifeEnderRelic"],"acts_visited":["Hallownest:Greenpath","TheCity","Hallownest:KingdomsEdge"],"potions_floor_usage":[16,16,18,18,20,31,33,36,36,39,39,45,45,45,46,46,48,48,50,50,50,50,50],"damage_taken":[{"damage":0,"enemies":"Hallownest:2_MossCreeps","floor":1,"turns":5},{"damage":0,"enemies":"Hallownest:monsterHuskWarrior","floor":2,"turns":3},{"damage":0,"enemies":"Hallownest:2_Baldur","floor":4,"turns":3},{"damage":0,"enemies":"Hallownest:eliteCrystalGuardian","floor":6,"turns":5},{"damage":0,"enemies":"Hallownest:monsterMossCharger","floor":8,"turns":6},{"damage":0,"enemies":"Hallownest:eliteMossKnight","floor":14,"turns":6},{"damage":0,"enemies":"Hallownest:BossBrokenVessel","floor":16,"turns":6},{"damage":16,"enemies":"2 Thieves","floor":18,"turns":4},{"damage":7,"enemies":"Spheric Guardian","floor":20,"turns":5},{"damage":21,"enemies":"Gremlin Leader","floor":23,"turns":8},{"damage":0,"enemies":"Shelled Parasite and Fungi","floor":24,"turns":3},{"damage":0,"enemies":"Sentry and Sphere","floor":31,"turns":6},{"damage":9,"enemies":"Automaton","floor":33,"turns":8},{"damage":0,"enemies":"Hallownest:Shield_Heavy","floor":35,"turns":6},{"damage":0,"enemies":"Hallownest:3_Siblings","floor":36,"turns":3},{"damage":0,"enemies":"Hallownest:2_Soldiers_and_1_Guardian","floor":39,"turns":13},{"damage":0,"enemies":"Hallownest:2_Wandering_and_1_Horned","floor":45,"turns":8},{"damage":0,"enemies":"Hallownest:eliteCollector","floor":46,"turns":7},{"damage":0,"enemies":"Hallownest:Slobbering_and_Violent","floor":48,"turns":7},{"damage":2,"enemies":"Hallownest:BossHollowKnight","floor":50,"turns":10}],"seed_played":"3313543068594885719","potions_obtained":[{"floor":4,"key":"Swift Potion"},{"floor":8,"key":"LiquidMemories"},{"floor":14,"key":"LiquidMemories"},{"floor":18,"key":"AttackPotion"},{"floor":24,"key":"DuplicationPotion"},{"floor":31,"key":"Energy Potion"},{"floor":35,"key":"EssenceOfSteel"},{"floor":39,"key":"Ancient Potion"},{"floor":45,"key":"Ancient Potion"},{"floor":48,"key":"Dexterity Potion"}],"is_trial":false,"path_per_floor":["M","M","?","M","?","E","R","M","T","$","?","T","R","E","R","B",null,"M","?","M","T","$","E","M","R","T","R","?","R","$","M","R","B",null,"M","M","?","T","M","R","?","R","T","$","M","E","$","M","R","B",null],"character_chosen":"HERMIT","items_purchased":["Tiny Chest","Here Defend Chip","Membership Card","Dagger Throw","Orichalcum","CeramicFish","Frozen Eye","LiquidMemories","HandDrill","HollowMod:LifeEnderRelic","PowerPotion"],"campfire_rested":1,"item_purchase_floors":[10,10,22,22,22,44,44,44,47,47,47],"current_hp_per_floor":[75,75,75,75,75,75,75,75,75,75,66,66,70,70,70,70,70,68,68,64,64,64,46,49,49,49,49,49,49,49,56,56,50,70,70,70,70,70,70,70,43,43,43,43,65,70,70,70,70,68],"gold":59,"neow_bonus":"","is_daily":true,"chose_seed":false,"campfire_upgraded":9,"win_rate":0.0,"timestamp":1609184281,"path_taken":["M","M","?","M","?","E","R","?","T","$","?","?","R","E","R","BOSS","M","?","M","?","$","E","M","R","T","R","?","R","?","M","R","BOSS","M","M","?","?","M","R","?","R","T","$","?","E","?","M","R","BOSS"],"items_purchased_type":["Relic","Card","Relic","Card","Relic","Relic","Relic","Potion","Relic","Relic","Potion"],"build_version":"2020-12-22","purchased_purges":0,"victory":true,"max_hp_per_floor":[75,75,75,75,75,75,75,75,75,75,75,75,70,70,70,70,70,70,70,70,70,70,70,70,70,70,70,70,70,70,70,70,70,70,70,70,70,70,70,70,70,70,70,70,70,70,70,70,70,70],"card_choices":[{"not_picked":["Slice","Shade:Brains"],"picked":"HollowMod:BlackTendrils","floor":1},{"not_picked":["Shade:OpenGraves","hierophant:FlamingChariot","EmptyBody"],"picked":"SKIP","floor":2},{"not_picked":["HollowMod:BlackTendrils","Infernal Blade"],"picked":"Shade:FuneraryArmor","floor":4},{"not_picked":["Shade:BoneShards","Flex"],"picked":"Genetic Algorithm","floor":6},{"not_picked":["hermit:BodyArmor","Blood for Blood"],"picked":"hermit:Combo","floor":8},{"not_picked":["WreathOfFlame","Shade:CommandSoldier","Uppercut"],"picked":"SKIP","floor":14},{"not_picked":["HollowMod:PureVessel","Wish"],"picked":"HollowMod:LifebloodCore","floor":16},{"not_picked":["hermit:HighCaliber+1","Ruin Defend"],"picked":"Fixing","floor":18},{"not_picked":["Shade:CoffinDance","Turbo"],"picked":"Seeing Red","floor":20},{"not_picked":["hierophant:Remorse","hermit:HighCaliber+1","SandsOfTime"],"picked":"SKIP","floor":23},{"not_picked":["Skewer","Iron Wave","hierophant:Zeal"],"picked":"SKIP","floor":24},{"not_picked":["Worship","hierophant:Shelter"],"picked":"HollowMod:GoodIntentions","floor":31},{"not_picked":["Shade:Bonestorm","hierophant:RepressedViolence+1"],"picked":"Shade:Patience+1","floor":35},{"not_picked":["Break Into+1","Skim+1"],"picked":"E MP+1","floor":39},{"not_picked":["hermit:Misfire","hermit:BodyArmor","hermit:HoleUp+1"],"picked":"SKIP","floor":45},{"not_picked":["HollowMod:NewJinnsSoul","Shade:AuraOfUnlife","Anger"],"picked":"SKIP","floor":46},{"not_picked":["Pod Laser","Shade:WallOfFlesh+1"],"picked":"hermit:Desperado+1","floor":48}],"player_experience":428119,"relics_obtained":[{"floor":6,"key":"Bottled Lightning"},{"floor":9,"key":"The Courier"},{"floor":12,"key":"Potion Belt"},{"floor":14,"key":"Nunchaku"},{"floor":21,"key":"StrikeDummy"},{"floor":23,"key":"Sundial"},{"floor":26,"key":"Matryoshka"},{"floor":38,"key":"Toy Ornithopter"},{"floor":38,"key":"Pen Nib"},{"floor":43,"key":"Anchor"},{"floor":43,"key":"Regal Pillow"},{"floor":46,"key":"Ancient Tea Set"}],"event_choices":[{"damage_healed":0,"gold_gain":0,"player_choice":"Ignored","damage_taken":0,"max_hp_gain":0,"max_hp_loss":0,"event_name":"Ghosts","floor":19,"gold_loss":0},{"damage_healed":0,"gold_gain":0,"player_choice":"Paid Fearfully","damage_taken":0,"max_hp_gain":0,"max_hp_loss":0,"event_name":"Masked Bandits","floor":28,"gold_loss":137},{"damage_healed":0,"gold_gain":0,"player_choice":"UP RE ","damage_taken":31,"relics_obtained":["Boot"],"max_hp_gain":0,"max_hp_loss":0,"event_name":"betterSkull:BetterSkull","floor":41,"gold_loss":0,"cards_upgraded":["hermit:Covet"]}],"is_beta":false,"boss_relics":[{"not_picked":["Philosopher\u0027s Stone","Runic Dome"],"picked":"SlaversCollar"},{"not_picked":["Empty Cage","hermit:ClaspedLocket"],"picked":"hermit:BartenderGlass"}],"items_purged_floors":[],"is_endless":false,"potions_floor_spawned":[4,8,14,18,24,31,35,39,45,48],"ascension_level":0}}