{"host":"7nu0fnckee4tlfez","time":1609180480,"event":{"mods":["2.2 Compatiblity","AchievementEnabler","Astrologer","BaseMod","CapriCore","Colored Map","Downfall","Hermit","Lobotomy","Marisa£¨Ùöéë¡¡Øª×âÞÞ£©","Minty Spire (QoL Compilation)","Quick Restart","StSLib","SuperFastMode","The Cursed","The Hierophant","The Immortal"],"gold_per_floor":[99,133,133,133,143,143,143,158,158,158,158],"floor_reached":10,"playtime":244,"items_purged":[],"score":89,"play_id":"f67eeb55-8bc9-4fac-8aa7-6943a8f7a44e","local_time":"20201229033440","is_ascension_mode":false,"campfire_choices":[{"floor":1,"key":"RECALL"},{"data":"sneckomod:TailWhip","floor":4,"key":"SMITH"},{"data":"sneckomod:DiceCrush","floor":6,"key":"SMITH"}],"circlet_count":0,"master_deck":["sneckomod:Strike","sneckomod:Strike","sneckomod:Defend","sneckomod:Defend","sneckomod:Defend","sneckomod:TailWhip+1","sneckomod:SnekBite","sneckomod:Unknown","sneckomod:Unknown","sneckomod:SnekBeam","sneckomod:UnknownClassASTROLOGER","sneckomod:DiceCrush+1","sneckomod:UnknownClassAngela"],"relics":["sneckomod:SneckoSoul","downfall:HeartsMalice","Bronze Scales","Molten Egg 2"],"acts_visited":["Exordium"],"potions_floor_usage":[],"damage_taken":[{"damage":0,"enemies":"Lagavulin","floor":2,"turns":1},{"damage":0,"enemies":"2 Louse","floor":3,"turns":1},{"damage":10,"enemies":"Cultist","floor":5,"turns":3},{"damage":12,"enemies":"Small Slimes","floor":8,"turns":4},{"damage":0,"enemies":"Gremlin Nob","floor":10,"turns":2}],"seed_played":"-5380558476734058164","potions_obtained":[{"floor":8,"key":"Explosive Potion"}],"is_trial":false,"path_per_floor":["R","E","M","R","M","R","T","M","?","E"],"character_chosen":"THE_SNECKO","items_purchased":[],"campfire_rested":0,"item_purchase_floors":[],"current_hp_per_floor":[90,90,91,91,81,81,81,70,70,70,70],"gold":158,"neow_bonus":"THREE_ENEMY_KILL","is_daily":false,"chose_seed":false,"campfire_upgraded":2,"win_rate":0.0,"timestamp":1609180480,"path_taken":["R","E","M","R","M","R","T","M","?","E"],"items_purchased_type":[],"build_version":"2020-12-22","purchased_purges":0,"victory":false,"max_hp_per_floor":[90,90,91,91,91,91,91,92,92,92,92],"card_choices":[{"not_picked":["sneckomod:DiceBlock","sneckomod:UnknownClassHIEROPHANT_GOLD_COLOR"],"picked":"sneckomod:SnekBeam","floor":2},{"not_picked":["sneckomod:SlitherStrike","sneckomod:IronFang"],"picked":"sneckomod:UnknownClassASTROLOGER","floor":3},{"not_picked":["sneckomod:QuickMove","sneckomod:QuickBite"],"picked":"sneckomod:DiceCrush","floor":5},{"not_picked":["sneckomod:SoulCleanse","sneckomod:IronFang+1"],"picked":"sneckomod:UnknownClassAngela","floor":8}],"player_experience":85365,"relics_obtained":[{"floor":2,"key":"Bronze Scales"},{"floor":7,"key":"Molten Egg 2"}],"event_choices":[{"cards_removed":["sneckomod:Strike"],"damage_healed":0,"gold_gain":0,"player_choice":"Purged","damage_taken":0,"max_hp_gain":0,"max_hp_loss":0,"event_name":"Purifier","floor":9,"gold_loss":0}],"is_beta":false,"boss_relics":[],"items_purged_floors":[],"is_endless":false,"potions_floor_spawned":[8],"killed_by":"Gremlin Nob","ascension_level":0}}