{"host":"qc1sjgtdjonvdsd8","time":1609153985,"event":{"mods":["BaseMod","Colored Map","Colored Powertips","Curses Come First","Minty Spire (QoL Compilation)","Replay The Spire","StSLib"],"gold_per_floor":[112,112,112,37,56,56,117,117,117,127,75,88,108,125,125,220,220,238,258,268,268,268,294,294,313,381,59,73,108,23,39,39,141,141,161,180,90,110,36,36,53,53,53,53,79,90,102,116,116,116,116,116,55,80,80],"floor_reached":56,"playtime":5164,"items_purged":["Strike_G","Defend_G"],"score":1086,"play_id":"053b57b5-9d4e-4819-8197-66d11cb007f2","local_time":"20201228031305","is_ascension_mode":false,"campfire_choices":[{"data":"Neutralize","floor":6,"key":"SMITH"},{"floor":8,"key":"REST"},{"data":"Backstab","floor":15,"key":"SMITH"},{"data":"Survivor","floor":15,"key":"SMITH"},{"data":"Bullet Time","floor":24,"key":"SMITH"},{"data":"Tactician","floor":24,"key":"SMITH"},{"data":"Prepared","floor":32,"key":"SMITH"},{"data":"Tactician","floor":32,"key":"SMITH"},{"data":"Acrobatics","floor":40,"key":"SMITH"},{"data":"Acrobatics","floor":40,"key":"SMITH"},{"floor":44,"key":"RECALL"},{"floor":49,"key":"REST"},{"data":"Bullet Time","floor":52,"key":"SMITH"},{"data":"Escape Plan","floor":52,"key":"SMITH"}],"circlet_count":0,"master_deck":["Survivor+1","Neutralize+1","Sucker Punch","Dagger Spray+1","Acrobatics+1","Acrobatics+1","Backflip","Backstab+1","Backstab+1","Bullet Time+1","Footwork+1","Prepared+1","Tactician+1","Caltrops","Backflip","Blade Dance","Footwork","Well Laid Plans","Tactician+1","Atom Bomb","Toxin Wave","Deadly Poison","PiercingWail","Blade Dance","Blade Dance","Reflex+1","ReplayTheSpireMod:Scrap Shanks","Blade Dance+1","Bullet Time+1","Acrobatics","Escape Plan+1","Hidden Blade+1","Tactician+1","ReplayTheSpireMod:The Works"],"relics":["WristBlade","MealTicket","Replay:Arrowhead","Odd Mushroom","Sozu","Enchiridion","Mango","ReplayTheSpireMod:Shallot","Nunchaku","Chameleon Ring","Bronze Scales","Pandora\u0027s Box","Ornamental Fan","Quantum Egg"],"acts_visited":["Exordium","TheCity","TheBeyond","TheEnding"],"potions_floor_usage":[16,16,33],"damage_taken":[{"damage":0,"enemies":"Cultist","floor":1,"turns":4},{"damage":2,"enemies":"2 Louse","floor":5,"turns":2},{"damage":19,"enemies":"3 Sentries","floor":7,"turns":8},{"damage":0,"enemies":"Jaw Worm","floor":10,"turns":3},{"damage":0,"enemies":"Red Slaver","floor":12,"turns":2},{"damage":10,"enemies":"The Mushroom Lair","floor":13,"turns":2},{"damage":0,"enemies":"Exordium Wildlife","floor":14,"turns":3},{"damage":53,"enemies":"Hexaghost","floor":16,"turns":17},{"damage":5,"enemies":"2 Thieves","floor":18,"turns":4},{"damage":0,"enemies":"3 Byrds","floor":19,"turns":6},{"damage":0,"enemies":"Snecko","floor":20,"turns":5},{"damage":0,"enemies":"Replay:Snechameleon","floor":23,"turns":7},{"damage":7,"enemies":"Snake Plant","floor":25,"turns":3},{"damage":6,"enemies":"Centurion and Healer","floor":28,"turns":4},{"damage":14,"enemies":"Slavers","floor":29,"turns":3},{"damage":0,"enemies":"3 Cultists","floor":31,"turns":3},{"damage":0,"enemies":"Collector","floor":33,"turns":8},{"damage":0,"enemies":"Orb Walker","floor":35,"turns":1},{"damage":0,"enemies":"3 Shapes","floor":36,"turns":4},{"damage":0,"enemies":"Transient","floor":38,"turns":5},{"damage":15,"enemies":"3 Darklings","floor":41,"turns":4},{"damage":6,"enemies":"Reptomancer","floor":45,"turns":3},{"damage":5,"enemies":"Spire Growth","floor":46,"turns":2},{"damage":0,"enemies":"Jaw Worm Horde","floor":47,"turns":2},{"damage":6,"enemies":"4 Shapes","floor":48,"turns":5},{"damage":27,"enemies":"Replay:Hell Engine","floor":50,"turns":6},{"damage":16,"enemies":"Shield and Spear","floor":54,"turns":4},{"damage":49,"enemies":"The Heart","floor":55,"turns":5}],"seed_played":"5572835261889989765","potions_obtained":[{"floor":7,"key":"CunningPotion"},{"floor":10,"key":"Adrenaline Potion"},{"floor":13,"key":"SpeedPotion"},{"floor":16,"key":"Energy Potion"}],"is_trial":false,"path_per_floor":["M","?","?","$","M","R","?","R","T","M","$","M","?","M","R","B",null,"M","M","M","?","?","E","R","M","T","$","M","E","?","M","R","B",null,"M","M","?","M","$","R","M","?","T","R","E","M","M","M","R","B",null,"R","$","E","B",null],"character_chosen":"THE_SILENT","items_purchased":["Backstab+1","Nunchaku","Footwork","ReplayTheSpireMod:Scrap Shanks","Tactician+1"],"campfire_rested":2,"item_purchase_floors":[11,27,27,39,53],"current_hp_per_floor":[70,70,56,56,54,54,35,56,56,56,70,70,60,60,60,7,70,65,65,65,65,49,63,63,56,56,71,65,51,51,51,51,51,84,84,84,84,84,84,84,69,69,69,69,63,58,58,52,77,50,84,84,84,68,19],"gold":80,"neow_bonus":"BOSS_RELIC","is_daily":false,"chose_seed":false,"campfire_upgraded":11,"win_rate":0.0,"timestamp":1609153985,"path_taken":["M","?","?","?","?","R","?","R","T","M","?","?","?","M","R","BOSS","M","M","M","?","?","E","R","M","T","$","M","E","?","M","R","BOSS","M","M","?","?","$","R","M","?","T","R","E","?","M","?","R","BOSS","R","$","E","BOSS"],"items_purchased_type":["Card","Relic","Card","Card","Card"],"build_version":"2020-12-22","purchased_purges":2,"victory":true,"max_hp_per_floor":[70,70,70,70,70,70,70,70,70,70,70,70,70,70,70,70,70,70,70,70,70,70,84,84,84,84,84,84,84,84,84,84,84,84,84,84,84,84,84,84,84,84,84,84,84,84,84,84,84,84,84,84,84,84,84],"card_choices":[{"not_picked":["Dagger Throw","Flying Knee"],"picked":"Sucker Punch","floor":1},{"not_picked":["PiercingWail","Dagger Throw"],"picked":"Acrobatics","floor":5},{"not_picked":["Quick Slash","Poisoned Stab"],"picked":"Acrobatics","floor":7},{"not_picked":["Sucker Punch","Quick Slash"],"picked":"Backflip","floor":10},{"not_picked":["Replay:Poison Smokescreen","Fluid Movement","Deadly Poison"],"picked":"SKIP","floor":12},{"not_picked":["Caltrops","Outmaneuver"],"picked":"Backstab","floor":13},{"not_picked":["Flying Knee","Distraction","ReplayTheSpireMod:Necrosis"],"picked":"SKIP","floor":14},{"not_picked":["Night Terror","Burst"],"picked":"Bullet Time","floor":16},{"not_picked":["Quick Slash","Poisoned Stab+1"],"picked":"Footwork","floor":18},{"not_picked":["Bouncing Flask","All Out Attack+1","Crippling Poison"],"picked":"SKIP","floor":19},{"not_picked":["Flying Knee","Deflect+1"],"picked":"Prepared","floor":20},{"not_picked":["Dagger Spray","ReplayTheSpireMod:Exploit Weakness+1"],"picked":"Backflip","floor":23},{"not_picked":["Poisoned Stab","PiercingWail"],"picked":"Blade Dance","floor":25},{"not_picked":["PiercingWail","All Out Attack"],"picked":"Well Laid Plans","floor":28},{"not_picked":["All Out Attack","Malaise"],"picked":"Tactician","floor":29},{"not_picked":["Dash","Underhanded Strike+1","Quick Slash"],"picked":"SKIP","floor":31},{"not_picked":["ReplayTheSpireMod:From All Sides","ReplayTheSpireMod:Necrosis"],"picked":"Atom Bomb","floor":33},{"not_picked":["Slice+1","All Out Attack+1","PiercingWail+1"],"picked":"SKIP","floor":35},{"not_picked":["Slice","Bouncing Flask+1"],"picked":"Blade Dance","floor":36},{"not_picked":["Poison Darts","Blur"],"picked":"Reflex+1","floor":38},{"not_picked":["Slice","Cloak And Dagger"],"picked":"Blade Dance+1","floor":41},{"not_picked":["Riddle With Holes","Poisoned Stab"],"picked":"Bullet Time","floor":45},{"not_picked":["Distraction+1","Backflip"],"picked":"Acrobatics","floor":46},{"not_picked":["Quick Slash","PiercingWail+1"],"picked":"Escape Plan","floor":47},{"not_picked":["All Out Attack","Slice+1"],"picked":"Hidden Blade+1","floor":48},{"not_picked":["PiercingWail+1","ReplayTheSpireMod:Tripwire"],"picked":"ReplayTheSpireMod:The Works","floor":54}],"player_experience":188730,"relics_obtained":[{"floor":7,"key":"MealTicket"},{"floor":9,"key":"Replay:Arrowhead"},{"floor":13,"key":"Odd Mushroom"},{"floor":22,"key":"Enchiridion"},{"floor":23,"key":"Mango"},{"floor":26,"key":"ReplayTheSpireMod:Shallot"},{"floor":29,"key":"Chameleon Ring"},{"floor":45,"key":"Ornamental Fan"},{"floor":54,"key":"Quantum Egg"}],"event_choices":[{"damage_healed":0,"gold_gain":0,"player_choice":"Entered Light","damage_taken":14,"max_hp_gain":0,"max_hp_loss":0,"event_name":"Shining Light","floor":3,"gold_loss":0,"cards_upgraded":["Defend_G","Defend_G"]},{"damage_healed":0,"gold_gain":0,"player_choice":"Searched \u00271\u0027 times","damage_taken":0,"max_hp_gain":0,"max_hp_loss":0,"event_name":"Dead Adventurer","floor":7,"gold_loss":0},{"damage_healed":0,"gold_gain":0,"player_choice":"Fought Mushrooms","damage_taken":0,"max_hp_gain":0,"max_hp_loss":0,"event_name":"Mushrooms","floor":13,"gold_loss":0},{"damage_healed":0,"gold_gain":0,"cards_transformed":["Strike_G","Strike_G"],"player_choice":"Became Test Subject","damage_taken":0,"max_hp_gain":0,"max_hp_loss":0,"event_name":"Drug Dealer","floor":21,"gold_loss":0,"cards_obtained":["Tactician","Caltrops"]},{"damage_healed":0,"gold_gain":0,"player_choice":"Obtained Book","damage_taken":16,"max_hp_gain":0,"max_hp_loss":0,"event_name":"Cursed Tome","floor":22,"gold_loss":0},{"damage_healed":0,"gold_gain":0,"player_choice":"Obtained Relic","damage_taken":0,"relics_obtained":["Bronze Scales"],"max_hp_gain":0,"max_hp_loss":0,"event_name":"Addict","floor":30,"gold_loss":85},{"cards_removed":["Poison Darts"],"damage_healed":0,"gold_gain":0,"player_choice":"Upgrade and Remove","damage_taken":0,"max_hp_gain":0,"max_hp_loss":0,"event_name":"Designer","floor":37,"gold_loss":90,"cards_upgraded":["Footwork"]},{"damage_healed":0,"gold_gain":0,"player_choice":"Bought 0 Potions","damage_taken":0,"max_hp_gain":0,"max_hp_loss":0,"event_name":"The Woman in Blue","floor":42,"gold_loss":0}],"is_beta":false,"boss_relics":[{"not_picked":["SlaversCollar","Astrolabe"],"picked":"Sozu"},{"not_picked":["Snecko Eye","Ring of Chaos"],"picked":"Pandora\u0027s Box"}],"items_purged_floors":[4,27],"is_endless":false,"potions_floor_spawned":[7,10,13,14,16,20,23,25,31,36,38,41,45],"ascension_level":0}}