{"host":"2e3z4r48quhw80cc","time":1609163216,"event":{"mods":["BaseMod","Minty Spire (QoL Compilation)","Quick Restart","StSLib","SuperFastMode"],"gold_per_floor":[116,116,191,43,43,78,78,105,105,140,151,186,186,198,198,303,303,317,242,258,258,258,286,286,311,365,380,380,380,393,65,65,163,163,173,448,466,478,478,508,508,408,432,432,432,443,443,93,93,93],"floor_reached":51,"playtime":1473,"items_purged":["Defend_B","Regret","Defend_B"],"score":911,"play_id":"452cac4c-0447-4104-a452-e2c9436667c8","local_time":"20201228224656","is_ascension_mode":true,"campfire_choices":[{"data":"Self Repair","floor":7.0,"key":"SMITH"},{"data":"Static Discharge","floor":15.0,"key":"SMITH"},{"floor":32.0,"key":"REST"},{"floor":41.0,"key":"REST"},{"data":"Fission","floor":47.0,"key":"SMITH"},{"data":"Chaos","floor":49.0,"key":"SMITH"}],"circlet_count":0,"master_deck":["Strike_B","Defend_B","Zap+1","Dualcast+1","Auto Shields","Self Repair+1","Sweeping Beam","Seek","Chill","Force Field","Static Discharge+1","Biased Cognition","Heatsinks","Defragment","FTL","Electrodynamics","Undo","Sunder","White Noise","Capacitor","Thunder Strike","Loop+1","Fission+1","Madness","Madness","Fission+1","Chaos+1"],"relics":["Cracked Core","Orichalcum","Pear","Shuriken","Bottled Flame","Vajra","Inserter","Enchiridion","Dream Catcher","Nloth\u0027s Gift","Matryoshka","Lantern","Regal Pillow","Calipers","SacredBark","Bag of Marbles","Art of War","Bag of Preparation","DollysMirror"],"acts_visited":["Exordium","TheCity","TheBeyond"],"potions_floor_usage":[50,50],"damage_taken":[{"damage":0.0,"enemies":"Small Slimes","floor":1.0,"turns":1.0},{"damage":0.0,"enemies":"Lagavulin","floor":6.0,"turns":1.0},{"damage":0.0,"enemies":"Gremlin Nob","floor":8.0,"turns":1.0},{"damage":19.0,"enemies":"Lagavulin","floor":10.0,"turns":7.0},{"damage":1.0,"enemies":"Jaw Worm","floor":11.0,"turns":3.0},{"damage":5.0,"enemies":"3 Sentries","floor":12.0,"turns":9.0},{"damage":0.0,"enemies":"Cultist","floor":14.0,"turns":2.0},{"damage":29.0,"enemies":"Slime Boss","floor":16.0,"turns":8.0},{"damage":6.0,"enemies":"Chosen","floor":18.0,"turns":3.0},{"damage":9.0,"enemies":"3 Byrds","floor":20.0,"turns":5.0},{"damage":29.0,"enemies":"Slavers","floor":23.0,"turns":5.0},{"damage":10.0,"enemies":"Gremlin Leader","floor":25.0,"turns":6.0},{"damage":15.0,"enemies":"Snecko","floor":27.0,"turns":4.0},{"damage":15.0,"enemies":"Shelled Parasite and Fungi","floor":30.0,"turns":5.0},{"damage":14.0,"enemies":"Automaton","floor":33.0,"turns":7.0},{"damage":0.0,"enemies":"3 Shapes","floor":35.0,"turns":2.0},{"damage":21.0,"enemies":"3 Darklings","floor":37.0,"turns":3.0},{"damage":15.0,"enemies":"Sphere and 2 Shapes","floor":38.0,"turns":4.0},{"damage":32.0,"enemies":"Reptomancer","floor":40.0,"turns":4.0},{"damage":7.0,"enemies":"4 Shapes","floor":46.0,"turns":4.0},{"damage":36,"enemies":"Time Eater","floor":50,"turns":9}],"seed_played":"-4239124298689915903","potions_obtained":[{"floor":1.0,"key":"BlessingOfTheForge"},{"floor":6.0,"key":"Energy Potion"},{"floor":14.0,"key":"SkillPotion"},{"floor":30.0,"key":"Swift Potion"},{"floor":37.0,"key":"BlessingOfTheForge"},{"floor":38.0,"key":"PowerPotion"},{"floor":40.0,"key":"LiquidMemories"}],"is_trial":false,"path_per_floor":["M","?","?","$","?","E","R","E","T","E","M","E","?","M","R","B",null,"M","$","M","?","?","E","?","E","T","M","?","?","M","$","R","B",null,"M","?","M","M","?","E","R","$","T","?","?","M","R","$","R","B",null],"character_chosen":"DEFECT","items_purchased":["Self Repair","Defragment","Capacitor","Calipers","DollysMirror","Chaos"],"campfire_rested":2,"item_purchase_floors":[4,19,31,31,48,48],"current_hp_per_floor":[75,60,49,49,49,56,56,66,66,57,66,71,64,74,74,55,85,85,85,85,85,69,50,50,60,60,55,55,39,34,34,76,72,90,90,90,69,64,53,31,73,73,73,73,73,76,76,76,76,50],"gold":93,"neow_bonus":"THREE_ENEMY_KILL","is_daily":false,"chose_seed":false,"campfire_upgraded":4,"win_rate":0.0,"timestamp":1609163216,"path_taken":["M","?","?","$","?","E","R","E","T","E","M","E","?","?","R","BOSS","M","$","M","?","?","E","?","E","T","?","?","?","M","$","R","BOSS","M","?","M","?","?","E","R","?","T","?","?","M","R","$","R","BOSS"],"items_purchased_type":["Card","Card","Card","Relic","Relic","Card"],"build_version":"2020-12-22","purchased_purges":3,"victory":true,"max_hp_per_floor":[75,75,75,75,75,75,75,85,85,85,85,85,85,85,85,85,85,85,85,85,85,85,85,85,85,85,85,85,90,90,90,90,90,90,90,90,90,90,90,90,90,90,90,90,90,90,90,90,90,90],"card_choices":[{"not_picked":["Stack","Coolheaded"],"picked":"Auto Shields","floor":1.0},{"not_picked":["Reinforced Body","Hello World"],"picked":"Sweeping Beam","floor":6.0},{"not_picked":["Gash","Stack"],"picked":"Seek","floor":8.0},{"not_picked":["Blizzard","Gash"],"picked":"Chill","floor":10.0},{"not_picked":["Cold Snap","Rebound"],"picked":"Force Field","floor":11.0},{"not_picked":["Genetic Algorithm","Leap"],"picked":"Ball Lightning","floor":12.0},{"not_picked":["Doom and Gloom","Sweeping Beam"],"picked":"Static Discharge","floor":14.0},{"not_picked":["All For One","Seek"],"picked":"Biased Cognition","floor":16.0},{"not_picked":["Compile Driver","Rebound+1"],"picked":"Heatsinks","floor":18.0},{"not_picked":["Beam Cell","Streamline+1","Conserve Battery"],"picked":"SKIP","floor":20.0},{"not_picked":["Beam Cell","Turbo"],"picked":"FTL","floor":23.0},{"not_picked":["Barrage+1","Rainbow"],"picked":"Electrodynamics","floor":25.0},{"not_picked":["Turbo","Blizzard","Sweeping Beam+1"],"picked":"SKIP","floor":27.0},{"not_picked":["Stack","Cold Snap"],"picked":"White Noise","floor":30.0},{"not_picked":["Multi-Cast","Fission"],"picked":"Thunder Strike","floor":33.0},{"not_picked":["Undo+1","Turbo"],"picked":"Loop+1","floor":35.0},{"not_picked":["Double Energy","Compile Driver","Leap+1"],"picked":"SKIP","floor":37.0},{"not_picked":["Gash+1","Reprogram+1"],"picked":"Fission","floor":38.0},{"not_picked":["Leap","Reprogram","Undo"],"picked":"SKIP","floor":40.0},{"not_picked":["Redo+1","Coolheaded","Force Field"],"picked":"SKIP","floor":46.0}],"player_experience":41817,"relics_obtained":[{"floor":6.0,"key":"Orichalcum"},{"floor":8.0,"key":"Pear"},{"floor":9.0,"key":"Shuriken"},{"floor":10.0,"key":"Bottled Flame"},{"floor":12.0,"key":"Vajra"},{"floor":22.0,"key":"Enchiridion"},{"floor":23.0,"key":"Dream Catcher"},{"floor":25.0,"key":"Matryoshka"},{"floor":26.0,"key":"Lantern"},{"floor":26.0,"key":"Regal Pillow"},{"floor":40.0,"key":"Bag of Marbles"},{"floor":43.0,"key":"Art of War"},{"floor":43.0,"key":"Bag of Preparation"}],"event_choices":[{"damage_healed":0.0,"max_hp_gain":0.0,"max_hp_loss":0.0,"gold_gain":0.0,"event_name":"Shining Light","player_choice":"Entered Light","floor":2.0,"gold_loss":0.0,"damage_taken":15.0,"cards_upgraded":["Dualcast","Zap"]},{"damage_healed":0.0,"max_hp_gain":0.0,"max_hp_loss":0.0,"gold_gain":75.0,"event_name":"World of Goop","player_choice":"Gather Gold","floor":3.0,"gold_loss":0.0,"damage_taken":11.0},{"damage_healed":0.0,"max_hp_gain":0.0,"max_hp_loss":0.0,"gold_gain":0.0,"event_name":"The Cleric","player_choice":"Leave","floor":5.0,"gold_loss":0.0,"damage_taken":0.0},{"cards_removed":["Strike_B"],"damage_healed":0.0,"max_hp_gain":0.0,"max_hp_loss":0.0,"gold_gain":0.0,"event_name":"Golden Wing","player_choice":"Card Removal","floor":13.0,"gold_loss":0.0,"damage_taken":7.0},{"cards_removed":["Strike_B"],"damage_healed":0.0,"max_hp_gain":0.0,"max_hp_loss":0.0,"gold_gain":0.0,"event_name":"Back to Basics","player_choice":"Elegance","floor":21.0,"gold_loss":0.0,"damage_taken":0.0},{"damage_healed":0.0,"max_hp_gain":0.0,"max_hp_loss":0.0,"gold_gain":0.0,"event_name":"Cursed Tome","player_choice":"Obtained Book","floor":22.0,"gold_loss":0.0,"damage_taken":16.0},{"damage_healed":0.0,"max_hp_gain":0.0,"max_hp_loss":0.0,"gold_gain":0.0,"event_name":"N\u0027loth","player_choice":"Traded Relic","floor":24.0,"relics_lost":["NeowsBlessing"],"gold_loss":0.0,"damage_taken":0.0,"relics_obtained":["Nloth\u0027s Gift"]},{"damage_healed":0.0,"max_hp_gain":0.0,"max_hp_loss":0.0,"gold_gain":0.0,"cards_transformed":["Strike_B","Defend_B"],"event_name":"Drug Dealer","player_choice":"Became Test Subject","floor":28.0,"gold_loss":0.0,"damage_taken":0.0,"cards_obtained":["Undo","Sunder"]},{"damage_healed":0.0,"max_hp_gain":5.0,"max_hp_loss":0.0,"gold_gain":0.0,"event_name":"Forgotten Altar","player_choice":"Shed Blood","floor":29.0,"gold_loss":0.0,"damage_taken":21.0},{"damage_healed":0.0,"max_hp_gain":0.0,"max_hp_loss":0.0,"gold_gain":275.0,"event_name":"Golden Shrine","player_choice":"Desecrate","floor":36.0,"gold_loss":0.0,"damage_taken":0.0,"cards_obtained":["Regret"]},{"damage_healed":0.0,"max_hp_gain":0.0,"max_hp_loss":0.0,"gold_gain":0.0,"event_name":"Winding Halls","player_choice":"Embrace Madness","floor":39.0,"gold_loss":0.0,"damage_taken":11.0,"cards_obtained":["Madness","Madness"]},{"cards_removed":["Ball Lightning"],"damage_healed":0.0,"max_hp_gain":0.0,"max_hp_loss":0.0,"gold_gain":0.0,"event_name":"Falling","player_choice":"Removed Attack","floor":44.0,"gold_loss":0.0,"damage_taken":0.0},{"damage_healed":0.0,"max_hp_gain":0.0,"max_hp_loss":0.0,"gold_gain":0.0,"event_name":"Mysterious Sphere","player_choice":"Ignored","floor":45.0,"gold_loss":0.0,"damage_taken":0.0}],"is_beta":false,"boss_relics":[{"not_picked":["Sozu","Busted Crown"],"picked":"Inserter"},{"not_picked":["Empty Cage","Pandora\u0027s Box"],"picked":"SacredBark"}],"items_purged_floors":[4,42,48],"is_endless":false,"potions_floor_spawned":[1,6,14,18,30,37,38,40],"ascension_level":2}}