{"host":"y3h3n3f7seyagppx","time":1609186374,"event":{"mods":["BaseMod","Colored Map","Colored Powertips","DeckTracker","Minty Spire (QoL Compilation)","Random Character Button","Rare Cards Sparkle","Relic Sorter","Relic Stats","StSLib"],"gold_per_floor":[114,114,114,129,144,144,179,195,195,195,222,222,235,252,252,329,329,349,363,41,41,76,106,106,134,134,59,87,87,119,131,131,204,204,224,249,471,486,251,280,300,331,407,95,128,146,146,146,146,146,146],"floor_reached":50,"playtime":35208,"items_purged":["Strike_R","Strike_R"],"score":1557,"play_id":"eca6d59b-7ab6-48c9-a61e-6261bd60578b","local_time":"20201228151254","is_ascension_mode":true,"campfire_choices":[{"data":"Bash","floor":6,"key":"SMITH"},{"data":"Inflame","floor":12,"key":"SMITH"},{"data":"Twin Strike","floor":15,"key":"SMITH"},{"data":"Ghostly","floor":24,"key":"SMITH"},{"data":"Inflame","floor":29,"key":"SMITH"},{"data":"Ghostly","floor":32,"key":"SMITH"},{"floor":47,"key":"RECALL"},{"data":"Shrug It Off","floor":49,"key":"SMITH"}],"circlet_count":0,"master_deck":["AscendersBane","Strike_R","Strike_R","Defend_R","Defend_R","Defend_R","Bash+1","Twin Strike+1","Headbutt+1","Inflame+1","Evolve","Impervious","Pommel Strike+1","Ghostly+1","Ghostly+1","Ghostly","Reaper+1","Inflame+1","Corruption","Shrug It Off","Dual Wield+1","True Grit+1","Whirlwind+1","Spot Weakness","Shrug It Off+1"],"relics":["Burning Blood","Happy Flower","Letter Opener","PreservedInsect","Mercury Hourglass","Orichalcum","Pear","Blood Vial","Sozu","Akabeko","Toolbox","Red Mask","Potion Belt","Gambling Chip","Whetstone","Matryoshka","Black Star","WingedGreaves","Sling","Gremlin Horn","Kunai","Shuriken","Bottled Lightning","Anchor","Ornamental Fan","Frozen Eye"],"acts_visited":["Exordium","TheCity","TheBeyond"],"potions_floor_usage":[8,11,40],"damage_taken":[{"damage":9,"enemies":"Jaw Worm","floor":1,"turns":5},{"damage":0,"enemies":"Small Slimes","floor":4,"turns":2},{"damage":4,"enemies":"2 Louse","floor":5,"turns":2},{"damage":12,"enemies":"Gremlin Nob","floor":7,"turns":3},{"damage":5,"enemies":"Exordium Thugs","floor":8,"turns":2},{"damage":5,"enemies":"Lagavulin","floor":11,"turns":3},{"damage":0,"enemies":"2 Fungi Beasts","floor":13,"turns":3},{"damage":12,"enemies":"Large Slime","floor":14,"turns":4},{"damage":62,"enemies":"The Guardian","floor":16,"turns":11},{"damage":0,"enemies":"Chosen","floor":18,"turns":4},{"damage":16,"enemies":"Spheric Guardian","floor":19,"turns":4},{"damage":2,"enemies":"Masked Bandits","floor":22,"turns":3},{"damage":0,"enemies":"Book of Stabbing","floor":23,"turns":4},{"damage":0,"enemies":"Gremlin Leader","floor":25,"turns":3},{"damage":0,"enemies":"Book of Stabbing","floor":28,"turns":4},{"damage":0,"enemies":"Gremlin Leader","floor":30,"turns":4},{"damage":0,"enemies":"Chosen and Byrds","floor":31,"turns":5},{"damage":40,"enemies":"Automaton","floor":33,"turns":10},{"damage":5,"enemies":"3 Shapes","floor":35,"turns":5},{"damage":0,"enemies":"Mind Bloom Boss Battle","floor":36,"turns":4},{"damage":2,"enemies":"Orb Walker","floor":38,"turns":2},{"damage":8,"enemies":"Giant Head","floor":40,"turns":5},{"damage":0,"enemies":"3 Darklings","floor":41,"turns":1},{"damage":39,"enemies":"Nemesis","floor":42,"turns":5},{"damage":0,"enemies":"Reptomancer","floor":45,"turns":3},{"damage":0,"enemies":"Spire Growth","floor":46,"turns":5},{"damage":94,"enemies":"Awakened One","floor":50,"turns":20}],"seed_played":"-6185468806845581262","potions_obtained":[{"floor":4,"key":"Explosive Potion"},{"floor":7,"key":"Fire Potion"},{"floor":8,"key":"DistilledChaos"},{"floor":14,"key":"SkillPotion"}],"is_trial":false,"path_per_floor":["M","?","?","M","M","R","E","M","T","?","E","R","M","M","R","B",null,"M","M","$","?","?","E","R","E","T","?","E","R","E","M","R","B",null,"M","?","?","M","$","E","M","E","T","$","E","M","R","?","R","B"],"character_chosen":"IRONCLAD","items_purchased":["Akabeko","Toolbox","Sling","Frozen Eye","Shrug It Off"],"campfire_rested":0,"item_purchase_floors":[20,20,39,44,44],"current_hp_per_floor":[65,60,60,66,68,68,62,63,73,73,74,74,82,78,78,24,70,78,70,70,42,42,42,42,42,42,42,42,42,42,42,42,19,36,42,42,42,42,42,40,42,9,9,9,42,42,42,40,40,0,0],"gold":146,"neow_bonus":"RANDOM_COMMON_RELIC","is_daily":false,"chose_seed":false,"campfire_upgraded":7,"win_rate":0.0,"timestamp":1609186374,"path_taken":["M","?","?","M","M","R","E","M","T","?","E","R","M","M","R","BOSS","M","M","$","?","?","E","R","E","T","?","E","R","E","M","R","BOSS","M","?","?","M","$","E","M","E","T","$","E","M","R","?","R","BOSS"],"items_purchased_type":["Relic","Relic","Relic","Relic","Card"],"build_version":"2020-12-22","purchased_purges":2,"victory":false,"max_hp_per_floor":[75,75,75,75,75,75,75,75,85,85,85,85,85,85,85,85,85,85,85,85,42,42,42,42,42,42,42,42,42,42,42,42,42,42,42,42,42,42,42,42,42,42,42,42,42,42,42,40,40,40,40],"relic_stats":{"Happy Flower":[8],"Gremlin Horn":[5,5],"counters":[27,126],"PreservedInsect":471,"Letter Opener":[40],"Whetstone":["Headbutt","Reaper"],"Orichalcum":[324],"Burning Blood":88,"Mercury Hourglass":[487],"Blood Vial":16,"Sozu":5,"Shuriken":[6],"Ornamental Fan":[24],"Gambling Chip":[55],"Black Star":3,"Kunai":[6],"obtain_stats":[{"Gremlin Horn":40,"Whetstone":28,"Sling":39,"Burning Blood":0,"Blood Vial":11,"Sozu":17,"Frozen Eye":44,"Matryoshka":30,"Gambling Chip":25,"Toolbox":20,"WingedGreaves":36,"Red Mask":22,"Kunai":40,"Potion Belt":23,"Pear":9,"Happy Flower":45,"PreservedInsect":0,"Letter Opener":45,"Orichalcum":7,"Akabeko":20,"Mercury Hourglass":2,"Anchor":43,"Shuriken":42,"Ornamental Fan":43,"Black Star":34,"Bottled Lightning":42},{"Gremlin Horn":22,"Whetstone":15,"Sling":21,"Burning Blood":0,"Blood Vial":6,"Sozu":9,"Frozen Eye":24,"Matryoshka":16,"Gambling Chip":14,"Toolbox":11,"WingedGreaves":20,"Red Mask":12,"Kunai":22,"Potion Belt":13,"Pear":5,"Happy Flower":25,"PreservedInsect":0,"Letter Opener":25,"Orichalcum":4,"Akabeko":11,"Mercury Hourglass":1,"Anchor":24,"Shuriken":24,"Ornamental Fan":24,"Black Star":18,"Bottled Lightning":24},{"Gremlin Horn":92,"Whetstone":57,"Sling":87,"Burning Blood":0,"Blood Vial":17,"Sozu":35,"Frozen Eye":98,"Matryoshka":61,"Gambling Chip":53,"Toolbox":43,"WingedGreaves":85,"Red Mask":46,"Kunai":92,"Potion Belt":50,"Pear":14,"Happy Flower":101,"PreservedInsect":0,"Letter Opener":101,"Orichalcum":12,"Akabeko":43,"Mercury Hourglass":5,"Anchor":98,"Shuriken":98,"Ornamental Fan":98,"Black Star":76,"Bottled Lightning":98}]},"card_choices":[{"not_picked":["True Grit","Perfected Strike"],"picked":"Twin Strike","floor":1},{"not_picked":["Wild Strike","Sword Boomerang"],"picked":"Headbutt","floor":4},{"not_picked":["Cleave","Clothesline","Headbutt"],"picked":"SKIP","floor":5},{"not_picked":["Cleave","Clothesline","Headbutt"],"picked":"SKIP","floor":5},{"not_picked":["Infernal Blade","Wild Strike"],"picked":"Inflame","floor":7},{"not_picked":["Anger","Rupture","Clash"],"picked":"SKIP","floor":8},{"not_picked":["Searing Blow","Thunderclap"],"picked":"Evolve","floor":11},{"not_picked":["Sword Boomerang","Thunderclap","Sentinel"],"picked":"SKIP","floor":13},{"not_picked":["Sword Boomerang","Thunderclap","Sentinel"],"picked":"SKIP","floor":13},{"not_picked":["Infernal Blade","Sentinel","Iron Wave"],"picked":"SKIP","floor":14},{"not_picked":["Demon Form","Offering"],"picked":"Impervious","floor":16},{"not_picked":["Body Slam","Sentinel"],"picked":"Pommel Strike+1","floor":18},{"not_picked":["True Grit","Armaments","Reckless Charge"],"picked":"SKIP","floor":19},{"not_picked":["Power Through","Dropkick+1"],"picked":"Reaper","floor":23},{"not_picked":["Armaments","Iron Wave"],"picked":"Inflame","floor":25},{"not_picked":["True Grit","Clothesline","Headbutt"],"picked":"SKIP","floor":28},{"not_picked":["Clothesline","Rupture","Bloodletting"],"picked":"SKIP","floor":30},{"not_picked":["Iron Wave","Juggernaut","Blood for Blood"],"picked":"SKIP","floor":31},{"not_picked":["Reaper","Berserk"],"picked":"Corruption","floor":33},{"not_picked":["Warcry","Dark Embrace"],"picked":"Shrug It Off","floor":35},{"not_picked":["Perfected Strike","Wild Strike"],"picked":"Dual Wield+1","floor":36},{"not_picked":["Iron Wave","Evolve+1"],"picked":"True Grit+1","floor":38},{"not_picked":["Armaments","Burning Pact+1"],"picked":"Whirlwind+1","floor":40},{"not_picked":["Clash","Pommel Strike"],"picked":"Spot Weakness","floor":41},{"not_picked":["Headbutt","True Grit","Havoc+1"],"picked":"SKIP","floor":42},{"not_picked":["Headbutt","True Grit","Havoc+1"],"picked":"SKIP","floor":42},{"not_picked":["Juggernaut","Dual Wield","Twin Strike"],"picked":"SKIP","floor":45},{"not_picked":["Juggernaut","Dual Wield","Twin Strike"],"picked":"SKIP","floor":45},{"not_picked":["Anger","Evolve","Inflame"],"picked":"SKIP","floor":46}],"player_experience":20152435,"relics_obtained":[{"floor":7,"key":"Orichalcum"},{"floor":9,"key":"Pear"},{"floor":11,"key":"Blood Vial"},{"floor":22,"key":"Red Mask"},{"floor":23,"key":"Potion Belt"},{"floor":25,"key":"Gambling Chip"},{"floor":28,"key":"Whetstone"},{"floor":30,"key":"Matryoshka"},{"floor":36,"key":"WingedGreaves"},{"floor":40,"key":"Gremlin Horn"},{"floor":40,"key":"Kunai"},{"floor":42,"key":"Shuriken"},{"floor":42,"key":"Bottled Lightning"},{"floor":43,"key":"Anchor"},{"floor":43,"key":"Ornamental Fan"},{"floor":45,"key":"Happy Flower"},{"floor":45,"key":"Letter Opener"}],"event_choices":[{"damage_healed":0,"gold_gain":0,"player_choice":"Success","damage_taken":5,"relics_obtained":["Mercury Hourglass"],"max_hp_gain":0,"max_hp_loss":0,"event_name":"Scrap Ooze","floor":2,"gold_loss":0},{"damage_healed":0,"gold_gain":0,"cards_transformed":["Strike_R"],"player_choice":"Change","damage_taken":0,"max_hp_gain":0,"max_hp_loss":0,"event_name":"Living Wall","floor":3,"gold_loss":0,"cards_obtained":["Berserk"]},{"cards_removed":["Berserk"],"damage_healed":0,"gold_gain":0,"player_choice":"Purged","damage_taken":0,"max_hp_gain":0,"max_hp_loss":0,"event_name":"Purifier","floor":10,"gold_loss":0},{"damage_healed":0,"gold_gain":0,"player_choice":"Became a Ghost","damage_taken":0,"max_hp_gain":0,"max_hp_loss":43,"event_name":"Ghosts","floor":21,"gold_loss":0,"cards_obtained":["Ghostly","Ghostly","Ghostly"]},{"damage_healed":0,"gold_gain":0,"player_choice":"Fought Bandits","damage_taken":0,"max_hp_gain":0,"max_hp_loss":0,"event_name":"Masked Bandits","floor":22,"gold_loss":0},{"cards_removed":["Defend_R"],"damage_healed":0,"gold_gain":0,"player_choice":"Gave Gold","damage_taken":0,"max_hp_gain":0,"max_hp_loss":0,"event_name":"Beggar","floor":27,"gold_loss":75},{"damage_healed":0,"gold_gain":0,"player_choice":"Fight","damage_taken":0,"max_hp_gain":0,"max_hp_loss":0,"event_name":"MindBloom","floor":36,"gold_loss":0},{"damage_healed":0,"gold_gain":222,"player_choice":"Wore Mask","damage_taken":0,"max_hp_gain":0,"max_hp_loss":0,"event_name":"Tomb of Lord Red Mask","floor":37,"gold_loss":0},{"damage_healed":0,"gold_gain":0,"player_choice":"Max HP","damage_taken":0,"max_hp_gain":0,"max_hp_loss":2,"event_name":"Winding Halls","floor":48,"gold_loss":0}],"is_beta":false,"boss_relics":[{"not_picked":["Ectoplasm","Pandora\u0027s Box"],"picked":"Sozu"},{"not_picked":["Runic Dome","SacredBark"],"picked":"Black Star"}],"items_purged_floors":[39,44],"is_endless":false,"potions_floor_spawned":[4,7,8,14,19,23,25,28,35,41],"killed_by":"Awakened One","ascension_level":20}}