{"host":"os9owiyb0rak6c8n","time":1609191566,"event":{"mods":["AchievementEnabler","BaseMod","Beaked The Cultist","Better Third Choice","Block Reminder","Colored Map","Colored Powertips","Dio Mod","Downfall","Minty Spire (QoL Compilation)","Spicy Shops","StSLib","The Death Knight","The Necromancer"],"gold_per_floor":[115,115,115,133,147,187,8,29,29,29,52,52,52,52,52,175,175,199,199,50,70,91,91,16,32,32,32,32,76,100,100,100,230,230,243,267,267,267,280,280,323,250,250,250,283,304,105,123,123,123],"floor_reached":51,"playtime":2470,"items_purged":["DeathKnight:Defend_DeathKnight","DeathKnight:Defend_DeathKnight"],"score":793,"play_id":"0aeecd71-5699-42a1-afa1-79670bd4bb7f","local_time":"20201228223926","is_ascension_mode":true,"campfire_choices":[{"floor":10,"key":"REST"},{"floor":13,"key":"REST"},{"data":"Apotheosis","floor":15,"key":"SMITH"},{"floor":23,"key":"REST"},{"floor":27,"key":"REST"},{"floor":32,"key":"REST"},{"floor":40,"key":"REST"},{"floor":44,"key":"REST"},{"floor":49,"key":"REST"}],"circlet_count":0,"master_deck":["DeathKnight:Strike_DeathKnight","DeathKnight:Strike_DeathKnight","DeathKnight:Strike_DeathKnight","DeathKnight:Strike_DeathKnight","DeathKnight:Strike_DeathKnight","DeathKnight:Defend_DeathKnight","DeathKnight:Defend_DeathKnight","DeathKnight:Defend_DeathKnight","DeathKnight:RuneTap","DeathKnight:RuneStrike","DeathKnight:IceboundArmor+1","DeathKnight:MarkOfBlood","DeathKnight:Hysteria","DeathKnight:PillarOfFrost","Apotheosis+1","DeathKnight:Pestilence","DeathKnight:ReapingStrike","DeathKnight:DancingRuneblade","DeathKnight:RaiseAlly+1","DeathKnight:Frostscythe","DeathKnight:BloodStrike+1","Madness","Madness"],"relics":["DeathKnight:BrokenRuneblade","Golden Idol","Lantern","Bottled Tornado","DeathKnight:Shadowmourne","Pen Nib","StrikeDummy","Bronze Scales","DeathKnight:ScourgeInsignia","Regal Pillow","Dream Catcher","PrismaticShard","Pear","Happy Flower"],"acts_visited":["Exordium","TheCity","TheBeyond"],"potions_floor_usage":[6,6,6,6,8,16,25,31,36,39,50,50],"damage_taken":[{"damage":9,"enemies":"2 Louse","floor":1,"turns":4},{"damage":13,"enemies":"Small Slimes","floor":4,"turns":5},{"damage":7,"enemies":"Jaw Worm","floor":5,"turns":4},{"damage":10,"enemies":"Gremlin Nob","floor":6,"turns":4},{"damage":3,"enemies":"Blue Slaver","floor":8,"turns":5},{"damage":12,"enemies":"Large Slime","floor":11,"turns":8},{"damage":15,"enemies":"Slime Boss","floor":16,"turns":11},{"damage":8,"enemies":"3 Byrds","floor":18,"turns":6},{"damage":17,"enemies":"Shell Parasite","floor":21,"turns":4},{"damage":10,"enemies":"Snecko","floor":22,"turns":3},{"damage":10,"enemies":"Snake Plant","floor":25,"turns":4},{"damage":30,"enemies":"Book of Stabbing","floor":29,"turns":4},{"damage":6,"enemies":"3 Cultists","floor":30,"turns":3},{"damage":18,"enemies":"Colosseum Slavers","floor":31,"turns":4},{"damage":1,"enemies":"Automaton","floor":33,"turns":6},{"damage":21,"enemies":"3 Shapes","floor":35,"turns":4},{"damage":31,"enemies":"3 Darklings","floor":36,"turns":4},{"damage":1,"enemies":"Jaw Worm Horde","floor":39,"turns":4},{"damage":38,"enemies":"beaked:SuperParasite","floor":41,"turns":5},{"damage":25,"enemies":"Giant Head","floor":45,"turns":6},{"damage":26,"enemies":"Spire Growth","floor":46,"turns":3},{"damage":18,"enemies":"Writhing Mass","floor":48,"turns":3},{"damage":46,"enemies":"Jotaro","floor":50,"turns":3}],"seed_played":"-1878840677299445915","potions_obtained":[{"floor":0,"key":"EntropicBrew"},{"floor":0,"key":"Strength Potion"},{"floor":0,"key":"Weak Potion"},{"floor":1,"key":"Fire Potion"},{"floor":6,"key":"DistilledChaos"},{"floor":11,"key":"Dexterity Potion"},{"floor":22,"key":"ColorlessPotion"},{"floor":29,"key":"Weak Potion"},{"floor":33,"key":"LiquidMemories"},{"floor":41,"key":"Fire Potion"},{"floor":45,"key":"PowerPotion"},{"floor":46,"key":"DeathKnight:PlagueVial"}],"is_trial":false,"path_per_floor":["M","?","?","M","M","E","$","M","T","R","M","$","R","$","R","B",null,"M","?","$","M","M","R","$","M","T","R","$","E","M","?","R","B",null,"M","M","?","?","M","R","E","$","T","R","E","M","$","M","R","B",null],"character_chosen":"DEATH_KNIGHT","items_purchased":["Apotheosis","DeathKnight:DancingRuneblade","Pen Nib","PrismaticShard","Slimebound:ThreeZeroPotion"],"campfire_rested":8,"item_purchase_floors":[7,20,20,42,47],"current_hp_per_floor":[66,48,48,35,28,18,18,15,15,37,25,25,47,47,47,32,75,67,67,67,50,40,62,62,52,52,74,74,44,38,20,42,41,75,54,23,14,14,24,61,34,34,44,84,59,63,63,45,85,43],"gold":123,"neow_bonus":"THREE_SMALL_POTIONS","is_daily":false,"chose_seed":false,"campfire_upgraded":1,"win_rate":0.0,"timestamp":1609191566,"path_taken":["M","?","?","M","M","E","$","M","T","R","M","$","R","$","R","BOSS","M","?","$","M","M","R","?","M","T","R","$","E","M","?","R","BOSS","M","M","?","?","?","R","E","$","T","R","E","M","$","M","R","BOSS"],"items_purchased_type":["Card","Card","Relic","Relic","Potion"],"build_version":"2020-12-22","purchased_purges":2,"victory":true,"max_hp_per_floor":[75,75,75,75,75,75,75,75,75,75,75,75,75,75,75,75,75,75,75,75,75,75,75,75,75,75,75,75,75,75,75,75,75,75,75,75,75,75,75,75,75,75,85,85,85,85,85,85,85,85],"card_choices":[{"not_picked":["DeathKnight:DreadStrike","DeathKnight:MindFreeze"],"picked":"DeathKnight:IceboundArmor","floor":1},{"not_picked":["DeathKnight:BloodTap","DeathKnight:HartStrike"],"picked":"DeathKnight:MarkOfBlood","floor":4},{"not_picked":["DeathKnight:IcyTouch","DeathKnight:DeathGrip"],"picked":"DeathKnight:Hysteria","floor":5},{"not_picked":["DeathKnight:UnholyFrenzy","DeathKnight:Hemostasis"],"picked":"DeathKnight:PillarOfFrost","floor":6},{"not_picked":["DeathKnight:BoneSpear","DeathKnight:DeathsAdvance","DeathKnight:Hysteria"],"picked":"SKIP","floor":8},{"not_picked":["DeathKnight:Runeguard","DeathKnight:DancingRuneblade"],"picked":"DeathKnight:Pestilence","floor":11},{"not_picked":["DeathKnight:VampiricBlood","DeathKnight:SindragosasBreath"],"picked":"DeathKnight:ReapingStrike","floor":16},{"not_picked":["DeathKnight:DreadStrike+1","DeathKnight:DeathCoil","DeathKnight:BloodPact"],"picked":"SKIP","floor":18},{"not_picked":["DeathKnight:MutagenicPlague","DeathKnight:FrosPresence","DeathKnight:FoulBulwark"],"picked":"SKIP","floor":21},{"not_picked":["DeathKnight:BoneSpear","DeathKnight:Frostscythe"],"picked":"DeathKnight:RaiseAlly+1","floor":22},{"not_picked":["DeathKnight:DarkSuccor","DeathKnight:IceboundArmor","DeathKnight:UnholyPresence"],"picked":"SKIP","floor":25},{"not_picked":["DeathKnight:DeathStrike","DeathKnight:Ossuary","DeathKnight:ArmyOfTheDead"],"picked":"SKIP","floor":29},{"not_picked":["DeathKnight:IceboundArmor","DeathKnight:RaiseAlly","DeathKnight:Hysteria"],"picked":"SKIP","floor":30},{"not_picked":["DeathKnight:VampiricBlood","DeathKnight:Simulacrum"],"picked":"DeathKnight:Frostscythe","floor":33},{"not_picked":["DeathKnight:UnholyFrenzy","DeathKnight:BoneSpear+1"],"picked":"DeathKnight:BloodStrike+1","floor":35},{"not_picked":["DeathKnight:IcyTouch","DeathKnight:BoneSpear","DeathKnight:Hysteria"],"picked":"SKIP","floor":36},{"not_picked":["DeathKnight:ScourgeStrike+1","DeathKnight:BoneShield","DeathKnight:DreadStrike+1"],"picked":"SKIP","floor":39},{"not_picked":["DeathKnight:Hemostasis","DeathKnight:BladedArmor+1","DeathKnight:Obliterate+1"],"picked":"SKIP","floor":41},{"not_picked":["Guardian:ArmoredProtocol","Flesh_Made_Foul+1","WindmillStrike+1"],"picked":"SKIP","floor":45},{"not_picked":["sneckomod:UnknownWeak","beaked:Negation","Inflame"],"picked":"SKIP","floor":46},{"not_picked":["beaked:DigDeeper+1","Panacea+1","BowlingBash+1"],"picked":"SKIP","floor":48}],"player_experience":609357,"relics_obtained":[{"floor":6,"key":"Lantern"},{"floor":9,"key":"Bottled Tornado"},{"floor":26,"key":"StrikeDummy"},{"floor":29,"key":"Bronze Scales"},{"floor":41,"key":"Dream Catcher"},{"floor":43,"key":"Pear"},{"floor":45,"key":"Happy Flower"}],"event_choices":[{"damage_healed":0,"gold_gain":0,"player_choice":"Take Damage","damage_taken":18,"relics_obtained":["Golden Idol"],"max_hp_gain":0,"max_hp_loss":0,"event_name":"Golden Idol","floor":2,"gold_loss":0},{"damage_healed":0,"gold_gain":0,"player_choice":"Grow","damage_taken":0,"max_hp_gain":0,"max_hp_loss":0,"event_name":"Living Wall","floor":3,"gold_loss":0,"cards_upgraded":["DeathKnight:IceboundArmor"]},{"damage_healed":0,"gold_gain":0,"player_choice":"Ignored","damage_taken":0,"max_hp_gain":0,"max_hp_loss":0,"event_name":"Ghosts","floor":19,"gold_loss":0},{"damage_healed":0,"gold_gain":0,"player_choice":"Fight","damage_taken":0,"max_hp_gain":0,"max_hp_loss":0,"event_name":"Colosseum","floor":31,"gold_loss":0},{"damage_healed":0,"gold_gain":0,"player_choice":"Fled From Nobs","damage_taken":0,"max_hp_gain":0,"max_hp_loss":0,"event_name":"Colosseum","floor":31,"gold_loss":0},{"damage_healed":0,"gold_gain":0,"player_choice":"Embrace Madness","damage_taken":9,"max_hp_gain":0,"max_hp_loss":0,"event_name":"Winding Halls","floor":37,"gold_loss":0,"cards_obtained":["Madness","Madness"]},{"damage_healed":0,"gold_gain":0,"player_choice":"Gave Potion","damage_taken":0,"relics_obtained":["Regal Pillow"],"max_hp_gain":0,"max_hp_loss":0,"event_name":"WeMeetAgain","floor":38,"gold_loss":0}],"is_beta":false,"boss_relics":[{"not_picked":["beaked:SacredDeck","Astrolabe"],"picked":"DeathKnight:Shadowmourne"},{"not_picked":["Runic Pyramid","Runic Dome"],"picked":"DeathKnight:ScourgeInsignia"}],"items_purged_floors":[24,47],"is_endless":false,"potions_floor_spawned":[1,6,11,22,29,31,33,41,45,46],"ascension_level":2}}