{"host":"qy1e0kd24tpj3i2m","time":1609190541,"event":{"mods":["Act Like it!","Alarm Clock","BaseMod","Better Skull","Better Vampires","Colored Map","Colored Powertips","Custom Start","Faster Ascension Climbing","Friendly Minions","GifTheSpireLib","Gremlin Skip","Highlight Path","Minty Spire (QoL Compilation)","Permanent Neow","Quick Restart","Red Circlet Mod","Relic Sorter","Reorder Act Four","SacredBarkPlus","Shop Mod","StSLib","SuperFastMode","Transform Curses","没有小屋子和绿帽子啦"],"gold_per_floor":[365,8,19,94,106,106,136,136,136,136,136],"floor_reached":10,"playtime":317,"items_purged":["Bash"],"score":132,"play_id":"85e77787-8940-4b1b-a800-e84f6b02ae36","local_time":"20201229062221","is_ascension_mode":true,"campfire_choices":[{"data":"Body Slam","floor":6.0,"key":"SMITH"},{"data":"Flame Barrier","floor":8,"key":"SMITH"}],"circlet_count":0,"master_deck":["AscendersBane","Strike_R","Strike_R","Strike_R","Strike_R","Strike_R","Defend_R","Defend_R","Defend_R","Defend_R","Body Slam+1","Flame Barrier+1","Metallicize","Pommel Strike","Spot Weakness","Demon Form"],"relics":["Burning Blood","Unceasing Top","Incense Burner"],"acts_visited":["Exordium"],"potions_floor_usage":[7,10],"damage_taken":[{"damage":19.0,"enemies":"Small Slimes","floor":1.0,"turns":5.0},{"damage":0.0,"enemies":"2 Louse","floor":3.0,"turns":5.0},{"damage":4.0,"enemies":"Cultist","floor":5.0,"turns":5.0},{"damage":26,"enemies":"Lagavulin","floor":7,"turns":10},{"damage":20,"enemies":"3 Sentries","floor":10,"turns":10}],"seed_played":"5432353224597887887","potions_obtained":[{"floor":5.0,"key":"Ancient Potion"},{"floor":7,"key":"Swift Potion"}],"is_trial":false,"path_per_floor":["M","$","M","?","M","R","E","R","T","E"],"character_chosen":"IRONCLAD","items_purchased":["Flame Barrier","Metallicize","Fruit Juice"],"campfire_rested":0,"item_purchase_floors":[2,2,2],"current_hp_per_floor":[37,42,48,37,39,39,19,19,19,0,0],"gold":136,"neow_bonus":"TWO_FIFTY_GOLD","is_daily":false,"chose_seed":false,"campfire_upgraded":2,"win_rate":0.0,"timestamp":1609190541,"path_taken":["M","$","M","?","M","R","E","R","T","E"],"items_purchased_type":["Card","Card","Potion"],"build_version":"2020-12-22","purchased_purges":1,"victory":false,"max_hp_per_floor":[75,80,80,80,80,80,80,80,80,80,80],"card_choices":[{"not_picked":["Dropkick","Wild Strike"],"picked":"Body Slam","floor":1.0},{"not_picked":["Disarm","Clash"],"picked":"Pommel Strike","floor":3.0},{"not_picked":["Spot Weakness","Wild Strike","Havoc"],"picked":"SKIP","floor":5.0},{"not_picked":["Wild Strike","Havoc"],"picked":"Spot Weakness","floor":5.0},{"not_picked":["Clothesline","Shrug It Off"],"picked":"Demon Form","floor":7}],"player_experience":916876,"relics_obtained":[{"floor":7,"key":"Unceasing Top"},{"floor":9,"key":"Incense Burner"}],"event_choices":[{"damage_healed":0.0,"max_hp_gain":0.0,"max_hp_loss":0.0,"gold_gain":75.0,"event_name":"World of Goop","player_choice":"Gather Gold","floor":4.0,"gold_loss":0.0,"damage_taken":11.0}],"is_beta":false,"boss_relics":[],"items_purged_floors":[2],"is_endless":false,"potions_floor_spawned":[5,7],"killed_by":"3 Sentries","ascension_level":20}}