{"host":"we8ay8el3o9pwc2d","time":1609139538,"event":{"mods":["Act Like it!","Aspiration","BaseMod","BetterRewards","Colored Map","Conspire","Elementarium","GungeonMod","Minty Spire (QoL Compilation)","StSLib","The Jungle"],"gold_per_floor":[111,111,127,144,144,144,69,86,86,96,118,145,145,164,164,261,261,281,281,281,296,131,131,148,181,181,196,196,231,231,231,231,334,334,348,362,394,408,318,318,107,107,107,107,107,159,159,171,171,171,171,171,29,62,62,62],"floor_reached":55,"playtime":4707,"items_purged":["Injury"],"score":853,"play_id":"8cefb92c-7a6e-4737-b505-f8d22348a6db","local_time":"20201228001218","is_ascension_mode":false,"campfire_choices":[{"floor":6,"key":"RECALL"},{"floor":13,"key":"REST"},{"data":"Noxious Fumes","floor":15,"key":"SMITH"},{"floor":23,"key":"REST"},{"floor":28,"key":"REST"},{"data":"Dash","floor":30,"key":"SMITH"},{"floor":32,"key":"REST"},{"floor":40,"key":"REST"},{"floor":42,"key":"REST"},{"data":"Deflect","floor":45,"key":"SMITH"},{"floor":49,"key":"REST"},{"data":"Distraction","floor":52,"key":"SMITH"}],"circlet_count":0,"master_deck":["Strike_G+1","Strike_G+1","Strike_G+1","Strike_G+1","Strike_G+1","Defend_G+1","Defend_G+1","Defend_G+1","Defend_G+1","Defend_G+1","Neutralize","Noxious Fumes+1","Bane+1","Poisoned Stab","Dagger Throw","Distraction+1","Unload","DemoMod:Invincible+1","Blade Dance+1","Flying Knee+1","Deflect+1","Dash+1","A Thousand Cuts+1","Catalyst+1","Footwork+1","Infinite Blades+1","Infinite Blades+1","Panache+1","Distraction+1","Mayhem+1"],"relics":["Ring of the Snake","Mummified Hand","Frozen Egg 2","Odd Mushroom","DemoMod:DecoyRelic","Sozu","aspiration:Stabinomicon","Orichalcum","conspire:DecoderRing","The Courier","MealTicket","conspire:RoyalGoblet","DemoMod:GreenGuonStone","Happy Flower","Incense Burner","Turnip","Thread and Needle"],"acts_visited":["Exordium","TheCity","TheBeyond","TheEnding"],"potions_floor_usage":[8,12,14],"damage_taken":[{"damage":0,"enemies":"Jaw Worm","floor":1,"turns":5},{"damage":0,"enemies":"conspire:RoseBush","floor":3,"turns":3},{"damage":0,"enemies":"2 Louse","floor":4,"turns":2},{"damage":0,"enemies":"conspire:2 RoseBushes","floor":8,"turns":5},{"damage":1,"enemies":"3 Louse","floor":10,"turns":4},{"damage":11,"enemies":"The Mushroom Lair","floor":11,"turns":4},{"damage":21,"enemies":"Lagavulin","floor":12,"turns":7},{"damage":0,"enemies":"Gremlin Gang","floor":14,"turns":3},{"damage":30,"enemies":"The Guardian","floor":16,"turns":10},{"damage":16,"enemies":"Spheric Guardian","floor":18,"turns":4},{"damage":0,"enemies":"Chosen","floor":21,"turns":3},{"damage":8,"enemies":"Centurion and Healer","floor":24,"turns":4},{"damage":4,"enemies":"conspire:Head Lice","floor":25,"turns":6},{"damage":0,"enemies":"Chosen and Byrds","floor":27,"turns":2},{"damage":13,"enemies":"Book of Stabbing","floor":29,"turns":3},{"damage":28,"enemies":"Collector","floor":33,"turns":8},{"damage":17,"enemies":"3 Darklings","floor":35,"turns":6},{"damage":4,"enemies":"3 Shapes","floor":36,"turns":3},{"damage":28,"enemies":"conspire:MimicChest","floor":37,"turns":5},{"damage":16,"enemies":"Maw","floor":38,"turns":4},{"damage":29,"enemies":"2 Orb Walkers","floor":46,"turns":5},{"damage":13,"enemies":"Writhing Mass","floor":48,"turns":4},{"damage":36,"enemies":"Awakened One","floor":50,"turns":9},{"damage":64,"enemies":"Shield and Spear","floor":54,"turns":4},{"damage":70,"enemies":"The Heart","floor":55,"turns":5}],"seed_played":"-7431064638350539652","potions_obtained":[{"floor":4,"key":"ColorlessPotion"},{"floor":11,"key":"Regen Potion"},{"floor":12,"key":"Explosive Potion"}],"is_trial":false,"path_per_floor":["M","?","M","M","?","R","$","M","T","M","?","E","R","M","R","B",null,"M","?","?","M","$","R","M","E","T","M","R","E","R","T","R","B",null,"M","M","?","M","?","R","$","R","T","?","R","?","T","M","R","B",null,"R","$","E","B"],"character_chosen":"THE_SILENT","items_purchased":["Mummified Hand","Noxious Fumes","DemoMod:Invincible+1","Infinite Blades+1","Panache+1","Mayhem+1"],"campfire_rested":7,"item_purchase_floors":[0,0,22,41,41,53],"current_hp_per_floor":[59,59,59,59,45,45,45,45,45,44,33,27,48,48,48,18,70,54,38,38,38,38,59,51,47,47,47,68,55,55,55,70,42,70,53,49,21,5,5,26,41,62,62,62,62,39,39,32,53,23,70,70,70,12,0,0],"gold":62,"neow_bonus":"","is_daily":false,"chose_seed":false,"campfire_upgraded":4,"win_rate":0.0,"timestamp":1609139538,"path_taken":["M","?","M","M","?","R","$","M","T","M","?","E","R","M","R","BOSS","M","?","?","M","$","R","M","E","T","M","R","E","R","?","R","BOSS","M","M","?","?","?","R","?","R","T","?","R","?","?","M","R","BOSS","R","$","E","BOSS"],"items_purchased_type":["Relic","Card","Card","Card","Card","Card"],"build_version":"2020-12-22","purchased_purges":1,"victory":false,"max_hp_per_floor":[70,70,70,70,70,70,70,70,70,70,70,70,70,70,70,70,70,70,70,70,70,70,70,70,70,70,70,70,70,70,70,70,70,70,70,70,70,70,70,70,70,70,70,70,70,70,70,70,70,70,70,70,70,70,70,70],"card_choices":[{"not_picked":["PiercingWail","Bouncing Flask"],"picked":"Bane","floor":1},{"not_picked":["Crippling Poison","Reflex","Outmaneuver"],"picked":"SKIP","floor":3},{"not_picked":["Dagger Spray","Malaise"],"picked":"Flying Knee","floor":4},{"not_picked":["Quick Slash","Prepared","conspire:PoisonWeapons"],"picked":"SKIP","floor":8},{"not_picked":["Heel Hook","PiercingWail"],"picked":"Poisoned Stab","floor":10},{"not_picked":["Blade Dance","Dodge and Roll"],"picked":"Dagger Throw","floor":11},{"not_picked":["conspire:DoublingDagger","Blur","Acrobatics"],"picked":"SKIP","floor":12},{"not_picked":["Quick Slash","Skewer"],"picked":"Distraction","floor":14},{"not_picked":["Phantasmal Killer","Burst"],"picked":"Unload","floor":16},{"not_picked":["Terror","Backflip+1","Riddle With Holes"],"picked":"SKIP","floor":18},{"not_picked":["Acrobatics","Blur+1","Outmaneuver"],"picked":"SKIP","floor":21},{"not_picked":["Flechettes+1","Sucker Punch"],"picked":"Blade Dance+1","floor":24},{"not_picked":["Dodge and Roll","Quick Slash"],"picked":"Flying Knee+1","floor":25},{"not_picked":["Poisoned Stab","Deadly Poison"],"picked":"Deflect","floor":27},{"not_picked":["Poisoned Stab","conspire:DoublingDagger"],"picked":"Dash","floor":29},{"not_picked":["Unload","Night Terror"],"picked":"A Thousand Cuts+1","floor":33},{"not_picked":["PiercingWail","Dagger Spray"],"picked":"Catalyst+1","floor":35},{"not_picked":["Predator+1","Dagger Spray"],"picked":"Footwork+1","floor":36},{"not_picked":["conspire:PoisonWeapons","Blade Dance"],"picked":"Infinite Blades+1","floor":38},{"not_picked":["Prepared","Flying Knee"],"picked":"Distraction+1","floor":48},{"not_picked":["Outmaneuver","Crippling Poison","Tactician+1"],"picked":"SKIP","floor":54}],"player_experience":1781440,"relics_obtained":[{"floor":11,"key":"Odd Mushroom"},{"floor":12,"key":"DemoMod:DecoyRelic"},{"floor":19,"key":"aspiration:Stabinomicon"},{"floor":25,"key":"Orichalcum"},{"floor":26,"key":"conspire:DecoderRing"},{"floor":29,"key":"The Courier"},{"floor":31,"key":"MealTicket"},{"floor":37,"key":"DemoMod:GreenGuonStone"},{"floor":43,"key":"Happy Flower"},{"floor":46,"key":"Incense Burner"},{"floor":47,"key":"Turnip"},{"floor":54,"key":"Thread and Needle"}],"event_choices":[{"damage_healed":0,"gold_gain":0,"player_choice":"Entered Light","damage_taken":14,"max_hp_gain":0,"max_hp_loss":0,"event_name":"Shining Light","floor":5,"gold_loss":0,"cards_upgraded":["Defend_G","Defend_G"]},{"damage_healed":0,"gold_gain":0,"player_choice":"Fought Mushrooms","damage_taken":0,"max_hp_gain":0,"max_hp_loss":0,"event_name":"Mushrooms","floor":11,"gold_loss":0},{"damage_healed":0,"gold_gain":0,"player_choice":"Obtained Book","damage_taken":16,"max_hp_gain":0,"max_hp_loss":0,"event_name":"Cursed Tome","floor":19,"gold_loss":0},{"damage_healed":0,"gold_gain":0,"player_choice":"Simplicity","damage_taken":0,"max_hp_gain":0,"max_hp_loss":0,"event_name":"Back to Basics","floor":20,"gold_loss":0,"cards_upgraded":["Strike_G","Strike_G","Strike_G","Strike_G","Strike_G","Defend_G","Defend_G","Defend_G"]},{"cards_removed":["Survivor"],"damage_healed":0,"gold_gain":0,"player_choice":"Upgrade and Remove","damage_taken":0,"max_hp_gain":0,"max_hp_loss":0,"event_name":"Designer","floor":39,"gold_loss":90,"cards_upgraded":["Bane"]},{"cards_removed":["Flying Knee"],"damage_healed":0,"gold_gain":0,"player_choice":"Removed Attack","damage_taken":0,"max_hp_gain":0,"max_hp_loss":0,"event_name":"Falling","floor":44,"gold_loss":0},{"damage_healed":0,"gold_gain":0,"player_choice":"Fight","damage_taken":0,"max_hp_gain":0,"max_hp_loss":0,"event_name":"Mysterious Sphere","floor":46,"gold_loss":0}],"is_beta":false,"boss_relics":[{"not_picked":["Coffee Dripper","SacredBark"],"picked":"Sozu"},{"not_picked":["Velvet Choker","aspiration:RunicSpoon"],"picked":"conspire:RoyalGoblet"}],"items_purged_floors":[7],"is_endless":false,"potions_floor_spawned":[4,11,12,21,24,33,35,37,38],"killed_by":"The Heart","ascension_level":0}}