{"host":"mwqnlghgfp5mgeui","time":1609162893,"event":{"mods":["2.2 Compatiblity","BaseMod","DeckTracker","Highlight Path","Minty Spire (QoL Compilation)","SuperFastMode","everything is the same but u backflip on backflip"],"gold_per_floor":[112,124,140,151,161,161,179,144,170,170,170,121,132,147,147,243,243,258,272,197,207,207,207,207,207],"floor_reached":24,"playtime":741,"items_purged":[],"score":192,"play_id":"662eeac0-69f5-4803-a637-80039557df9a","local_time":"20201228224133","is_ascension_mode":false,"campfire_choices":[{"floor":6,"key":"REST"},{"floor":11,"key":"REST"},{"data":"Zap","floor":15,"key":"SMITH"},{"floor":23,"key":"REST"}],"circlet_count":0,"master_deck":["Strike_B","Strike_B","Strike_B","Defend_B","Defend_B","Zap+1","Dualcast","Compile Driver","Sweeping Beam","Ball Lightning","White Noise","Defragment","Gash","BootSequence","Capacitor","Electrodynamics","Static Discharge+1","Loop+1","Capacitor"],"relics":["Empty Cage","Anchor","HornCleat","Inserter"],"acts_visited":["Exordium","TheCity"],"potions_floor_usage":[21,21,21],"damage_taken":[{"damage":10,"enemies":"Cultist","floor":1,"turns":4},{"damage":2,"enemies":"Small Slimes","floor":2,"turns":4},{"damage":9,"enemies":"2 Louse","floor":3,"turns":2},{"damage":9,"enemies":"2 Fungi Beasts","floor":4,"turns":3},{"damage":9,"enemies":"Blue Slaver","floor":5,"turns":4},{"damage":11,"enemies":"Red Slaver","floor":7,"turns":3},{"damage":0,"enemies":"3 Louse","floor":13,"turns":3},{"damage":0,"enemies":"2 Fungi Beasts","floor":14,"turns":3},{"damage":5,"enemies":"Slime Boss","floor":16,"turns":10},{"damage":17,"enemies":"Chosen","floor":18,"turns":5},{"damage":13,"enemies":"Shell Parasite","floor":19,"turns":4},{"damage":18,"enemies":"Snake Plant","floor":21,"turns":4},{"damage":41,"enemies":"Cultist and Chosen","floor":24,"turns":4}],"seed_played":"1664842184644493627","potions_obtained":[{"floor":2,"key":"EssenceOfSteel"},{"floor":5,"key":"Energy Potion"},{"floor":13,"key":"Explosive Potion"}],"is_trial":false,"path_per_floor":["M","M","M","M","M","R","M","?","T","?","R","?","M","M","R","B",null,"M","M","?","M","?","R","M"],"character_chosen":"DEFECT","items_purchased":[],"campfire_rested":3,"item_purchase_floors":[],"current_hp_per_floor":[65,63,54,45,36,58,47,65,65,58,75,75,75,75,75,70,75,58,45,45,27,13,37,0,0],"gold":207,"neow_bonus":"BOSS_RELIC","is_daily":false,"chose_seed":false,"campfire_upgraded":1,"win_rate":0.0,"timestamp":1609162893,"path_taken":["M","M","M","M","?","R","M","?","T","?","R","?","?","M","R","BOSS","M","M","?","M","?","R","M"],"items_purchased_type":[],"build_version":"2020-12-22","purchased_purges":0,"victory":false,"max_hp_per_floor":[75,75,75,75,75,75,75,75,75,75,75,75,75,75,75,75,75,75,75,75,75,80,80,80,80],"card_choices":[{"not_picked":["Hologram","Beam Cell"],"picked":"Compile Driver","floor":1},{"not_picked":["Hologram","Conserve Battery"],"picked":"Sweeping Beam","floor":2},{"not_picked":["Storm","Barrage"],"picked":"Ball Lightning","floor":3},{"not_picked":["Storm","Barrage"],"picked":"White Noise","floor":4},{"not_picked":["Compile Driver","Tempest"],"picked":"Defragment","floor":5},{"not_picked":["Stack","Sunder"],"picked":"Gash","floor":7},{"not_picked":["Stack","White Noise"],"picked":"BootSequence","floor":13},{"not_picked":["Go for the Eyes","Leap"],"picked":"Capacitor","floor":14},{"not_picked":["Buffer","Thunder Strike"],"picked":"Electrodynamics","floor":16},{"not_picked":["Coolheaded+1","Beam Cell+1"],"picked":"Static Discharge+1","floor":18},{"not_picked":["Coolheaded","Cold Snap"],"picked":"Loop+1","floor":19},{"not_picked":["Steam Power","Hologram"],"picked":"Capacitor","floor":21}],"player_experience":128782,"relics_obtained":[{"floor":9,"key":"Anchor"}],"event_choices":[{"damage_healed":18,"gold_gain":0,"player_choice":"Healed","damage_taken":0,"max_hp_gain":0,"max_hp_loss":0,"event_name":"The Cleric","floor":8,"gold_loss":35},{"damage_healed":0,"gold_gain":0,"player_choice":"Success","damage_taken":7,"relics_obtained":["HornCleat"],"max_hp_gain":0,"max_hp_loss":0,"event_name":"Scrap Ooze","floor":10,"gold_loss":0},{"damage_healed":0,"gold_gain":0,"player_choice":"Left Gold","damage_taken":0,"max_hp_gain":0,"max_hp_loss":0,"event_name":"World of Goop","floor":12,"gold_loss":49},{"cards_removed":["Defend_B"],"damage_healed":0,"gold_gain":0,"player_choice":"Gave Gold","damage_taken":0,"max_hp_gain":0,"max_hp_loss":0,"event_name":"Beggar","floor":20,"gold_loss":75},{"damage_healed":0,"gold_gain":0,"player_choice":"Shed Blood","damage_taken":19,"max_hp_gain":5,"max_hp_loss":0,"event_name":"Forgotten Altar","floor":22,"gold_loss":0}],"is_beta":false,"boss_relics":[{"not_picked":["Nuclear Battery","Pandora\u0027s Box"],"picked":"Inserter"}],"items_purged_floors":[],"is_endless":false,"potions_floor_spawned":[2,5,13,14,16],"killed_by":"Cultist and Chosen","ascension_level":0}}