{"host":"efwxd9f7k9h6nwnx","time":1609139535,"event":{"mods":["BaseMod","Minty Spire (QoL Compilation)","StSLib"],"gold_per_floor":[117,134,134,144,161,161,190,190,242,242,242,252,252,270,270,342,342,361,361,361,375,127,127,138,138,138,138,188,188,10,23,23,23,23],"floor_reached":33,"playtime":1267,"items_purged":["Parasite","Writhe"],"score":441,"play_id":"9de39942-4460-43b3-a39e-61ae7e104d13","local_time":"20201228081215","is_ascension_mode":true,"campfire_choices":[{"data":"Poisoned Stab","floor":6,"key":"SMITH"},{"data":"Deadly Poison","floor":11,"key":"SMITH"},{"data":"Poisoned Stab","floor":15,"key":"SMITH"},{"floor":23,"key":"REST"},{"floor":25,"key":"REST"},{"data":"Leg Sweep","floor":29,"key":"SMITH"},{"floor":32,"key":"REST"}],"circlet_count":0,"master_deck":["AscendersBane","Strike_G","Strike_G","Defend_G","Defend_G","Defend_G","Defend_G","Defend_G","Survivor","Neutralize+1","Poisoned Stab+1","Flying Knee","Bane","Deadly Poison+1","Expertise","Doppelganger","Poisoned Stab+1","Dodge and Roll","Crippling Poison","Leg Sweep+1","Dagger Spray+1","Footwork","Malaise+1"],"relics":["Ring of the Snake","Letter Opener","Toy Ornithopter","SlaversCollar","Ancient Tea Set","Toxic Egg 2","Vajra"],"acts_visited":["Exordium","TheCity"],"potions_floor_usage":[12,21,33,33],"damage_taken":[{"damage":0,"enemies":"2 Louse","floor":1,"turns":3},{"damage":0,"enemies":"Cultist","floor":2,"turns":3},{"damage":6,"enemies":"Small Slimes","floor":4,"turns":4},{"damage":3,"enemies":"Looter","floor":5,"turns":3},{"damage":10,"enemies":"Lagavulin","floor":7,"turns":5},{"damage":10,"enemies":"Lots of Slimes","floor":12,"turns":4},{"damage":0,"enemies":"Large Slime","floor":14,"turns":5},{"damage":15,"enemies":"Hexaghost","floor":16,"turns":9},{"damage":14,"enemies":"3 Byrds","floor":18,"turns":6},{"damage":24,"enemies":"2 Thieves","floor":21,"turns":4},{"damage":28,"enemies":"Shelled Parasite and Fungi","floor":24,"turns":7},{"damage":11,"enemies":"Snake Plant","floor":31,"turns":5},{"damage":66,"enemies":"Collector","floor":33,"turns":9}],"seed_played":"13155842054495308","potions_obtained":[{"floor":2,"key":"DuplicationPotion"},{"floor":4,"key":"Ancient Potion"},{"floor":5,"key":"Explosive Potion"},{"floor":16,"key":"GamblersBrew"},{"floor":21,"key":"Dexterity Potion"},{"floor":31,"key":"DistilledChaos"}],"is_trial":false,"path_per_floor":["M","M","?","M","M","R","E","?","T","?","R","M","?","M","R","B",null,"M","?","?","M","$","R","M","R","T","?","?","R","$","M","R","B"],"character_chosen":"THE_SILENT","items_purchased":["Ancient Tea Set","Footwork"],"campfire_rested":3,"item_purchase_floors":[22,30],"current_hp_per_floor":[59,59,59,53,50,50,40,33,33,33,33,28,44,44,44,29,57,43,43,43,24,24,42,14,32,32,32,32,32,32,21,39,0,0],"gold":23,"neow_bonus":"TRANSFORM_CARD","is_daily":false,"chose_seed":false,"campfire_upgraded":4,"win_rate":0.0,"timestamp":1609139535,"path_taken":["M","M","?","M","?","R","E","?","T","?","R","?","?","M","R","BOSS","M","?","?","M","$","R","M","R","T","?","?","R","$","M","R","BOSS"],"items_purchased_type":["Relic","Card"],"build_version":"2020-12-22","purchased_purges":2,"victory":false,"max_hp_per_floor":[66,66,66,66,66,66,66,66,66,66,66,66,66,66,66,66,66,66,66,66,66,63,63,63,63,63,63,63,63,63,63,63,63,63],"card_choices":[{"not_picked":["Blade Dance","Outmaneuver"],"picked":"Flying Knee","floor":1},{"not_picked":["Flechettes","Acrobatics"],"picked":"Bane","floor":2},{"not_picked":["Prepared","Backflip","Tools of the Trade"],"picked":"SKIP","floor":4},{"not_picked":["Dodge and Roll","Riddle With Holes"],"picked":"Deadly Poison","floor":5},{"not_picked":["Backstab","Tactician"],"picked":"Expertise","floor":7},{"not_picked":["Slice","Flying Knee","Backflip"],"picked":"SKIP","floor":12},{"not_picked":["Sucker Punch","Flechettes"],"picked":"Poisoned Stab","floor":14},{"not_picked":["Caltrops","Backflip"],"picked":"Dodge and Roll","floor":18},{"not_picked":["Prepared","Slice"],"picked":"Leg Sweep","floor":21},{"not_picked":["Quick Slash","Deflect"],"picked":"Dagger Spray+1","floor":24},{"not_picked":["Slice","Endless Agony"],"picked":"Malaise+1","floor":31}],"player_experience":660973,"relics_obtained":[{"floor":7,"key":"Letter Opener"},{"floor":9,"key":"Toy Ornithopter"},{"floor":26,"key":"Toxic Egg 2"}],"event_choices":[{"damage_healed":0,"gold_gain":0,"player_choice":"Upgraded","damage_taken":0,"max_hp_gain":0,"max_hp_loss":0,"event_name":"Upgrade Shrine","floor":3,"gold_loss":0,"cards_upgraded":["Neutralize"]},{"cards_removed":["Strike_G"],"damage_healed":0,"gold_gain":0,"player_choice":"Card Removal","damage_taken":7,"max_hp_gain":0,"max_hp_loss":0,"event_name":"Golden Wing","floor":8,"gold_loss":0},{"damage_healed":0,"gold_gain":0,"cards_transformed":["Strike_G"],"player_choice":"Transformed","damage_taken":0,"max_hp_gain":0,"max_hp_loss":0,"event_name":"Transmorgrifier","floor":10,"gold_loss":0,"cards_obtained":["Doppelganger"]},{"damage_healed":16,"gold_gain":0,"player_choice":"Healed and dodged fight","damage_taken":0,"max_hp_gain":0,"max_hp_loss":0,"event_name":"Mushrooms","floor":13,"gold_loss":0,"cards_obtained":["Parasite"]},{"damage_healed":0,"gold_gain":0,"player_choice":"Ignored","damage_taken":0,"max_hp_gain":0,"max_hp_loss":0,"event_name":"Ghosts","floor":19,"gold_loss":0},{"damage_healed":0,"gold_gain":0,"player_choice":"Read","damage_taken":0,"max_hp_gain":0,"max_hp_loss":0,"event_name":"The Library","floor":20,"gold_loss":0,"cards_obtained":["Crippling Poison"]},{"damage_healed":0,"gold_gain":0,"player_choice":"Opened","damage_taken":0,"relics_obtained":["Vajra"],"max_hp_gain":0,"max_hp_loss":0,"event_name":"The Mausoleum","floor":27,"gold_loss":0,"cards_obtained":["Writhe"]},{"damage_healed":0,"gold_gain":50,"player_choice":"Stole From Cult","damage_taken":0,"max_hp_gain":0,"max_hp_loss":0,"event_name":"Nest","floor":28,"gold_loss":0}],"is_beta":false,"boss_relics":[{"not_picked":["Tiny House","Empty Cage"],"picked":"SlaversCollar"}],"items_purged_floors":[22,30],"is_endless":false,"potions_floor_spawned":[2,4,5,16,21,31],"killed_by":"Collector","ascension_level":16}}