{"host":"cjhtzh7tp54jdfyv","time":1609121327,"event":{"mods":["AchievementEnabler","BaseMod","Colored Map","Colored Powertips","Curses Come First","DeckTracker","Filter the Spire","Minty Spire (QoL Compilation)","RNG Fix","Relic Sorter","Relic Stats","StSLib","The Cursed","The Disciple","The Marked","UnlockEverythingMod","Waifu the Spire","ojb\u0027s Better Paths Mod","ojb\u0027s Info Mod"],"gold_per_floor":[111,130,147,159,175,175,175],"floor_reached":6,"playtime":610,"items_purged":[],"score":80,"play_id":"342ecdd7-6db9-428d-bd16-8a12d8783802","local_time":"20201227210847","is_ascension_mode":true,"campfire_choices":[],"circlet_count":0,"master_deck":["AscendersBane","TheCursedMod:Strike_TheCursed","TheCursedMod:Strike_TheCursed","TheCursedMod:Strike_TheCursed","TheCursedMod:Strike_TheCursed","TheCursedMod:Defend_TheCursed","TheCursedMod:Defend_TheCursed","TheCursedMod:Defend_TheCursed","TheCursedMod:Defend_TheCursed","TheCursedMod:CursedWand","TheCursedMod:CleanUpWorkshop","TheCursedMod:Dregs","TheCursedMod:CursedBlade","TheCursedMod:AbyssShockwave","TheCursedMod:SpitefulPlan","TheCursedMod:SpitefulStrike"],"relics":["TheCursedMod:BlackMagic101","Dead Branch"],"acts_visited":["Exordium"],"potions_floor_usage":[5,6,6],"damage_taken":[{"damage":0,"enemies":"Jaw Worm","floor":1,"turns":3},{"damage":1,"enemies":"Cultist","floor":2,"turns":3},{"damage":0,"enemies":"Small Slimes","floor":3,"turns":2},{"damage":0,"enemies":"3 Louse","floor":4,"turns":1},{"damage":2,"enemies":"Gremlin Gang","floor":5,"turns":7},{"damage":47,"enemies":"Lagavulin","floor":6,"turns":6}],"seed_played":"1560514967695696507","potions_obtained":[{"floor":2,"key":"Swift Potion"},{"floor":3,"key":"AttackPotion"},{"floor":5,"key":"SteroidPotion"}],"is_trial":false,"path_per_floor":["M","M","M","M","M","E"],"character_chosen":"THE_CURSED","items_purchased":[],"campfire_rested":0,"item_purchase_floors":[],"current_hp_per_floor":[46,45,45,45,43,0,0],"gold":175,"neow_bonus":"ONE_RARE_RELIC","is_daily":false,"chose_seed":false,"campfire_upgraded":0,"win_rate":0.0,"timestamp":1609121327,"path_taken":["M","M","M","?","M","E"],"items_purchased_type":[],"build_version":"2020-12-22","purchased_purges":0,"victory":false,"max_hp_per_floor":[71,71,71,71,71,71,71],"relic_stats":{"counters":[6,22],"Dead Branch":[15],"obtain_stats":[{"TheCursedMod:BlackMagic101":0,"Dead Branch":0},{"TheCursedMod:BlackMagic101":0,"Dead Branch":0},{"TheCursedMod:BlackMagic101":0,"Dead Branch":0}]},"card_choices":[{"not_picked":["TheCursedMod:VitalStrike","TheCursedMod:Obscuration"],"picked":"TheCursedMod:CursedBlade","floor":1},{"not_picked":["TheCursedMod:Torture","TheCursedMod:CircleOfAmplification"],"picked":"TheCursedMod:AbyssShockwave","floor":2},{"not_picked":["TheCursedMod:FuryStrike","TheCursedMod:CircleOfFlame","TheCursedMod:Stigma"],"picked":"SKIP","floor":3},{"not_picked":["TheCursedMod:TroublousMinions","TheCursedMod:CursedShiv"],"picked":"TheCursedMod:SpitefulPlan","floor":4},{"not_picked":["TheCursedMod:TacticalStrike","TheCursedMod:Stretching"],"picked":"TheCursedMod:SpitefulStrike","floor":5}],"player_experience":4467198,"relics_obtained":[],"event_choices":[],"is_beta":false,"boss_relics":[],"items_purged_floors":[],"is_endless":false,"potions_floor_spawned":[2,3,5],"killed_by":"Lagavulin","ascension_level":20}}