{"host":"nkolxg4se00n20yf","time":1609182079,"event":{"mods":["BaseMod","CatGirl Mod","Chen","Colored Map","Colored Powertips","Downfall","Friendly Minions","Infinite Spire","Kiyohime????","Marisa????????","Minty Spire (QoL Compilation)","StSLib","Td1madao Mod","The Administrix","The Cursed","The Exalted","The Hierophant","The Servant 0.9.4"],"gold_per_floor":[114,129,129,129,140,169,169,200,278,278,289,305,334,354,354,427,427,445,445,53,63,73,73,73],"floor_reached":23,"playtime":1328,"items_purged":[],"score":405,"play_id":"91b2c67f-637a-45de-98c7-4994843eff49","local_time":"20201228200119","is_ascension_mode":true,"campfire_choices":[{"floor":7.0,"key":"REST"},{"floor":10.0,"key":"REST"},{"floor":15.0,"key":"REST"}],"circlet_count":0,"master_deck":["AscendersBane","Strike_G","Strike_G","Strike_G","Strike_G","Strike_G","Defend_G","Defend_G","Defend_G","Defend_G","Survivor","Neutralize","Envenom","Quick Slash","Masterful Stab","Masterful Stab","Quick Slash","Phantasmal Killer","Dagger Throw","PiercingWail","Dagger Spray","infinitespire:Neurotoxin","Slice","Footwork","Backflip","Cloak And Dagger","Flying Knee"],"relics":["Torii","Potion Belt","Paper Crane","Pear","Busted Crown","Nloth\u0027s Gift","Membership Card","Akabeko","Ancient Tea Set"],"acts_visited":["Exordium","TheCity"],"potions_floor_usage":[23],"damage_taken":[{"damage":5.0,"enemies":"2 Louse","floor":1.0,"turns":5.0},{"damage":20.0,"enemies":"Small Slimes","floor":2.0,"turns":4.0},{"damage":1.0,"enemies":"Cultist","floor":5.0,"turns":3.0},{"damage":7.0,"enemies":"Lagavulin","floor":6.0,"turns":5.0},{"damage":30.0,"enemies":"3 Sentries","floor":8.0,"turns":13.0},{"damage":0.0,"enemies":"Exordium Wildlife","floor":11.0,"turns":2.0},{"damage":23.0,"enemies":"Exordium Thugs","floor":12.0,"turns":4.0},{"damage":10.0,"enemies":"Lagavulin","floor":13.0,"turns":5.0},{"damage":2.0,"enemies":"Red Slaver","floor":14.0,"turns":3.0},{"damage":43.0,"enemies":"Slime Boss","floor":16.0,"turns":10.0},{"damage":11.0,"enemies":"Spheric Guardian","floor":18.0,"turns":3.0},{"damage":12.0,"enemies":"2 Thieves","floor":21.0,"turns":5.0},{"damage":1.0,"enemies":"Sentry and Sphere","floor":22.0,"turns":5.0},{"damage":40,"enemies":"Book of Stabbing","floor":23,"turns":4}],"seed_played":"676350416636444190","potions_obtained":[{"floor":5.0,"key":"infinitespire:BlackPotion"},{"floor":6.0,"key":"FearPotion"},{"floor":8.0,"key":"Regen Potion"},{"floor":13.0,"key":"SteroidPotion"},{"floor":14.0,"key":"DuplicationPotion"},{"floor":18.0,"key":"Energy Potion"},{"floor":21.0,"key":"SteroidPotion"}],"is_trial":false,"path_per_floor":["M","M","?","?","M","E","R","E","T","R","M","M","E","M","R","B",null,"M","?","$","M","M","E"],"character_chosen":"THE_SILENT","items_purchased":["Membership Card","Akabeko","Ancient Tea Set","Footwork","Backflip"],"campfire_rested":3,"item_purchase_floors":[20,20,20,20,20],"current_hp_per_floor":[54,34,34,34,33,26,45,15,15,34,34,11,25,23,45,2,58,47,47,47,35,34,0,0],"gold":73,"neow_bonus":"ONE_RANDOM_RARE_CARD","is_daily":false,"chose_seed":false,"campfire_upgraded":0,"win_rate":0.0,"timestamp":1609182079,"path_taken":["M","M","?","?","?","E","R","E","T","R","M","M","E","M","R","BOSS","M","?","?","?","M","E"],"items_purchased_type":["Relic","Relic","Relic","Card","Card"],"build_version":"2020-12-22","purchased_purges":0,"victory":false,"max_hp_per_floor":[66,66,66,66,66,66,66,66,66,66,66,66,76,76,76,76,76,76,76,76,76,76,76,76],"card_choices":[{"not_picked":["Expertise","Cloak And Dagger"],"picked":"Quick Slash","floor":1.0},{"not_picked":["Sucker Punch","Heel Hook"],"picked":"Masterful Stab","floor":2.0},{"not_picked":["Eviscerate","Choke"],"picked":"Masterful Stab","floor":5.0},{"not_picked":["Acrobatics","Deflect"],"picked":"Quick Slash","floor":6.0},{"not_picked":["Deadly Poison","Backstab"],"picked":"Phantasmal Killer","floor":8.0},{"not_picked":["Eviscerate","Outmaneuver","Deadly Poison"],"picked":"SKIP","floor":11.0},{"not_picked":["Backflip","Quick Slash"],"picked":"Dagger Throw","floor":12.0},{"not_picked":["A Thousand Cuts","Sucker Punch"],"picked":"PiercingWail","floor":13.0},{"not_picked":["Leg Sweep","Riddle With Holes"],"picked":"Dagger Spray","floor":14.0},{"not_picked":["Grand Finale","Night Terror"],"picked":"infinitespire:Neurotoxin","floor":16.0},{"not_picked":[],"picked":"Slice","floor":18.0},{"not_picked":[],"picked":"Cloak And Dagger","floor":21.0},{"not_picked":[],"picked":"Flying Knee","floor":22.0}],"player_experience":1070923,"relics_obtained":[{"floor":6.0,"key":"Torii"},{"floor":8.0,"key":"Potion Belt"},{"floor":9.0,"key":"Paper Crane"},{"floor":13.0,"key":"Pear"}],"event_choices":[{"damage_healed":0.0,"max_hp_gain":0.0,"max_hp_loss":0.0,"gold_gain":0.0,"event_name":"Shining Light","player_choice":"Ignored","floor":3.0,"gold_loss":0.0,"damage_taken":0.0},{"cards_removed":["Defend_G"],"damage_healed":0.0,"max_hp_gain":0.0,"max_hp_loss":0.0,"gold_gain":0.0,"event_name":"Bonfire Elementals","player_choice":"Offered Basic","floor":4.0,"gold_loss":0.0,"damage_taken":0.0},{"damage_healed":0.0,"max_hp_gain":0.0,"max_hp_loss":0.0,"gold_gain":0.0,"event_name":"N\u0027loth","player_choice":"Traded Relic","floor":19.0,"relics_lost":["Ring of the Snake"],"gold_loss":0.0,"damage_taken":0.0,"relics_obtained":["Nloth\u0027s Gift"]}],"is_beta":false,"boss_relics":[{"not_picked":["Runic Dome","Runic Pyramid"],"picked":"Busted Crown"}],"items_purged_floors":[],"is_endless":false,"potions_floor_spawned":[5,6,8,13,14,18,21],"killed_by":"Book of Stabbing","ascension_level":18}}