{"host":"pynofkhbweftzsaw","time":1609172962,"event":{"mods":["BaseMod","Colored Map","Minty Spire (QoL Compilation)","StSLib"],"gold_per_floor":[113,113,132,132,147,177,206,231,231,231,245,262,262,262,262,367,367,367,282,282,282,282,282,282,282,282,282,282,282,282,282],"floor_reached":30,"playtime":2290,"items_purged":[],"score":310,"play_id":"21a8b946-890c-4ae2-9642-44acd88e63a3","local_time":"20201229002922","is_ascension_mode":false,"campfire_choices":[{"data":"Rage","floor":10,"key":"SMITH"},{"data":"Bash","floor":13,"key":"SMITH"},{"data":"Flex","floor":15,"key":"SMITH"},{"data":"Armaments","floor":28,"key":"SMITH"}],"circlet_count":0,"master_deck":["Strike_R+1","Strike_R","Strike_R","Strike_R","Strike_R","Defend_R","Defend_R","Defend_R+1","Bash+1","Pommel Strike+1","Rage+1","Flex+1","Battle Trance","Flex+1","Intimidate","Brutality","Infernal Blade+1","Armaments+1","Blood for Blood","Bloodletting","Hemokinesis+1"],"relics":["Black Star","Pantograph","WingedGreaves","Calipers","Potion Belt","Tiny Chest","War Paint","Magic Flower","Ectoplasm","Shuriken","TungstenRod","Incense Burner","InkBottle","Mercury Hourglass","Boot","Molten Egg 2","Whetstone","Toy Ornithopter"],"acts_visited":["Exordium","TheCity"],"potions_floor_usage":[7,8,16,22,23,24],"damage_taken":[{"damage":6,"enemies":"2 Louse","floor":1,"turns":2},{"damage":1,"enemies":"Cultist","floor":3,"turns":3},{"damage":1,"enemies":"Jaw Worm","floor":5,"turns":3},{"damage":31,"enemies":"3 Sentries","floor":6,"turns":7},{"damage":15,"enemies":"Gremlin Nob","floor":7,"turns":4},{"damage":21,"enemies":"3 Sentries","floor":8,"turns":7},{"damage":20,"enemies":"Exordium Thugs","floor":11,"turns":4},{"damage":0,"enemies":"3 Louse","floor":12,"turns":2},{"damage":44,"enemies":"Slime Boss","floor":16,"turns":13},{"damage":3,"enemies":"3 Byrds","floor":18,"turns":6},{"damage":10,"enemies":"Shell Parasite","floor":21,"turns":3},{"damage":12,"enemies":"Sentry and Sphere","floor":22,"turns":4},{"damage":12,"enemies":"Slavers","floor":23,"turns":5},{"damage":10,"enemies":"Book of Stabbing","floor":24,"turns":4},{"damage":2,"enemies":"3 Cultists","floor":25,"turns":4},{"damage":18,"enemies":"Gremlin Leader","floor":27,"turns":7},{"damage":5,"enemies":"Shelled Parasite and Fungi","floor":29,"turns":4},{"damage":10,"enemies":"Snake Plant","floor":30,"turns":2}],"seed_played":"5555927010094755277","potions_obtained":[{"floor":3,"key":"BlessingOfTheForge"},{"floor":7,"key":"BloodPotion"},{"floor":11,"key":"AttackPotion"},{"floor":16,"key":"PowerPotion"},{"floor":21,"key":"FearPotion"},{"floor":23,"key":"BlessingOfTheForge"},{"floor":25,"key":"Dexterity Potion"}],"is_trial":false,"path_per_floor":["M","$","M","?","M","E","E","E","T","R","M","M","R","?","R","B",null,"M","?","T","M","M","E","E","M","T","E","R","M","M"],"character_chosen":"IRONCLAD","items_purchased":[],"campfire_rested":0,"item_purchase_floors":[],"current_hp_per_floor":[74,74,73,73,72,41,26,21,21,21,1,1,1,80,80,36,80,77,77,77,67,55,43,33,31,31,13,13,8,0,0],"gold":282,"neow_bonus":"BOSS_RELIC","is_daily":false,"chose_seed":false,"campfire_upgraded":4,"win_rate":0.0,"timestamp":1609172962,"path_taken":["M","$","M","?","M","E","E","E","T","R","?","M","R","?","R","BOSS","M","?","?","M","M","E","E","M","T","E","R","?","M"],"items_purchased_type":[],"build_version":"2020-12-22","purchased_purges":0,"victory":false,"max_hp_per_floor":[80,80,80,80,80,80,80,80,80,80,80,80,80,80,80,80,80,80,80,80,80,80,80,80,80,80,80,80,80,80,80],"card_choices":[{"not_picked":["Spot Weakness","Thunderclap"],"picked":"Pommel Strike","floor":1},{"not_picked":["Combust","Cleave","Second Wind"],"picked":"SKIP","floor":3},{"not_picked":["Iron Wave","Thunderclap","Uppercut"],"picked":"SKIP","floor":5},{"not_picked":["Rampage","Body Slam"],"picked":"Rage","floor":6},{"not_picked":["Burning Pact","Uppercut"],"picked":"Flex","floor":7},{"not_picked":["Spot Weakness","Burning Pact"],"picked":"Battle Trance","floor":8},{"not_picked":["Dark Embrace","Flame Barrier"],"picked":"Flex","floor":11},{"not_picked":["Power Through","Ghostly Armor"],"picked":"Intimidate","floor":12},{"not_picked":["Immolate","Corruption"],"picked":"Brutality","floor":16},{"not_picked":["Sever Soul+1","Wild Strike+1","Shrug It Off+1"],"picked":"SKIP","floor":18},{"not_picked":["Sever Soul","Twin Strike"],"picked":"Infernal Blade+1","floor":21},{"not_picked":["Sword Boomerang+1","Flame Barrier"],"picked":"Armaments","floor":22},{"not_picked":["Flame Barrier","Power Through"],"picked":"Blood for Blood","floor":23},{"not_picked":["Disarm","Fire Breathing"],"picked":"Bloodletting","floor":24},{"not_picked":["Metallicize+1","Iron Wave","Clothesline"],"picked":"SKIP","floor":25},{"not_picked":["Armaments","Reckless Charge+1","Dual Wield"],"picked":"SKIP","floor":27},{"not_picked":["Clothesline+1","Warcry"],"picked":"Hemokinesis+1","floor":29}],"player_experience":41619,"relics_obtained":[{"floor":6,"key":"Pantograph"},{"floor":6,"key":"WingedGreaves"},{"floor":7,"key":"Calipers"},{"floor":7,"key":"Potion Belt"},{"floor":8,"key":"Tiny Chest"},{"floor":8,"key":"War Paint"},{"floor":9,"key":"Magic Flower"},{"floor":20,"key":"TungstenRod"},{"floor":23,"key":"Incense Burner"},{"floor":23,"key":"InkBottle"},{"floor":24,"key":"Mercury Hourglass"},{"floor":24,"key":"Boot"},{"floor":26,"key":"Molten Egg 2"},{"floor":27,"key":"Whetstone"},{"floor":27,"key":"Toy Ornithopter"}],"event_choices":[{"damage_healed":0,"gold_gain":0,"cards_transformed":["Defend_R"],"player_choice":"Transformed","damage_taken":0,"max_hp_gain":0,"max_hp_loss":0,"event_name":"Transmorgrifier","floor":4,"gold_loss":0,"cards_obtained":["Carnage"]},{"cards_removed":["Carnage"],"damage_healed":79,"gold_gain":0,"player_choice":"Offered Uncommon","damage_taken":0,"max_hp_gain":0,"max_hp_loss":0,"event_name":"Bonfire Elementals","floor":14,"gold_loss":0},{"damage_healed":0,"gold_gain":0,"player_choice":"Obtained Relic","damage_taken":0,"relics_obtained":["Shuriken"],"max_hp_gain":0,"max_hp_loss":0,"event_name":"Addict","floor":19,"gold_loss":85}],"is_beta":false,"boss_relics":[{"not_picked":["SacredBark","Cursed Key"],"picked":"Ectoplasm"}],"items_purged_floors":[],"is_endless":false,"potions_floor_spawned":[3,7,11,16,21,23,25],"killed_by":"Snake Plant","ascension_level":0}}