{"host":"zv85muor2723jdwz","time":1609118964,"event":{"mods":["Arknights The Spire","BaseMod","Better Vampires","CapriCore","Decade(Õı–°√˜)","KinomotoSakuraMod(ƒæ÷Æ±æ”£)","KomeijiMod","Marisa£®ÏF”Í°°ƒß¿Ì…≥£©","Marked Mod","Minty Spire (QoL Compilation)","Reimu£®≤©¿ˆ¡È√Œ£©","Remilia£®¿Ÿ√◊¿Ú—«£©","StSLib","The Cursed","The Immortal","The Runesmith","The Servant 0.9.4","WarShipGirlsR/’ΩΩ¢…Ÿ≈ÆR mod","Yakumo Yukari mod","Youmu£®ªÍ∆«—˝√Œ£©","Yuri Mod","Yuyuko","°æ“≈ŒÔø®≈∆°øREMEMod"],"gold_per_floor":[179,18,18,18,39,70,143,158,158,227,246,282,282,298,298,424,424,447,447,372,13,83,83,127,139,151,163,193,226,238,274,286,423,498,523,548,199,220,13,13,36,55,55,55,68,86,117,140,140,140],"floor_reached":51,"playtime":3771,"items_purged":["Strike_Remiria","Strike_Remiria"],"score":839,"play_id":"240d5cbe-dfd6-466b-9613-0d35452d69d2","local_time":"20201228092924","is_ascension_mode":false,"campfire_choices":[{"floor":13,"key":"REST"},{"floor":15,"key":"REST"},{"data":"Culling","floor":23,"key":"SMITH"},{"data":"MillenniumVampire","floor":25,"key":"SMITH"},{"floor":27,"key":"DIG"},{"data":"BloodyMagicSquare","floor":30,"key":"SMITH"},{"floor":32,"key":"DIG"},{"data":"BloodCoagulation","floor":40,"key":"SMITH"},{"floor":49,"key":"DIG"}],"circlet_count":0,"master_deck":["Strike_Remiria","Strike_Remiria","Defend_Remirira+1","Defend_Remirira","Defend_Remirira","Defend_Remirira","Absorbed","Scratch","FastHealing","Tepes","BloodyMagicSquare+1","Warpath+1","Injury","DamonLordCradle_Remiria","FateSonata","BodyStrengthen+1","BloodPact+1","BombardNight","Impregnable+1","MillenniumVampire+1","Culling+1","BloodCollect+1","DoubleEdge","PainBurst+1","ServantFlier+1","BodyStrengthen+1","RocketKickup+1","BloodCoagulation+1","RocketKickup+1","StigmaNizer+1","RemiliaStalker","StigmaNizer+1","Cripple+1","BodyStrengthen+1","Parasite","ChainGang+1","BloodCleaner+1","Parasite","Exsanguinate+1","VampirishNight+1","Juggernaut"],"relics":["ThirstyCrossSpe","REME_ComplimentaryCards","Golden Idol","ats:Originium","Toxic Egg 2","KyoryuNoHagoromo","HornCleat","ats:Originium","Shovel","Runic Pyramid","Tea:ReiMu","Eternal Feather","ats:Originium","MawBank","Bottled Lightning","Molten Egg 2","Nunchaku","Tiny House","Torii","TungstenRod","ats:Originium","RuthlessExorcism:ReiMu","Ancient Tea Set","Lantern"],"acts_visited":["Exordium","TheCity","TheBeyond"],"potions_floor_usage":[16,28,28,31,45,45],"damage_taken":[{"damage":8,"enemies":"2 Louse","floor":1,"turns":3},{"damage":5,"enemies":"Jaw Worm","floor":5,"turns":2},{"damage":42,"enemies":"3 Sentries","floor":6,"turns":10},{"damage":3,"enemies":"Cultist","floor":8,"turns":4},{"damage":6,"enemies":"3 Louse","floor":11,"turns":2},{"damage":18,"enemies":"Gremlin Nob","floor":12,"turns":6},{"damage":12,"enemies":"Blue Slaver","floor":14,"turns":2},{"damage":21,"enemies":"Hexaghost","floor":16,"turns":11},{"damage":11,"enemies":"Shell Parasite","floor":18,"turns":10},{"damage":15,"enemies":"Slavers","floor":24,"turns":7},{"damage":20,"enemies":"2 Thieves","floor":28,"turns":4},{"damage":29,"enemies":"Cultist and Chosen","floor":29,"turns":6},{"damage":32,"enemies":"Snecko","floor":31,"turns":6},{"damage":26,"enemies":"Collector","floor":33,"turns":8},{"damage":1,"enemies":"3 Shapes","floor":35,"turns":5},{"damage":32,"enemies":"Orb Walker","floor":36,"turns":6},{"damage":1,"enemies":"4 Shapes","floor":38,"turns":4},{"damage":1,"enemies":"Writhing Mass","floor":41,"turns":8},{"damage":22,"enemies":"Jaw Worm Horde","floor":42,"turns":4},{"damage":52,"enemies":"Reptomancer","floor":44,"turns":6},{"damage":32,"enemies":"Transient","floor":45,"turns":5},{"damage":14,"enemies":"Writhing Mass","floor":46,"turns":6},{"damage":0,"enemies":"Giant Head","floor":47,"turns":8},{"damage":0,"enemies":"Jaw Worm Horde","floor":48,"turns":4},{"damage":31,"enemies":"Donu and Deca","floor":50,"turns":8}],"seed_played":"6052827533503312171","potions_obtained":[{"floor":11,"key":"FearPotion"},{"floor":12,"key":"GamblersBrew"},{"floor":14,"key":"GrandPatriotsElixir:ReiMu"},{"floor":16,"key":"Dexterity Potion"},{"floor":29,"key":"Regen Potion"},{"floor":31,"key":"Swift Potion"},{"floor":34,"key":"Explosive Potion"},{"floor":45,"key":"Strength Potion"},{"floor":47,"key":"Dexterity Potion"}],"is_trial":false,"path_per_floor":["M","$","?","?","M","E","?","M","T","T","M","E","R","M","R","B",null,"M","?","?","$","T","R","E","R","T","R","M","M","R","M","R","B",null,"M","M","$","M","$","R","M","M","T","E","M","M","E","M","R","B",null],"character_chosen":"RemiriaScarlet","items_purchased":["Tepes","BloodyMagicSquare","Warpath","BloodCollect+1","Tea:ReiMu","DoubleEdge","Torii","Cripple+1","BodyStrengthen+1"],"campfire_rested":2,"item_purchase_floors":[2,2,2,21,21,21,37,39,39],"current_hp_per_floor":[102,102,102,102,97,55,55,52,52,52,46,28,61,49,82,69,110,103,118,118,118,118,125,120,125,125,125,106,91,106,105,120,114,130,129,101,101,100,100,130,130,127,127,101,76,76,130,130,130,114],"gold":140,"neow_bonus":"TEN_PERCENT_HP_BONUS","is_daily":false,"chose_seed":false,"campfire_upgraded":4,"win_rate":0.0,"timestamp":1609118964,"path_taken":["M","$","?","?","?","E","?","M","T","?","M","E","R","M","R","BOSS","M","?","?","$","?","R","E","R","T","R","?","M","R","M","R","BOSS","M","?","$","M","$","R","M","M","T","E","M","M","E","M","R","BOSS"],"items_purchased_type":["Card","Card","Card","Card","Relic","Card","Relic","Card","Card"],"build_version":"2020-12-22","purchased_purges":2,"victory":true,"max_hp_per_floor":[110,110,110,110,110,110,110,110,110,110,110,110,110,110,110,110,110,110,125,125,125,125,125,125,125,125,125,125,125,125,125,125,125,130,130,130,130,130,130,130,130,130,130,130,130,130,130,130,130,130],"card_choices":[{"not_picked":["TricksterDevil","BodyStrengthen"],"picked":"FastHealing","floor":1},{"not_picked":["Paradox","BloodyMagicSquare"],"picked":"DamonLordCradle_Remiria","floor":5},{"not_picked":["VampirishNight","ScarletDestiny+1"],"picked":"FateSonata","floor":6},{"not_picked":["DoubleEdge","RocketKickup"],"picked":"BodyStrengthen+1","floor":8},{"not_picked":["BodyStrengthen+1","DemonLordWalk"],"picked":"BloodPact+1","floor":11},{"not_picked":["Rewrite+1","BodyStrengthen+1"],"picked":"BombardNight","floor":12},{"not_picked":["TricksterDevil+1","FastHealing+1"],"picked":"Impregnable+1","floor":14},{"not_picked":["StarOfDavid","BadLadyScramble+1"],"picked":"MillenniumVampire","floor":16},{"not_picked":["BodyStrengthen+1","VampireClaw"],"picked":"Culling","floor":18},{"not_picked":["DemonLordWalk","FierceSweep"],"picked":"PainBurst+1","floor":24},{"not_picked":["DoubleEdge+1","BloodCleaner+1"],"picked":"ServantFlier+1","floor":28},{"not_picked":["FateMeister","Culling+1"],"picked":"BodyStrengthen+1","floor":29},{"not_picked":["DemonsDinnerFork_Remiria+1","BloodPact+1"],"picked":"RocketKickup+1","floor":31},{"not_picked":["StarOfDavid","MiserableFate_Remiria"],"picked":"BloodCoagulation","floor":33},{"not_picked":["Warpath+1","ScarletNetherworld+1"],"picked":"RocketKickup+1","floor":34},{"not_picked":["ThePrice+1","FierceSweep+1"],"picked":"StigmaNizer+1","floor":35},{"not_picked":["Rewrite+1","FastHealing+1"],"picked":"RemiliaStalker","floor":36},{"not_picked":["TricksterDevil+1","BloodCollect+1"],"picked":"StigmaNizer+1","floor":38},{"not_picked":["LifeBreak+1","Rewrite+1"],"picked":"ChainGang+1","floor":41},{"not_picked":["Warpath+1","Feint+1","FierceSweep+1"],"picked":"SKIP","floor":42},{"not_picked":["Tepes+1","FateMeister","Cripple+1"],"picked":"SKIP","floor":44},{"not_picked":["Feint+1","Offensive+1"],"picked":"BloodCleaner+1","floor":45},{"not_picked":["FierceSweep+1","DamonLordCradle_Remiria+1","Paradox+1"],"picked":"SKIP","floor":46},{"not_picked":["DemonsDinnerFork_Remiria+1","BloodCollect+1"],"picked":"Exsanguinate+1","floor":47},{"not_picked":["Cripple+1","YoungDemonLord+1"],"picked":"VampirishNight+1","floor":48}],"player_experience":42673,"relics_obtained":[{"floor":6,"key":"ats:Originium"},{"floor":6,"key":"Toxic Egg 2"},{"floor":9,"key":"KyoryuNoHagoromo"},{"floor":10,"key":"HornCleat"},{"floor":12,"key":"ats:Originium"},{"floor":12,"key":"Shovel"},{"floor":22,"key":"Eternal Feather"},{"floor":24,"key":"ats:Originium"},{"floor":24,"key":"MawBank"},{"floor":26,"key":"Bottled Lightning"},{"floor":27,"key":"Molten Egg 2"},{"floor":32,"key":"Nunchaku"},{"floor":43,"key":"TungstenRod"},{"floor":44,"key":"ats:Originium"},{"floor":44,"key":"RuthlessExorcism:ReiMu"},{"floor":47,"key":"Ancient Tea Set"},{"floor":49,"key":"Lantern"}],"event_choices":[{"damage_healed":0,"gold_gain":0,"player_choice":"Take Wound","damage_taken":0,"relics_obtained":["Golden Idol"],"max_hp_gain":0,"max_hp_loss":0,"event_name":"Golden Idol","floor":3,"gold_loss":0,"cards_obtained":["Injury"]},{"damage_healed":0,"gold_gain":0,"player_choice":"Forge","damage_taken":0,"max_hp_gain":0,"max_hp_loss":0,"event_name":"Accursed Blacksmith","floor":4,"gold_loss":0,"cards_upgraded":["Warpath"]},{"damage_healed":0,"gold_gain":73,"player_choice":"Gained Gold","damage_taken":0,"max_hp_gain":0,"max_hp_loss":0,"event_name":"Golden Wing","floor":7,"gold_loss":0},{"cards_removed":["Gluttony_TH"],"damage_healed":0,"gold_gain":0,"player_choice":"Gave Gold","damage_taken":0,"max_hp_gain":0,"max_hp_loss":0,"event_name":"Beggar","floor":20,"gold_loss":75}],"is_beta":false,"boss_relics":[{"not_picked":["Velvet Choker","Ectoplasm"],"picked":"Runic Pyramid"},{"not_picked":["Runesmith:UraniumAnvil","SacredBark"],"picked":"Tiny House"}],"items_purged_floors":[37,39],"is_endless":false,"potions_floor_spawned":[11,12,14,16,18,29,31,35,42,45,47,48],"ascension_level":0}}