{"host":"fmwbmnqnrup981we","time":1609153920,"event":{"mods":["AchievementEnabler","Act Like it!","BaseMod","Better Match","Better Note","Better Skull","Better Synergies","Better Third Choice","Better Vampires","Block Reminder","Curses Come First","Downfall","Duelist Mod","Elementarium","GungeonMod","HexUI Lib","HornydragonMod","Marked Mod","Minty Spire (QoL Compilation)","Pikachu Mod","Quick Restart","Relic Stats","SIMod","StSLib","The Bug Knight","The Death Knight","The Forsaken","The Marked","The Necromancer","The Runesmith","The Servant 0.9.4","The Wild Card","TheHero","TheVacant","TheVelvet","Transform Curses","Waifu the Spire","Yuri Mod","everything is the same but u backflip on backflip"],"gold_per_floor":[109,109,109,109,128,168,168,206,206,244,209,232,258,258,258,389,389,409,43,93,109,159,159,109,159,182,201,251,285,285,298,298,418,418,438,488,0,0,16,16,59,59,86,130,148,198,248,298,298,298],"floor_reached":51,"playtime":1807,"items_purged":["Strike_G","Defend_G"],"score":871,"play_id":"86624869-6114-4b44-a3fc-192ff2a7ac65","local_time":"20201228111200","is_ascension_mode":true,"campfire_choices":[{"floor":7,"key":"REST"},{"floor":15,"key":"REST"},{"floor":23,"key":"RECALL"},{"floor":30,"key":"REST"},{"floor":32,"key":"REST"},{"floor":40,"key":"REST"},{"floor":42,"key":"REST"},{"floor":49,"key":"REST"}],"circlet_count":0,"master_deck":["Defend_G","Defend_G","Defend_G","Survivor","Infinite Blades+1","Deflect","Footwork","Accuracy","Bandage Up","Panache","Accuracy","Necronomicurse","Footwork+1","Deflect+1","Backstab+1","Predator+1","Glass Knife+1","Grand Finale+1","Flechettes+1","Dagger Spray+1","Infinite Blades","Noxious Fumes","Infinite Blades","Infinite Blades"],"relics":["Ring of the Snake","Golden Idol","DemoMod:PoisonVial","Juzu Bracelet","DemoMod:WhiteGuonStone","Odd Mushroom","SsserpentHead","Fusion Hammer","DemoMod:OrangeGuonStone","Anchor","Necronomicon","DemoMod:SerJunkan","HoveringKite","Red Mask","DemoMod:Junk","DemoMod:MonsterBlood","theForsaken:Lifeblossom"],"acts_visited":["Exordium","TheCity","TheBeyond"],"potions_floor_usage":[8,10,16,27,33,33,35,41,50],"damage_taken":[{"damage":1,"enemies":"Small Slimes","floor":1,"turns":4},{"damage":0,"enemies":"2 Louse","floor":5,"turns":4},{"damage":16,"enemies":"3 Sentries","floor":6,"turns":11},{"damage":8,"enemies":"Gremlin Nob","floor":8,"turns":4},{"damage":11,"enemies":"3 Sentries","floor":10,"turns":7},{"damage":0,"enemies":"Cultist","floor":12,"turns":4},{"damage":14,"enemies":"The Mushroom Lair","floor":13,"turns":5},{"damage":2,"enemies":"The Guardian","floor":16,"turns":13},{"damage":20,"enemies":"2 Thieves","floor":18,"turns":5},{"damage":0,"enemies":"Chosen","floor":21,"turns":3},{"damage":0,"enemies":"Snake Plant","floor":27,"turns":4},{"damage":0,"enemies":"HollowMod:Nosk","floor":29,"turns":6},{"damage":1,"enemies":"Centurion and Healer","floor":31,"turns":5},{"damage":63,"enemies":"Automaton","floor":33,"turns":13},{"damage":2,"enemies":"3 Darklings","floor":35,"turns":6},{"damage":0,"enemies":"Orb Walker","floor":39,"turns":2},{"damage":2,"enemies":"HollowMod:StalkingDevout","floor":41,"turns":5},{"damage":20,"enemies":"Reptomancer","floor":44,"turns":5},{"damage":16,"enemies":"Jaw Worm Horde","floor":45,"turns":4},{"damage":57,"enemies":"Time Eater","floor":50,"turns":10}],"seed_played":"-3144016199282482630","potions_obtained":[{"floor":5,"key":"Block Potion"},{"floor":8,"key":"Explosive Potion"},{"floor":10,"key":"DuplicationPotion"},{"floor":21,"key":"Block Potion"},{"floor":39,"key":"ColorlessPotion"},{"floor":45,"key":"Dexterity Potion"}],"is_trial":false,"path_per_floor":["M","?","?","?","M","E","R","E","T","E","?","M","?","?","R","B",null,"M","$","?","M","?","R","$","?","T","M","?","E","R","M","R","B",null,"M","?","?","$","M","R","E","R","T","E","M","?","?","?","R","B",null],"character_chosen":"THE_SILENT","items_purchased":["DemoMod:OrangeGuonStone","Bandage Up"],"campfire_rested":7,"item_purchase_floors":[19,19],"current_hp_per_floor":[69,52,52,52,52,36,57,49,49,38,55,55,41,41,62,60,70,50,50,50,54,54,54,54,54,54,58,42,46,67,70,70,7,70,70,70,70,70,70,70,70,70,70,57,41,26,26,67,67,11],"gold":298,"neow_bonus":"THREE_CARDS","is_daily":false,"chose_seed":false,"campfire_upgraded":0,"win_rate":0.0,"timestamp":1609153920,"path_taken":["M","?","?","?","?","E","R","E","T","E","?","M","?","?","R","BOSS","M","?","?","M","?","R","?","?","T","M","?","E","R","M","R","BOSS","M","?","?","$","M","R","E","R","T","E","M","?","?","?","R","BOSS"],"items_purchased_type":["Relic","Card"],"build_version":"2020-12-22","purchased_purges":2,"victory":true,"max_hp_per_floor":[70,70,70,70,70,70,70,70,70,70,70,70,70,70,70,70,70,70,70,70,70,70,70,70,70,70,70,70,70,70,70,70,70,70,70,70,70,70,70,70,70,70,70,77,77,77,77,67,67,67],"relic_stats":{"SsserpentHead":550,"counters":[20,120],"Golden Idol":164,"HoveringKite":[4],"Juzu Bracelet":2,"Necronomicon":[9],"obtain_stats":[{"DemoMod:Junk":41,"DemoMod:PoisonVial":6,"Golden Idol":2,"DemoMod:OrangeGuonStone":19,"HoveringKite":34,"theForsaken:Lifeblossom":46,"DemoMod:GlassGuonStoneRelic":10,"Juzu Bracelet":8,"DemoMod:WhiteGuonStone":10,"Odd Mushroom":13,"SsserpentHead":14,"Anchor":26,"DemoMod:MonsterBlood":44,"Fusion Hammer":17,"DemoMod:SerJunkan":29,"Necronomicon":28,"Red Mask":37,"Ring of the Snake":0},{"DemoMod:Junk":17,"DemoMod:PoisonVial":3,"Golden Idol":1,"DemoMod:OrangeGuonStone":9,"HoveringKite":14,"theForsaken:Lifeblossom":19,"DemoMod:GlassGuonStoneRelic":5,"Juzu Bracelet":4,"DemoMod:WhiteGuonStone":5,"Odd Mushroom":7,"SsserpentHead":7,"Anchor":10,"DemoMod:MonsterBlood":18,"Fusion Hammer":8,"DemoMod:SerJunkan":12,"Necronomicon":11,"Red Mask":15,"Ring of the Snake":0},{"DemoMod:Junk":101,"DemoMod:PoisonVial":19,"Golden Idol":4,"DemoMod:OrangeGuonStone":57,"HoveringKite":88,"theForsaken:Lifeblossom":110,"DemoMod:GlassGuonStoneRelic":30,"Juzu Bracelet":23,"DemoMod:WhiteGuonStone":30,"Odd Mushroom":39,"SsserpentHead":39,"Anchor":60,"DemoMod:MonsterBlood":106,"Fusion Hammer":52,"DemoMod:SerJunkan":70,"Necronomicon":64,"Red Mask":94,"Ring of the Snake":0}],"Ring of the Snake":[40]},"card_choices":[{"not_picked":["Poisoned Stab","Acrobatics"],"picked":"Infinite Blades","floor":0},{"not_picked":["Cloak And Dagger","Backflip"],"picked":"Deflect","floor":1},{"not_picked":["Acrobatics","Outmaneuver","PiercingWail"],"picked":"SKIP","floor":5},{"not_picked":["Reflex","Acrobatics"],"picked":"Masterful Stab","floor":6},{"not_picked":["Choke","Prepared"],"picked":"Footwork","floor":8},{"not_picked":["Choke","Acrobatics","Distraction"],"picked":"SKIP","floor":10},{"not_picked":["Burst","Cloak And Dagger"],"picked":"Accuracy","floor":12},{"not_picked":["Underhanded Strike","Flying Knee","Deadly Poison"],"picked":"SKIP","floor":18},{"not_picked":["Slice","Blade Dance"],"picked":"Backstab","floor":21},{"not_picked":["Quick Slash","All Out Attack","Dash"],"picked":"SKIP","floor":27},{"not_picked":["Deadly Poison+1","Dagger Throw"],"picked":"Footwork+1","floor":29},{"not_picked":["Deadly Poison","Riddle With Holes","Underhanded Strike"],"picked":"SKIP","floor":31},{"not_picked":["Prepared","Dagger Spray+1"],"picked":"Deflect+1","floor":35},{"not_picked":["Noxious Fumes","Cloak And Dagger"],"picked":"Infinite Blades","floor":39},{"not_picked":["Dagger Throw+1","Glass Knife"],"picked":"Noxious Fumes","floor":41},{"not_picked":["Bane","Skewer"],"picked":"Infinite Blades","floor":44},{"not_picked":["Dagger Throw","Tactician"],"picked":"Infinite Blades","floor":45}],"player_experience":407764,"relics_obtained":[{"floor":6,"key":"DemoMod:PoisonVial"},{"floor":8,"key":"Juzu Bracelet"},{"floor":10,"key":"DemoMod:WhiteGuonStone"},{"floor":13,"key":"Odd Mushroom"},{"floor":26,"key":"Anchor"},{"floor":28,"key":"Necronomicon"},{"floor":29,"key":"DemoMod:SerJunkan"},{"floor":41,"key":"DemoMod:Junk"},{"floor":43,"key":"DemoMod:Junk"},{"floor":44,"key":"DemoMod:MonsterBlood"}],"event_choices":[{"damage_healed":0,"gold_gain":0,"player_choice":"Take Damage","damage_taken":17,"relics_obtained":["Golden Idol"],"max_hp_gain":0,"max_hp_loss":0,"event_name":"Golden Idol","floor":2,"gold_loss":0},{"cards_removed":["Defend_G"],"damage_healed":0,"gold_gain":0,"player_choice":"Forget","damage_taken":0,"max_hp_gain":0,"max_hp_loss":0,"event_name":"Living Wall","floor":3,"gold_loss":0},{"damage_healed":0,"gold_gain":0,"player_choice":"Upgraded","damage_taken":0,"max_hp_gain":0,"max_hp_loss":0,"event_name":"Upgrade Shrine","floor":4,"gold_loss":0,"cards_upgraded":["Infinite Blades"]},{"damage_healed":17,"gold_gain":0,"player_choice":"Healed","damage_taken":0,"max_hp_gain":0,"max_hp_loss":0,"event_name":"The Cleric","floor":11,"gold_loss":35},{"damage_healed":0,"gold_gain":0,"player_choice":"Fought Mushrooms","damage_taken":0,"max_hp_gain":0,"max_hp_loss":0,"event_name":"Mushrooms","floor":13,"gold_loss":0},{"damage_healed":0,"gold_gain":0,"player_choice":"Trade","damage_taken":0,"relics_obtained":["SsserpentHead"],"max_hp_gain":0,"max_hp_loss":0,"event_name":"FaceTrader","floor":14,"gold_loss":0},{"cards_removed":["Bandage Up"],"damage_healed":0,"gold_gain":0,"player_choice":"Take \u0026 Give","damage_taken":0,"max_hp_gain":0,"max_hp_loss":0,"event_name":"betterNote:BetterNote","floor":20,"gold_loss":0,"cards_obtained":["Panache"]},{"damage_healed":0,"gold_gain":0,"player_choice":"Read","damage_taken":0,"max_hp_gain":0,"max_hp_loss":0,"event_name":"The Library","floor":22,"gold_loss":0,"cards_obtained":["Accuracy"]},{"damage_healed":0,"gold_gain":0,"player_choice":"Obtained Book","damage_taken":16,"max_hp_gain":0,"max_hp_loss":0,"event_name":"Cursed Tome","floor":28,"gold_loss":0},{"damage_healed":0,"gold_gain":0,"player_choice":"Paid","damage_taken":0,"relics_obtained":["Red Mask"],"max_hp_gain":0,"max_hp_loss":0,"event_name":"Tomb of Lord Red Mask","floor":37,"gold_loss":538},{"damage_healed":0,"gold_gain":0,"player_choice":"RE ","damage_taken":17,"relics_obtained":["theForsaken:Lifeblossom"],"max_hp_gain":0,"max_hp_loss":0,"event_name":"betterSkull:BetterSkull","floor":46,"gold_loss":0,"cards_upgraded":[]},{"cards_removed":["Grand Finale"],"damage_healed":0,"gold_gain":0,"player_choice":"Removed Attack","damage_taken":0,"max_hp_gain":0,"max_hp_loss":0,"event_name":"Falling","floor":47,"gold_loss":0},{"damage_healed":67,"gold_gain":0,"player_choice":"Heal","damage_taken":0,"max_hp_gain":0,"max_hp_loss":10,"event_name":"The Moai Head","floor":48,"gold_loss":0}],"is_beta":false,"boss_relics":[{"not_picked":["Snecko Eye","Busted Crown"],"picked":"Fusion Hammer"},{"not_picked":["theForsaken:PaleLantern","Pandora\u0027s Box"],"picked":"HoveringKite"}],"items_purged_floors":[19,24],"is_endless":false,"potions_floor_spawned":[5,8,10,21,39,45],"ascension_level":1}}