{"host":"jwvz9sqego1wo43x","time":1609192720,"event":{"mods":["AchievementEnabler","BaseMod","Colored Map","Downfall","GifTheSpireLib","Minty Spire (QoL Compilation)","StSLib"],"gold_per_floor":[99,117,177,191,491,491,491,523,523,83,96,96,127,141,152,257,257,257,257,257,257,257,257,257,257,257,257,257,257,257,257,257,257,257,257],"floor_reached":33,"playtime":1550,"items_purged":["Slimebound:Icky"],"score":314,"play_id":"2d192085-6096-430c-8539-8024d9e86b65","local_time":"20201228215840","is_ascension_mode":true,"campfire_choices":[{"data":"champ:Taunt","floor":1,"key":"SMITH"},{"data":"champ:Lariat","floor":6,"key":"SMITH"},{"data":"champ:Circumvent","floor":9,"key":"SMITH"},{"data":"champ:StrikeOfGenius","floor":18,"key":"SMITH"}],"circlet_count":0,"master_deck":["champ:Strike","champ:Strike","champ:Strike","champ:Strike","champ:Defend","champ:Defend","champ:Defend","champ:Defend","champ:Execute","champ:Taunt+1","champ:Lariat+1","champ:SkillfulDodge","champ:BringItOn","champ:Circumvent+1","champ:ShieldSlam","champ:DefensiveShout","champ:TornadoPunch","champ:FalseCounter","champ:PerfectedStrike","champ:Backstep","champ:StrikeOfGenius+1","champ:PerfectedStrike","champ:Backstep+1","champ:Duel","champ:Riposte+1","Shame"],"relics":["champ:ChampionCrown","Incense Burner","Potion Belt","StrikeDummy","Gambling Chip","MealTicket","Toolbox","Bottled Flame","downfall:Hecktoplasm","Du-Vu Doll","Mummified Hand","Bag of Marbles","Eternal Feather","Akabeko"],"acts_visited":["Exordium","TheCity"],"potions_floor_usage":[8,16,16,16,28,28,28,33,33],"damage_taken":[{"damage":10,"enemies":"Small Slimes","floor":2,"turns":3},{"damage":50,"enemies":"Lagavulin Event","floor":3,"turns":8},{"damage":6,"enemies":"Jaw Worm","floor":4,"turns":6},{"damage":3,"enemies":"Gremlin Nob","floor":8,"turns":5},{"damage":10,"enemies":"downfall:FleeingMerchant","floor":10,"turns":4},{"damage":2,"enemies":"2 Louse","floor":11,"turns":3},{"damage":3,"enemies":"Lagavulin","floor":13,"turns":6},{"damage":0,"enemies":"Red Slaver","floor":14,"turns":4},{"damage":7,"enemies":"2 Fungi Beasts","floor":15,"turns":5},{"damage":21,"enemies":"downfall:Watcher","floor":16,"turns":14},{"damage":13,"enemies":"Shell Parasite","floor":19,"turns":5},{"damage":6,"enemies":"Spheric Guardian","floor":20,"turns":5},{"damage":19,"enemies":"Cultist and Chosen","floor":23,"turns":8},{"damage":51,"enemies":"Book of Stabbing","floor":25,"turns":7},{"damage":7,"enemies":"Shelled Parasite and Fungi","floor":26,"turns":6},{"damage":6,"enemies":"3 Cultists","floor":27,"turns":5},{"damage":23,"enemies":"Gremlin Leader","floor":28,"turns":7},{"damage":7,"enemies":"Snake Plant","floor":30,"turns":4},{"damage":0,"enemies":"Centurion and Healer","floor":32,"turns":4},{"damage":20,"enemies":"downfall:Silent","floor":33,"turns":6}],"seed_played":"-716110501281170227","potions_obtained":[{"floor":2,"key":"SpeedPotion"},{"floor":3,"key":"FairyPotion"},{"floor":8,"key":"GamblersBrew"},{"floor":11,"key":"FearPotion"},{"floor":12,"key":"downfall:CursedFountainPotion"},{"floor":13,"key":"Ancient Potion"},{"floor":19,"key":"LiquidMemories"},{"floor":26,"key":"Fire Potion"},{"floor":28,"key":"champ:UltimateStancePotion"},{"floor":30,"key":"Block Potion"}],"is_trial":false,"path_per_floor":["R","M","?","M","?","R","T","E","R","$","M","?","E","M","M","B",null,"R","M","M","?","?","M","T","E","M","M","E","T","M","?","M","B"],"character_chosen":"THE_CHAMP","items_purchased":["MealTicket","champ:DefensiveShout","Toolbox"],"campfire_rested":0,"item_purchase_floors":[10,10,10],"current_hp_per_floor":[63,63,28,32,32,32,32,29,29,29,27,27,24,24,22,5,90,90,90,90,90,90,76,76,25,23,17,27,27,20,20,20,0,0,0],"gold":257,"neow_bonus":"ONE_RARE_RELIC","is_daily":false,"chose_seed":false,"campfire_upgraded":4,"win_rate":0.0,"timestamp":1609192720,"path_taken":["R","M","?","M","?","R","T","E","R","?","M","?","E","?","M","BOSS","R","M","M","?","?","M","T","E","M","M","E","?","M","?","M","BOSS"],"items_purchased_type":["Relic","Card","Relic"],"build_version":"2020-12-22","purchased_purges":1,"victory":false,"max_hp_per_floor":[90,90,90,90,90,90,90,90,90,90,90,90,90,90,90,90,90,90,90,90,90,90,90,90,90,90,90,90,90,90,90,90,90,90,90],"card_choices":[{"not_picked":["champ:Haymaker","champ:EnGarde"],"picked":"champ:Lariat","floor":2},{"not_picked":["champ:FaceSlap","champ:PerfectedStrike"],"picked":"champ:SkillfulDodge","floor":3},{"not_picked":["champ:HeartStrike","champ:DefensiveShout"],"picked":"champ:BringItOn","floor":4},{"not_picked":["champ:Haymaker","champ:GladiatorStyle"],"picked":"champ:Circumvent","floor":8},{"not_picked":["champ:BringItOn","champ:RecklessLeap"],"picked":"champ:ShieldSlam","floor":10},{"not_picked":["champ:RecklessLeap","champ:Circumvent"],"picked":"champ:TornadoPunch","floor":11},{"not_picked":["champ:StrikeOfGenius","champ:BladeFlurry"],"picked":"champ:FalseCounter","floor":13},{"not_picked":["champ:Encircle","champ:Control"],"picked":"champ:PerfectedStrike","floor":14},{"not_picked":["champ:AdrenalArmor","champ:TornadoPunch"],"picked":"champ:Backstep","floor":15},{"not_picked":["champ:CrownThrow","champ:ShieldSlam"],"picked":"champ:StrikeOfGenius","floor":16},{"not_picked":["champ:Backstep","champ:Circumvent","champ:RecklessLeap+1"],"picked":"SKIP","floor":19},{"not_picked":["champ:BringItOn+1","champ:FlashCut","champ:FalseCounter"],"picked":"SKIP","floor":20},{"not_picked":["champ:FlashCut+1","champ:Circumvent"],"picked":"champ:PerfectedStrike","floor":23},{"not_picked":["champ:BringItOn","champ:DefensiveShout"],"picked":"champ:Backstep+1","floor":25},{"not_picked":["champ:Backstep","champ:FanOfKnives+1"],"picked":"champ:Duel","floor":26},{"not_picked":["champ:BladeFlurry","champ:BringItOn+1","champ:Backstep"],"picked":"SKIP","floor":27},{"not_picked":["champ:GladiatorsShout","champ:Control+1","champ:Duel"],"picked":"SKIP","floor":28},{"not_picked":["champ:ShieldSlam","champ:BringItOn+1"],"picked":"champ:Riposte+1","floor":30},{"not_picked":["champ:BladeFlurry","champ:RecklessLeap","champ:TornadoPunch"],"picked":"SKIP","floor":32}],"player_experience":494275,"relics_obtained":[{"floor":7,"key":"StrikeDummy"},{"floor":8,"key":"Gambling Chip"},{"floor":13,"key":"Bottled Flame"},{"floor":24,"key":"Du-Vu Doll"},{"floor":25,"key":"Mummified Hand"},{"floor":28,"key":"Bag of Marbles"},{"floor":29,"key":"Eternal Feather"}],"event_choices":[{"damage_healed":0,"gold_gain":0,"player_choice":"Stole Relic","damage_taken":0,"relics_obtained":["Akabeko"],"max_hp_gain":0,"max_hp_loss":0,"event_name":"Addict","floor":31,"gold_loss":0,"cards_obtained":["Shame"]}],"is_beta":false,"boss_relics":[{"not_picked":["Tiny House","Coffee Dripper"],"picked":"downfall:Hecktoplasm"}],"items_purged_floors":[10],"is_endless":false,"potions_floor_spawned":[2,3,8,11,13,19,26,28,30],"killed_by":"downfall:Silent","ascension_level":1}}