{"host":"0cnf9zf1gia27zti","time":1609176078,"event":{"mods":["BaseMod","BetterRewards","Card Forge","Colored Map","Colored Powertips","Conspire","Downfall","Minty Spire (QoL Compilation)","Practice Mode","Quick Restart","Replay The Spire","Robot Space Explorer","Shade Mod","Spicy Shops","StSLib"],"gold_per_floor":[119,269,103,103,113,113,147,147,170,170,170,186,198,27,27,101,101,112,128,128,128,143,143,156,156,156],"floor_reached":25,"playtime":897,"items_purged":[],"score":402,"play_id":"377df4a1-be98-4db2-a4d7-aff4e45f1acb","local_time":"20201228172118","is_ascension_mode":true,"campfire_choices":[{"floor":6,"key":"REST"},{"floor":8,"key":"REST"},{"data":"Zap","floor":15,"key":"SMITH"},{"floor":23,"key":"REST"}],"circlet_count":0,"master_deck":["AscendersBane","Strike_B","Strike_B+1","Defend_B","Defend_B+1","Defend_B","Defend_B","Zap+1","Dualcast+1","Crystallizer","Crystallizer","Defragment+1","Electrodynamics","Panic Button","Echo Form+1","Conserve Battery","Auto Shields","ReplayRNGCard","Machine Learning","Redo+1","Chill","ReplaySort","Force Field","Reboot","Auto Shields"],"relics":["Cracked Core","Hammer of Thor","Seething Fire","Anvil of the Gods","Omamori","Geode","Toy Ornithopter","Chemical X","Blue Doll","Simple Rune","Prayer Wheel","SacredBark"],"acts_visited":["Exordium","TheCity"],"potions_floor_usage":[16,16,19],"damage_taken":[{"damage":13,"enemies":"Small Slimes","floor":1,"turns":2},{"damage":7,"enemies":"Jaw Worm","floor":5,"turns":3},{"damage":10,"enemies":"3 Sentries","floor":7,"turns":3},{"damage":0,"enemies":"Cultist","floor":12,"turns":3},{"damage":6,"enemies":"3 Louse","floor":13,"turns":2},{"damage":1,"enemies":"The Guardian","floor":16,"turns":8},{"damage":20,"enemies":"Spheric Guardian","floor":18,"turns":4},{"damage":22,"enemies":"Shell Parasite","floor":19,"turns":4},{"damage":16,"enemies":"Shelled Parasite and Fungi","floor":22,"turns":7},{"damage":12,"enemies":"Snake Plant","floor":24,"turns":3},{"damage":34,"enemies":"Cultist and Chosen","floor":25,"turns":3}],"seed_played":"-1846727243459348310","potions_obtained":[{"floor":7,"key":"LiquidBronze"},{"floor":13,"key":"AttackPotion"},{"floor":18,"key":"Swift Potion"},{"floor":24,"key":"Reflective Coating"}],"is_trial":false,"path_per_floor":["M","?","$","?","M","R","E","R","T","?","?","M","M","$","R","B",null,"M","M","$","?","M","R","M","M"],"character_chosen":"DEFECT","items_purchased":["ReplayTheSpireMod:Fabricate Wheel","Omamori","Geode","Toy Ornithopter","Crystallizer","Chemical X","ReplayRNGCard"],"campfire_rested":3,"item_purchase_floors":[0,0,0,0,0,3,14],"current_hp_per_floor":[51,51,51,51,44,65,55,71,71,71,71,71,65,65,65,70,71,51,34,34,34,18,39,27,0,0],"gold":156,"neow_bonus":"","is_daily":false,"chose_seed":false,"campfire_upgraded":1,"win_rate":0.0,"timestamp":1609176078,"path_taken":["M","?","$","?","?","R","E","R","T","?","?","?","M","$","R","BOSS","M","M","$","?","M","R","?","M"],"items_purchased_type":["Card","Relic","Relic","Relic","Card","Relic","Card"],"build_version":"2020-12-22","purchased_purges":0,"victory":false,"max_hp_per_floor":[71,71,71,71,71,71,71,71,71,71,71,71,71,71,71,71,71,71,71,71,71,71,71,71,71,71],"card_choices":[{"not_picked":["Time Bomb","Go for the Eyes"],"picked":"Panic Button","floor":1},{"not_picked":["Beam Cell","ReplayTheSpireMod:Reroute Power","Streamline"],"picked":"SKIP","floor":5},{"not_picked":["Beam Cell","Blizzard","Gash"],"picked":"SKIP","floor":7},{"not_picked":["Chaos","Coolheaded"],"picked":"Conserve Battery","floor":12},{"not_picked":["Go for the Eyes","Leap","Hologram"],"picked":"SKIP","floor":12},{"not_picked":["Go for the Eyes","Leap","Hologram"],"picked":"SKIP","floor":12},{"not_picked":["Redo","Blizzard"],"picked":"Auto Shields","floor":13},{"not_picked":["Hologram","Gash","Stack"],"picked":"SKIP","floor":13},{"not_picked":["All For One","Rainbow"],"picked":"Machine Learning","floor":16},{"not_picked":["Stack","Leap"],"picked":"Redo+1","floor":18},{"not_picked":["Sweeping Beam","Leap","Turbo"],"picked":"SKIP","floor":18},{"not_picked":["Ball Lightning+1","Hologram"],"picked":"Chill","floor":19},{"not_picked":["Rip and Tear","ReplayTheSpireMod:System Scan","Barrage"],"picked":"SKIP","floor":19},{"not_picked":["Rebound","Darkness+1"],"picked":"Force Field","floor":22},{"not_picked":["Beam Cell","BasicCrystalCard"],"picked":"Reboot","floor":22},{"not_picked":["Recycle","Rebound"],"picked":"Auto Shields","floor":24},{"not_picked":["Sweeping Beam","Compile Driver+1","Gash"],"picked":"SKIP","floor":24}],"player_experience":2685880,"relics_obtained":[{"floor":7,"key":"Blue Doll"},{"floor":9,"key":"Simple Rune"}],"event_choices":[{"damage_healed":0,"gold_gain":150,"player_choice":"AGREE","damage_taken":0,"max_hp_gain":0,"max_hp_loss":0,"event_name":"Liars Game","floor":2,"gold_loss":0,"cards_obtained":["Doubt"]},{"cards_removed":["Strike_B"],"damage_healed":0,"gold_gain":0,"player_choice":"Offered Basic","damage_taken":0,"max_hp_gain":0,"max_hp_loss":0,"event_name":"Bonfire Elementals","floor":4,"gold_loss":0},{"damage_healed":0,"gold_gain":0,"player_choice":"Forge","damage_taken":0,"max_hp_gain":0,"max_hp_loss":0,"event_name":"Accursed Blacksmith","floor":11,"gold_loss":0,"cards_upgraded":["Defragment"]},{"damage_healed":0,"gold_gain":0,"cards_transformed":["Strike_B"],"player_choice":"Transformed","damage_taken":0,"max_hp_gain":0,"max_hp_loss":0,"event_name":"Transmorgrifier","floor":21,"gold_loss":0,"cards_obtained":["ReplaySort"]}],"is_beta":false,"boss_relics":[{"not_picked":["Cursed Key","Ring of Chaos"],"picked":"SacredBark"}],"items_purged_floors":[],"is_endless":false,"potions_floor_spawned":[7,13,18,24],"killed_by":"Cultist and Chosen","ascension_level":20}}