{"host":"bk3gpzeffbx7m7po","time":1609190818,"event":{"mods":["A Magickal Journey","AchievementEnabler","Act Like it!","Aspiration","Astrologer","Bartender","BaseMod","Better Third Choice","Better Vampires","CapriCore","Conspire","Downfall","Duelist Mod","Elementarium","Energized Spire","Friendly Minions","Gensokyo","GungeonMod","Hermit","Hero for Fun","Highlight Path","Hubris","Infinite Spire","Jorbs\u0027s Wanderer Trilogy","Koishi","LagranYue(???·?)","Mad Scientist","Magitek Elite","Marisa????????","Melee Mod","Minty Spire (QoL Compilation)","Potionbrewer","Prisma Mod","Quick Restart","Random Character Button","Remilia??????","Replay The Spire","Shade Mod","Spicy Shops","StSLib","Synergy Search","The Administrix","The Animator","The Clintock","The Construct","The Cursed","The Disciple","The Exalted","The Hierophant","The Immortal","The Judge","The Mystic","The Necromancer","The Poker Player","The Runesmith","The Senshi","The Servant 0.9.4","The Spell Scribe","The Valiant","The Wild Card","TheArtist","TheFirefly"],"gold_per_floor":[113,113,55,68,68,103,103,129,211,246,260,291,291,310,310,407,407,407,407],"floor_reached":18,"playtime":2432,"items_purged":[],"score":213,"play_id":"0483f6f0-fbb2-45c2-8429-12d6148c8e06","local_time":"20201228212658","is_ascension_mode":false,"campfire_choices":[{"floor":7,"key":"RECALL"},{"data":"Liquid_Armor","floor":13,"key":"SMITH"},{"data":"theWildCard:Sakuya","floor":15,"key":"SMITH"}],"circlet_count":0,"master_deck":["Strike_Bartender","Strike_Bartender","Strike_Bartender","Strike_Bartender","Defend_Bartender","Defend_Bartender+1","Defend_Bartender","Defend_Bartender","Somersault","Insight_B","Bouncer+1","Elbow_Slash","theWildCard:Sakuya+1","Liquid_Armor+1","Fight_Dirty","Power_Up_Punch","Sucker_Punch","Patience","Waterkick","Top_Shelf","CurseOfTheBell"],"relics":["Sneakers","LagranYue:RandomDrawCardRelic","NeowsBlessing","theSenshi:FeatherClipsRelic","hubris:DisguiseKit","Bromod:ArcaneDeflection","Vajra","Strawberry","DemoMod:GlassGuonStoneRelic","Calling Bell","Replay:Mystery Machine","Kunai","aspiration:DSix"],"acts_visited":["Exordium","TheCity"],"potions_floor_usage":[],"damage_taken":[{"damage":0,"enemies":"Jaw Worm","floor":1,"turns":1},{"damage":0,"enemies":"2 Louse","floor":4,"turns":1},{"damage":0,"enemies":"3 Sentries","floor":6,"turns":1},{"damage":15,"enemies":"Gremlin Nob","floor":8,"turns":5},{"damage":6,"enemies":"Replay:BlueRogue","floor":10,"turns":11},{"damage":0,"enemies":"Cultist","floor":11,"turns":3},{"damage":2,"enemies":"3 Sentries","floor":12,"turns":9},{"damage":5,"enemies":"Gremlin Gang","floor":14,"turns":6},{"damage":39,"enemies":"Slime Boss","floor":16,"turns":10},{"damage":0,"enemies":"Shell Parasite","floor":18,"turns":1}],"seed_played":"-4652782142326312741","potions_obtained":[{"floor":1,"key":"potionbrewer:AcidPotion"},{"floor":10,"key":"LiquidMemories"},{"floor":16,"key":"Toxic Potion"}],"is_trial":false,"path_per_floor":["M","?","$","M","?","E","R","E","T","E","M","E","R","M","R","B",null,"M"],"character_chosen":"BARTENDER","items_purchased":["Bouncer+1"],"campfire_rested":0,"item_purchase_floors":[3],"current_hp_per_floor":[70,70,70,70,70,70,70,61,61,61,67,77,77,77,77,44,77,77,77],"gold":407,"neow_bonus":"THREE_ENEMY_KILL","is_daily":false,"chose_seed":false,"campfire_upgraded":2,"win_rate":0.0,"timestamp":1609190818,"path_taken":["M","?","$","M","?","E","R","E","T","E","M","E","R","M","R","BOSS","M"],"items_purchased_type":["Card"],"build_version":"2020-12-22","purchased_purges":0,"victory":false,"max_hp_per_floor":[70,70,70,70,70,70,70,70,70,70,70,77,77,77,77,77,77,77,77],"card_choices":[{"not_picked":["Dancing_Jab","Alacrity"],"picked":"Insight_B","floor":1},{"not_picked":["Foot_Thrust","Bitters"],"picked":"Elbow_Slash","floor":4},{"not_picked":["Center_Self","Well_Drinks"],"picked":"Liquid_Armor","floor":6},{"not_picked":["Pony_Shot","Glare"],"picked":"Fight_Dirty","floor":8},{"not_picked":["Ripple","Wall_of_Ice","theWildCard:Polydeuces"],"picked":"Power_Up_Punch","floor":10},{"not_picked":["Feint","On_The_House","theWildCard:Patience"],"picked":"Sucker_Punch","floor":11},{"not_picked":["Pony_Shot","Dragonkick","theWildCard:Proficiency"],"picked":"Patience","floor":12},{"not_picked":["On_The_Rocks","Insight_B","theWildCard:Sakuya"],"picked":"Waterkick","floor":14},{"not_picked":["Windup","Liquid_Armor","theWildCard:ChangingDestiny"],"picked":"Top_Shelf","floor":16}],"player_experience":293735,"relics_obtained":[{"floor":6,"key":"theSenshi:FeatherClipsRelic"},{"floor":8,"key":"hubris:DisguiseKit"},{"floor":9,"key":"Bromod:ArcaneDeflection"},{"floor":10,"key":"Vajra"},{"floor":12,"key":"Strawberry"},{"floor":17,"key":"Replay:Mystery Machine"},{"floor":17,"key":"Kunai"},{"floor":17,"key":"aspiration:DSix"}],"event_choices":[],"is_beta":false,"boss_relics":[{"not_picked":["construct:WeddingRing","Replay:Bronze Core"],"picked":"Calling Bell"}],"items_purged_floors":[],"is_endless":false,"potions_floor_spawned":[1,10,16],"killed_by":"Shell Parasite","ascension_level":0}}