{"host":"t179ovrkr5k1gnfh","time":1609163617,"event":{"mods":["AchievementEnabler","BaseMod","Colored Map","Minty Spire (QoL Compilation)"],"gold_per_floor":[116,116,66,66,76,76,102,102,128,160,172,49,49,62,62,158,158,171,171,96,115,135,135,166,25,25,53,63,63,77,91,91,194,194,208,16,0,0,14,39,39,73,73,107,107,107,125,154,154,154,154,154,4,32,32,32],"floor_reached":55,"playtime":3027,"items_purged":["Strike_B","Strike_B","Coolheaded"],"score":881,"play_id":"8dc4c9df-50ea-402e-8307-fc3831f43d9c","local_time":"20201228145337","is_ascension_mode":false,"campfire_choices":[{"data":"Scrape","floor":6.0,"key":"SMITH"},{"floor":8.0,"key":"RECALL"},{"data":"Hologram","floor":13.0,"key":"SMITH"},{"data":"Beam Cell","floor":15.0,"key":"SMITH"},{"data":"Dualcast","floor":23.0,"key":"SMITH"},{"data":"Reboot","floor":29.0,"key":"SMITH"},{"data":"Go for the Eyes","floor":32.0,"key":"SMITH"},{"data":"Deep Breath","floor":41.0,"key":"SMITH"},{"data":"Madness","floor":45,"key":"SMITH"},{"data":"Seek","floor":49,"key":"SMITH"},{"data":"Steam","floor":52,"key":"SMITH"}],"circlet_count":0,"master_deck":["Zap+1","Dualcast+1","Scrape+1","Gash","Streamline","Core Surge","Sweeping Beam","Gash","Hologram+1","Beam Cell+1","Reboot+1","Go for the Eyes+1","FTL","Rebound","Madness+1","Go for the Eyes","FTL","Reprogram+1","Fission","FTL","Seek+1","Thunder Strike","Steam+1","Deep Breath+1","Gash"],"relics":["Cracked Core","NeowsBlessing","Omamori","Smiling Mask","TungstenRod","Nuclear Battery","Eternal Feather","Mercury Hourglass","Nunchaku","Pandora\u0027s Box","Red Mask","Mummified Hand","Du-Vu Doll","InkBottle","Orichalcum","Bag of Preparation","Lantern"],"acts_visited":["Exordium","TheCity","TheBeyond","TheEnding"],"potions_floor_usage":[50,54,55,55,55,55],"damage_taken":[{"damage":0.0,"enemies":"Jaw Worm","floor":1.0,"turns":1.0},{"damage":0.0,"enemies":"Small Slimes","floor":5.0,"turns":1.0},{"damage":0.0,"enemies":"Gremlin Nob","floor":7.0,"turns":1.0},{"damage":9.0,"enemies":"3 Sentries","floor":10.0,"turns":3.0},{"damage":0.0,"enemies":"2 Louse","floor":11.0,"turns":2.0},{"damage":7.0,"enemies":"Red Slaver","floor":14.0,"turns":3.0},{"damage":9.0,"enemies":"Slime Boss","floor":16.0,"turns":5.0},{"damage":0.0,"enemies":"3 Byrds","floor":18.0,"turns":3.0},{"damage":9.0,"enemies":"Spheric Guardian","floor":21.0,"turns":3.0},{"damage":1.0,"enemies":"Centurion and Healer","floor":22.0,"turns":3.0},{"damage":0.0,"enemies":"Gremlin Leader","floor":24.0,"turns":6.0},{"damage":12.0,"enemies":"Book of Stabbing","floor":27.0,"turns":3.0},{"damage":6.0,"enemies":"Cultist and Chosen","floor":28.0,"turns":5.0},{"damage":8.0,"enemies":"3 Cultists","floor":30.0,"turns":4.0},{"damage":8.0,"enemies":"Snake Plant","floor":31.0,"turns":2.0},{"damage":17.0,"enemies":"Champ","floor":33.0,"turns":4.0},{"damage":0.0,"enemies":"Orb Walker","floor":35.0,"turns":1.0},{"damage":4.0,"enemies":"3 Shapes","floor":39.0,"turns":2.0},{"damage":24.0,"enemies":"Reptomancer","floor":40.0,"turns":4.0},{"damage":0.0,"enemies":"Giant Head","floor":42.0,"turns":4.0},{"damage":19,"enemies":"Nemesis","floor":44,"turns":5},{"damage":0,"enemies":"Maw","floor":47,"turns":4},{"damage":23,"enemies":"Reptomancer","floor":48,"turns":4},{"damage":13,"enemies":"Donu and Deca","floor":50,"turns":3},{"damage":12,"enemies":"Shield and Spear","floor":54,"turns":3},{"damage":92,"enemies":"The Heart","floor":55,"turns":6}],"seed_played":"1518278618322526543","potions_obtained":[{"floor":4.0,"key":"FocusPotion"},{"floor":4.0,"key":"AttackPotion"},{"floor":4.0,"key":"EntropicBrew"},{"floor":10.0,"key":"Weak Potion"},{"floor":18.0,"key":"LiquidBronze"},{"floor":22.0,"key":"CultistPotion"},{"floor":27.0,"key":"ColorlessPotion"},{"floor":44,"key":"Fire Potion"}],"is_trial":false,"path_per_floor":["M","?","?","?","M","R","E","R","T","E","M","$","R","M","R","B",null,"M","?","?","M","M","R","E","$","T","E","M","R","M","M","R","B",null,"M","$","?","$","M","E","R","E","T","E","R","?","M","E","R","B",null,"R","$","E","B"],"character_chosen":"DEFECT","items_purchased":["Gash","Hologram","Madness","Steam","Deep Breath","Bag of Preparation"],"campfire_rested":0,"item_purchase_floors":[12,12,25,36,36,53],"current_hp_per_floor":[75,75,75,75,75,75,75,75,75,66,66,66,66,59,59,50,75,75,75,75,66,65,65,65,65,65,53,47,59,51,43,55,38,75,75,75,75,75,71,47,62,62,62,43,58,75,75,52,67,54,75,75,75,63,0,0],"gold":32,"neow_bonus":"THREE_ENEMY_KILL","is_daily":false,"chose_seed":false,"campfire_upgraded":10,"win_rate":0.0,"timestamp":1609163617,"path_taken":["M","?","?","?","M","R","E","R","T","E","?","$","R","M","R","BOSS","M","?","?","?","M","R","E","$","T","E","M","R","M","M","R","BOSS","M","$","?","$","M","E","R","E","T","E","R","?","M","E","R","BOSS","R","$","E","BOSS"],"items_purchased_type":["Card","Card","Card","Card","Card","Relic"],"build_version":"2020-12-22","purchased_purges":3,"victory":false,"max_hp_per_floor":[75,75,75,75,75,75,75,75,75,75,75,75,75,75,75,75,75,75,75,75,75,75,75,75,75,75,75,75,75,75,75,75,75,75,75,75,75,75,75,75,75,75,75,75,75,75,75,75,75,75,75,75,75,75,75,75],"card_choices":[{"not_picked":["Stack","Blizzard"],"picked":"Scrape","floor":1.0},{"not_picked":["Ball Lightning","Go for the Eyes"],"picked":"Gash","floor":5.0},{"not_picked":["Beam Cell","Coolheaded"],"picked":"Streamline","floor":7.0},{"not_picked":["Ball Lightning","Streamline"],"picked":"Core Surge","floor":10.0},{"not_picked":["Genetic Algorithm","Stack"],"picked":"Sweeping Beam","floor":11.0},{"not_picked":["Chaos","Conserve Battery"],"picked":"Beam Cell","floor":14.0},{"not_picked":["Hyperbeam","Buffer"],"picked":"Reboot","floor":16.0},{"not_picked":["Blizzard+1","Undo"],"picked":"Go for the Eyes","floor":18.0},{"not_picked":["Auto Shields","Turbo","Melter"],"picked":"SKIP","floor":21.0},{"not_picked":["Melter","Storm+1","Sunder"],"picked":"SKIP","floor":22.0},{"not_picked":["Redo","Gash"],"picked":"Rebound","floor":24.0},{"not_picked":["Coolheaded","Chaos"],"picked":"Go for the Eyes","floor":27.0},{"not_picked":["Conserve Battery+1","Beam Cell+1"],"picked":"FTL","floor":28.0},{"not_picked":["Fission","Capacitor"],"picked":"Reprogram+1","floor":30.0},{"not_picked":["Hologram","Coolheaded+1","Storm"],"picked":"SKIP","floor":31.0},{"not_picked":["Biased Cognition","Thunder Strike"],"picked":"Fission","floor":33.0},{"not_picked":["Cold Snap+1","Ball Lightning","Rebound+1"],"picked":"SKIP","floor":35.0},{"not_picked":["Turbo","Stack","Barrage"],"picked":"SKIP","floor":39.0},{"not_picked":["Rebound+1","FTL"],"picked":"Gash","floor":40.0},{"not_picked":["Turbo+1","Go for the Eyes+1","Streamline+1"],"picked":"SKIP","floor":42.0},{"not_picked":["Redo+1","Electrodynamics","Double Energy+1"],"picked":"SKIP","floor":44},{"not_picked":["Conserve Battery+1","BootSequence","Barrage+1"],"picked":"SKIP","floor":47},{"not_picked":["Cold Snap+1","Stack","Compile Driver"],"picked":"SKIP","floor":48},{"not_picked":["Self Repair","Rebound","Redo"],"picked":"SKIP","floor":54}],"player_experience":57488,"relics_obtained":[{"floor":7.0,"key":"Omamori"},{"floor":9.0,"key":"Smiling Mask"},{"floor":10.0,"key":"TungstenRod"},{"floor":24.0,"key":"Eternal Feather"},{"floor":26.0,"key":"Mercury Hourglass"},{"floor":27.0,"key":"Nunchaku"},{"floor":40.0,"key":"Mummified Hand"},{"floor":42.0,"key":"Du-Vu Doll"},{"floor":44,"key":"InkBottle"},{"floor":48,"key":"Orichalcum"},{"floor":54,"key":"Lantern"}],"event_choices":[{"damage_healed":0.0,"max_hp_gain":0.0,"max_hp_loss":0.0,"gold_gain":0.0,"event_name":"Living Wall","player_choice":"Grow","floor":2.0,"gold_loss":0.0,"damage_taken":0.0,"cards_upgraded":["Zap"]},{"cards_removed":["Defend_B"],"damage_healed":0.0,"max_hp_gain":0.0,"max_hp_loss":0.0,"gold_gain":0.0,"event_name":"The Cleric","player_choice":"Card Removal","floor":3.0,"gold_loss":50.0,"damage_taken":0.0},{"damage_healed":0.0,"max_hp_gain":0.0,"max_hp_loss":0.0,"gold_gain":0.0,"event_name":"Lab","player_choice":"Got Potions","floor":4.0,"gold_loss":0.0,"damage_taken":0.0},{"damage_healed":0.0,"max_hp_gain":0.0,"max_hp_loss":0.0,"gold_gain":0.0,"event_name":"The Library","player_choice":"Read","floor":19.0,"gold_loss":0.0,"damage_taken":0.0,"cards_obtained":["FTL"]},{"cards_removed":["Strike_B"],"damage_healed":0.0,"max_hp_gain":0.0,"max_hp_loss":0.0,"gold_gain":0.0,"event_name":"Beggar","player_choice":"Gave Gold","floor":20.0,"gold_loss":75.0,"damage_taken":0.0},{"damage_healed":0.0,"max_hp_gain":0.0,"max_hp_loss":0.0,"gold_gain":0.0,"event_name":"Tomb of Lord Red Mask","player_choice":"Paid","floor":37.0,"gold_loss":16.0,"damage_taken":0.0,"relics_obtained":["Red Mask"]},{"damage_healed":19,"gold_gain":0,"player_choice":"Writhe","damage_taken":0,"max_hp_gain":0,"max_hp_loss":0,"event_name":"Winding Halls","floor":46,"gold_loss":0,"cards_obtained":["Writhe"]}],"is_beta":false,"boss_relics":[{"not_picked":["Snecko Eye","Coffee Dripper"],"picked":"Nuclear Battery"},{"not_picked":["Velvet Choker","Runic Pyramid"],"picked":"Pandora\u0027s Box"}],"items_purged_floors":[12,25,36],"is_endless":false,"potions_floor_spawned":[5,10,18,22,27,31,44,47],"killed_by":"The Heart","ascension_level":0}}