{"host":"2se5dq1do2gp0x9k","time":1609137905,"event":{"mods":["AchievementEnabler","BaseMod","Block Reminder","Colored Map","Colored Powertips","Minty Spire (QoL Compilation)","Relic Stats","StSLib","SuperFastMode"],"gold_per_floor":[115,190,190,205,219,219,50,50,50,85,85,102,167,177,177,250,250,266,1,1,18,18,18],"floor_reached":22,"playtime":547,"items_purged":["Bash"],"score":368,"play_id":"8a0a5bdc-3f34-42d7-90a1-a8338ca5b58b","local_time":"20201227224505","is_ascension_mode":true,"campfire_choices":[{"data":"Pommel Strike","floor":6,"key":"SMITH"},{"data":"Limit Break","floor":8,"key":"SMITH"},{"floor":15,"key":"REST"}],"circlet_count":0,"master_deck":["AscendersBane","Strike_R","Strike_R","Strike_R","Strike_R","Strike_R","Defend_R","Defend_R","Defend_R","Defend_R","Perfected Strike","Pommel Strike","Pommel Strike+1","Inflame","Limit Break+1","Rage","Demon Form","Headbutt","Twin Strike","Feed","Ghostly Armor","Disarm","RitualDagger","Anger"],"relics":["Burning Blood","NeowsBlessing","Bag of Preparation","Lantern","Ancient Tea Set","Red Skull","The Courier","Black Star","Toolbox"],"acts_visited":["Exordium","TheCity"],"potions_floor_usage":[10,16],"damage_taken":[{"damage":0,"enemies":"Small Slimes","floor":1,"turns":1},{"damage":0,"enemies":"2 Louse","floor":4,"turns":1},{"damage":0,"enemies":"Jaw Worm","floor":5,"turns":1},{"damage":20,"enemies":"Lagavulin","floor":10,"turns":5},{"damage":6,"enemies":"Looter","floor":12,"turns":2},{"damage":34,"enemies":"3 Sentries","floor":13,"turns":7},{"damage":2,"enemies":"Large Slime","floor":14,"turns":4},{"damage":32,"enemies":"The Guardian","floor":16,"turns":6},{"damage":55,"enemies":"3 Byrds","floor":18,"turns":6},{"damage":5,"enemies":"Chosen","floor":21,"turns":3}],"seed_played":"3876916391439032255","potions_obtained":[{"floor":4,"key":"LiquidMemories"},{"floor":14,"key":"DistilledChaos"},{"floor":16,"key":"ElixirPotion"}],"is_trial":false,"path_per_floor":["M","?","?","M","M","R","$","R","T","E","T","M","?","M","R","B",null,"M","$","?","M","?"],"character_chosen":"IRONCLAD","items_purchased":["Inflame","Limit Break","Toolbox","Disarm"],"campfire_rested":1,"item_purchase_floors":[7,7,19,19],"current_hp_per_floor":[74,63,45,51,57,57,57,57,57,43,43,43,15,19,41,15,60,14,14,8,9,0,0],"gold":18,"neow_bonus":"THREE_ENEMY_KILL","is_daily":false,"chose_seed":false,"campfire_upgraded":2,"win_rate":0.0,"timestamp":1609137905,"path_taken":["M","?","?","M","M","R","?","R","T","E","?","M","?","?","R","BOSS","M","$","?","M","?"],"items_purchased_type":["Card","Card","Relic","Card"],"build_version":"2020-12-22","purchased_purges":1,"victory":false,"max_hp_per_floor":[75,75,75,75,75,75,75,75,75,75,75,75,75,75,75,75,75,78,78,78,78,78,78],"relic_stats":{"counters":[10,36],"Bag of Preparation":[18],"Black Star":0,"obtain_stats":[{"Lantern":9,"NeowsBlessing":0,"Toolbox":19,"The Courier":13,"Bag of Preparation":3,"Black Star":17,"Ancient Tea Set":10,"Burning Blood":0,"Red Skull":11},{"Lantern":3,"NeowsBlessing":0,"Toolbox":9,"The Courier":5,"Bag of Preparation":1,"Black Star":8,"Ancient Tea Set":4,"Burning Blood":0,"Red Skull":4},{"Lantern":3,"NeowsBlessing":0,"Toolbox":33,"The Courier":10,"Bag of Preparation":1,"Black Star":27,"Ancient Tea Set":8,"Burning Blood":0,"Red Skull":8}],"Burning Blood":60},"card_choices":[{"not_picked":["Sword Boomerang","Warcry"],"picked":"Perfected Strike","floor":1},{"not_picked":["Power Through","Headbutt"],"picked":"Pommel Strike","floor":4},{"not_picked":["Perfected Strike","Iron Wave"],"picked":"Pommel Strike","floor":5},{"not_picked":["Searing Blow","Reckless Charge"],"picked":"Rage","floor":10},{"not_picked":["Anger","Sword Boomerang"],"picked":"Demon Form","floor":12},{"not_picked":["Armaments","Feel No Pain"],"picked":"Headbutt","floor":13},{"not_picked":["Infernal Blade","Blood for Blood"],"picked":"Twin Strike","floor":14},{"not_picked":["Limit Break","Demon Form"],"picked":"Feed","floor":16},{"not_picked":["Anger","Spot Weakness"],"picked":"Ghostly Armor","floor":18},{"not_picked":["Sentinel","Spot Weakness"],"picked":"Anger","floor":21}],"player_experience":3626713,"relics_obtained":[{"floor":9,"key":"Lantern"},{"floor":10,"key":"Ancient Tea Set"},{"floor":11,"key":"Red Skull"}],"event_choices":[{"damage_healed":0,"gold_gain":75,"player_choice":"Gather Gold","damage_taken":11,"max_hp_gain":0,"max_hp_loss":0,"event_name":"World of Goop","floor":2,"gold_loss":0},{"damage_healed":0,"gold_gain":0,"player_choice":"Success","damage_taken":18,"relics_obtained":["Bag of Preparation"],"max_hp_gain":0,"max_hp_loss":0,"event_name":"Scrap Ooze","floor":3,"gold_loss":0},{"damage_healed":0,"gold_gain":0,"player_choice":"Searched \u00272\u0027 times","damage_taken":0,"relics_obtained":["The Courier"],"max_hp_gain":0,"max_hp_loss":0,"event_name":"Dead Adventurer","floor":13,"gold_loss":0},{"damage_healed":0,"gold_gain":0,"player_choice":"Joined the Cult","damage_taken":6,"max_hp_gain":0,"max_hp_loss":0,"event_name":"Nest","floor":20,"gold_loss":0,"cards_obtained":["RitualDagger"]},{"damage_healed":0,"gold_gain":0,"player_choice":"Damaged","damage_taken":11,"max_hp_gain":0,"max_hp_loss":0,"event_name":"Wheel of Change","floor":22,"gold_loss":0}],"is_beta":false,"boss_relics":[{"not_picked":["SacredBark","Pandora\u0027s Box"],"picked":"Black Star"}],"items_purged_floors":[19],"is_endless":false,"potions_floor_spawned":[4,14,16],"ascension_level":20}}