{"host":"f5gffvlv6a66yqkd","time":1609137952,"event":{"mods":["2.2 Compatiblity","BaseMod","Colored Map","DeckTracker","Keyboard Shortcuts","Lobotomy","Minty Spire (QoL Compilation)","Permanent Neow","Quick Restart","Relic Stats","StSLib","SuperFastMode"],"gold_per_floor":[112,112,112,125,144,144,176,176,176,176,188,188,206,206,206,305,305,321,236,236,336,350,376,390,401,401,401,17,27,27,46,46,150,150,150,167,167,167],"floor_reached":37,"playtime":1740,"items_purged":[],"score":461,"play_id":"c1f13917-fce9-408d-aaee-fd546824944b","local_time":"20201228154552","is_ascension_mode":true,"campfire_choices":[{"data":"Recycle","floor":6.0,"key":"SMITH"},{"data":"Aggregate","floor":8.0,"key":"SMITH"},{"data":"Zap","floor":10.0,"key":"SMITH"},{"data":"Dualcast","floor":12.0,"key":"SMITH"},{"data":"Defragment","floor":15.0,"key":"SMITH"},{"data":"Chaos","floor":27,"key":"SMITH"},{"data":"Rainbow","floor":30,"key":"SMITH"},{"data":"Redo","floor":32,"key":"SMITH"}],"circlet_count":0,"master_deck":["Strike_B+1","Strike_B+1","Defend_B","Defend_B","Defend_B","Defend_B","Dualcast+1","BeautyBeast","Gash","Glacier","OSAHOGD","OldLady","Recycle+1","DreamingCurrent","Aggregate+1","Turbo","BodiesMountain","Defragment+1","Scorched","Rainbow+1","Mercenary","Skim+1","UniverseFragment","Redo+1","HappyTeddy","Turbo","MeltingLove","Conserve Battery+1","GalaxyChild","Chaos+1","Seek","LittleHelper","Ball Lightning+1","Undo+1","RedShoes","Biased Cognition","CurseOfTheBell","HeroicMonk","Chill+1"],"relics":["FrozenCore","CogitoBucket","Pear","HornCleat","LuminousBracelet","Eternal Feather","Ginger","Darkstone Periapt","HellTrain","White Beast Statue","Cables","Calling Bell","Lantern","Matryoshka","WingedGreaves"],"acts_visited":["Exordium","TheCity","TheBeyond"],"potions_floor_usage":[31,33,35],"damage_taken":[{"damage":0.0,"enemies":"Small Slimes","floor":1.0,"turns":3.0},{"damage":1.0,"enemies":"Jaw Worm","floor":4.0,"turns":4.0},{"damage":0.0,"enemies":"Cultist","floor":5.0,"turns":3.0},{"damage":15.0,"enemies":"Lagavulin","floor":7.0,"turns":7.0},{"damage":21.0,"enemies":"Gremlin Gang","floor":11.0,"turns":4.0},{"damage":15.0,"enemies":"Exordium Thugs","floor":13.0,"turns":6.0},{"damage":66.0,"enemies":"Slime Boss","floor":16.0,"turns":21.0},{"damage":88.0,"enemies":"3 Byrds","floor":18.0,"turns":11.0},{"damage":16,"enemies":"2 Thieves","floor":22,"turns":4},{"damage":11,"enemies":"Slavers","floor":23,"turns":6},{"damage":134,"enemies":"Centurion and Healer","floor":24,"turns":16},{"damage":27,"enemies":"Snecko","floor":25,"turns":5},{"damage":6,"enemies":"3 Cultists","floor":29,"turns":4},{"damage":4,"enemies":"Sentry and Sphere","floor":31,"turns":3},{"damage":115,"enemies":"Collector","floor":33,"turns":9},{"damage":2,"enemies":"Orb Walker","floor":35,"turns":2},{"damage":9,"enemies":"3 Shapes","floor":36,"turns":5}],"seed_played":"5038786890564759883","potions_obtained":[{"floor":4.0,"key":"Fire Potion"},{"floor":13.0,"key":"SpeedPotion"},{"floor":24,"key":"GamblersBrew"},{"floor":29,"key":"Fruit Juice"},{"floor":31,"key":"Energy Potion"},{"floor":33,"key":"SmokeBomb"},{"floor":36,"key":"SkillPotion"}],"is_trial":false,"path_per_floor":["M","?","?","M","M","R","E","R","T","R","M","R","M","T","R","B",null,"M","?","?","?","M","E","M","M","T","R","$","M","R","M","R","B",null,"M","M","M"],"character_chosen":"DEFECT","items_purchased":["Seek","Cables"],"campfire_rested":0,"item_purchase_floors":[28,28],"current_hp_per_floor":[75,60,60,59,59,59,54,54,54,54,33,33,45,45,54,38,100,90,90,90,90,90,90,80,61,61,79,79,77,80,85,85,23,91,91,82,0,0],"gold":167,"neow_bonus":"","is_daily":false,"chose_seed":false,"campfire_upgraded":8,"win_rate":0.0,"timestamp":1609137952,"path_taken":["M","?","?","?","?","R","E","R","T","R","M","R","M","?","R","BOSS","M","?","?","?","M","E","M","M","T","R","?","?","R","M","R","BOSS","M","M","M"],"items_purchased_type":["Card","Relic"],"build_version":"2020-12-22","purchased_purges":0,"victory":false,"max_hp_per_floor":[75,75,75,75,75,75,85,85,85,85,85,85,100,100,100,100,100,90,90,90,90,90,90,80,80,80,80,80,80,80,85,85,85,91,91,91,91,91],"relic_stats":{"Darkstone Periapt":6,"counters":[21,121],"Eternal Feather":30,"Ginger":[5],"obtain_stats":[{"Darkstone Periapt":23,"Lantern":34,"Pear":7,"LuminousBracelet":13,"Eternal Feather":14,"Ginger":19,"White Beast Statue":26,"FrozenCore":17,"Cables":28,"Calling Bell":34,"CogitoBucket":0,"HornCleat":9,"Matryoshka":34,"WingedGreaves":34,"HellTrain":24,"Cracked Core":0},{"Darkstone Periapt":11,"Lantern":17,"Pear":4,"LuminousBracelet":7,"Eternal Feather":7,"Ginger":9,"White Beast Statue":14,"FrozenCore":8,"Cables":14,"Calling Bell":17,"CogitoBucket":0,"HornCleat":4,"Matryoshka":17,"WingedGreaves":17,"HellTrain":13,"Cracked Core":0},{"Darkstone Periapt":70,"Lantern":108,"Pear":17,"LuminousBracelet":28,"Eternal Feather":28,"Ginger":60,"White Beast Statue":92,"FrozenCore":49,"Cables":92,"Calling Bell":108,"CogitoBucket":0,"HornCleat":17,"Matryoshka":108,"WingedGreaves":108,"HellTrain":87,"Cracked Core":0}],"FrozenCore":[15],"Cables":[23,3,15,0,5]},"card_choices":[{"not_picked":["MeatLantern","SpiderBud"],"picked":"BeautyBeast","floor":1.0},{"not_picked":["Compile Driver","Leap"],"picked":"Gash","floor":1.0},{"not_picked":["LongBird","UniverseFragment"],"picked":"OSAHOGD","floor":4.0},{"not_picked":["Scrape","Compile Driver"],"picked":"Melter","floor":4.0},{"not_picked":["Scorched","VoidDream"],"picked":"OldLady","floor":5.0},{"not_picked":["Ball Lightning","Force Field"],"picked":"Recycle","floor":5.0},{"not_picked":["MeatLantern","Wellcheers"],"picked":"DreamingCurrent","floor":7.0},{"not_picked":["Compile Driver","Stack"],"picked":"Aggregate","floor":7.0},{"not_picked":["Blizzard","Heatsinks"],"picked":"Turbo","floor":11.0},{"not_picked":["ShyLook","WallGazer"],"picked":"BodiesMountain","floor":13.0},{"not_picked":["Streamline","Stack"],"picked":"Defragment","floor":13.0},{"not_picked":["FairyFestival","Alriune"],"picked":"Scorched","floor":16.0},{"not_picked":["Reboot","All For One"],"picked":"Rainbow","floor":16.0},{"not_picked":["CherryBlossoms","DespairKnight"],"picked":"Mercenary","floor":18.0},{"not_picked":["Sweeping Beam+1","Compile Driver"],"picked":"Skim+1","floor":18.0},{"not_picked":["Scarecrow","LittlePrince"],"picked":"UniverseFragment","floor":22},{"not_picked":["Conserve Battery","White Noise"],"picked":"Redo","floor":22},{"not_picked":["Murderer","LittlePrince"],"picked":"HappyTeddy","floor":23},{"not_picked":["Barrage","Leap+1"],"picked":"Turbo","floor":23},{"not_picked":["NakedNest","Rudolta"],"picked":"MeltingLove","floor":24},{"not_picked":["FTL","Hello World+1"],"picked":"Conserve Battery+1","floor":24},{"not_picked":["ShyLook","CrumblingArmor"],"picked":"GalaxyChild","floor":25},{"not_picked":["Compile Driver","Cold Snap"],"picked":"Chaos","floor":25},{"not_picked":["BigBird","SnowQueen"],"picked":"LittleHelper","floor":29},{"not_picked":["Sweeping Beam","Rebound"],"picked":"Ball Lightning+1","floor":29},{"not_picked":["Cold Snap","Ball Lightning"],"picked":"Undo+1","floor":31},{"not_picked":["NakedNest","Funeral"],"picked":"RedShoes","floor":33},{"not_picked":["Machine Learning","Amplify"],"picked":"Biased Cognition","floor":33},{"not_picked":["QueenOfHatred","NakedNest"],"picked":"HeroicMonk","floor":36},{"not_picked":["Loop+1","Stack+1"],"picked":"Chill+1","floor":36}],"player_experience":1500080,"relics_obtained":[{"floor":7.0,"key":"Pear"},{"floor":9.0,"key":"HornCleat"},{"floor":14.0,"key":"Eternal Feather"},{"floor":23,"key":"Darkstone Periapt"},{"floor":26,"key":"White Beast Statue"},{"floor":34,"key":"Lantern"},{"floor":34,"key":"Matryoshka"},{"floor":34,"key":"WingedGreaves"}],"event_choices":[{"damage_healed":0.0,"max_hp_gain":0.0,"max_hp_loss":0.0,"gold_gain":0.0,"event_name":"Shining Light","player_choice":"Entered Light","floor":2.0,"gold_loss":0.0,"damage_taken":15.0,"cards_upgraded":["Strike_B","Strike_B"]},{"damage_healed":0.0,"max_hp_gain":0.0,"max_hp_loss":0.0,"gold_gain":0.0,"cards_transformed":["Strike_B"],"event_name":"Transmorgrifier","player_choice":"Transformed","floor":3.0,"gold_loss":0.0,"damage_taken":0.0,"cards_obtained":["Glacier"]},{"damage_healed":0.0,"max_hp_gain":0.0,"max_hp_loss":0.0,"gold_gain":0.0,"event_name":"Addict","player_choice":"Obtained Relic","floor":19.0,"gold_loss":85.0,"damage_taken":0.0,"relics_obtained":["Ginger"]},{"damage_healed":0.0,"max_hp_gain":0.0,"max_hp_loss":0.0,"gold_gain":0.0,"event_name":"Vampires","player_choice":"Ignored","floor":20.0,"gold_loss":0.0,"damage_taken":0.0},{"damage_healed":0.0,"max_hp_gain":0.0,"max_hp_loss":0.0,"gold_gain":100.0,"event_name":"Golden Shrine","player_choice":"Pray","floor":21.0,"gold_loss":0.0,"damage_taken":0.0}],"is_beta":false,"boss_relics":[{"not_picked":["Snecko Eye","Velvet Choker"],"picked":"FrozenCore"},{"not_picked":["Inserter","Fusion Hammer"],"picked":"Calling Bell"}],"items_purged_floors":[],"is_endless":false,"potions_floor_spawned":[4,13,24,29,31,33,35,36],"killed_by":"Sphere and 2 Shapes","ascension_level":1}}