{"host":"cxvet2awney1vbzu","time":1609120489,"event":{"mods":["AchievementEnabler","BaseMod","Colored Powertips","Highlight Path","Minty Spire (QoL Compilation)","Quick Restart","StSLib"],"gold_per_floor":[359,359,97,120,100,139,164,178,203,218,237,252,252,252],"floor_reached":13,"playtime":766,"items_purged":["Strike_G"],"score":93,"play_id":"78b79c48-5028-41eb-98f0-c38c61f77cc2","local_time":"20201228015449","is_ascension_mode":true,"campfire_choices":[],"circlet_count":0,"master_deck":["Strike_G","Strike_G","Strike_G","Strike_G","Defend_G","Defend_G","Defend_G","Defend_G","Defend_G","Survivor","Neutralize","Underhanded Strike","Slice","Adrenaline","Cloak And Dagger","Dagger Throw","Acrobatics","Skewer","Venomology"],"relics":["Ring of the Snake","Golden Idol","Bag of Preparation","Nunchaku"],"acts_visited":["Exordium"],"potions_floor_usage":[13,13],"damage_taken":[{"damage":3.0,"enemies":"Jaw Worm","floor":1.0,"turns":5.0},{"damage":0.0,"enemies":"Small Slimes","floor":4.0,"turns":2.0},{"damage":20.0,"enemies":"Gremlin Nob","floor":6.0,"turns":5.0},{"damage":0.0,"enemies":"Cultist","floor":7.0,"turns":2.0},{"damage":0.0,"enemies":"Exordium Wildlife","floor":8.0,"turns":3.0},{"damage":0.0,"enemies":"Large Slime","floor":10.0,"turns":2.0},{"damage":0,"enemies":"Lots of Slimes","floor":11,"turns":4},{"damage":0,"enemies":"Red Slaver","floor":12,"turns":3},{"damage":15,"enemies":"Lagavulin","floor":13,"turns":3}],"seed_played":"7878537505238029663","potions_obtained":[{"floor":1.0,"key":"SpeedPotion"},{"floor":5.0,"key":"EssenceOfSteel"},{"floor":7.0,"key":"FearPotion"},{"floor":8.0,"key":"Explosive Potion"},{"floor":12,"key":"Ancient Potion"}],"is_trial":false,"path_per_floor":["M","?","$","M","?","E","M","M","T","M","M","M","E"],"character_chosen":"THE_SILENT","items_purchased":["Slice","Adrenaline"],"campfire_rested":0,"item_purchase_floors":[3,3],"current_hp_per_floor":[46,29,29,29,29,9,9,9,9,9,9,9,0,0],"gold":252,"neow_bonus":"TWO_FIFTY_GOLD","is_daily":false,"chose_seed":false,"campfire_upgraded":0,"win_rate":0.0,"timestamp":1609120489,"path_taken":["M","?","$","M","?","E","M","M","T","?","M","M","E"],"items_purchased_type":["Card","Card"],"build_version":"2020-12-22","purchased_purges":1,"victory":false,"max_hp_per_floor":[70,70,70,70,70,70,70,70,70,70,70,70,70,70],"card_choices":[{"not_picked":["Quick Slash","Predator"],"picked":"Underhanded Strike","floor":1.0},{"not_picked":["Flying Knee","Dagger Spray"],"picked":"Cloak And Dagger","floor":4.0},{"not_picked":["Bullet Time","Blur"],"picked":"Dagger Throw","floor":6.0},{"not_picked":["Reflex","Cloak And Dagger"],"picked":"Acrobatics","floor":7.0},{"not_picked":["Distraction","Flying Knee","Dagger Throw"],"picked":"SKIP","floor":8.0},{"not_picked":["Expertise","Prepared"],"picked":"Skewer","floor":10.0},{"not_picked":["Slice","Prepared","Concentrate"],"picked":"SKIP","floor":11},{"not_picked":["Endless Agony","Leg Sweep"],"picked":"Venomology","floor":12}],"player_experience":412826,"relics_obtained":[{"floor":6.0,"key":"Bag of Preparation"},{"floor":9.0,"key":"Nunchaku"}],"event_choices":[{"damage_healed":0.0,"max_hp_gain":0.0,"max_hp_loss":0.0,"gold_gain":0.0,"event_name":"Golden Idol","player_choice":"Take Damage","floor":2.0,"gold_loss":0.0,"damage_taken":17.0,"relics_obtained":["Golden Idol"]},{"damage_healed":0.0,"max_hp_gain":0.0,"max_hp_loss":0.0,"gold_gain":0.0,"event_name":"The Woman in Blue","player_choice":"Bought 1 Potion","floor":5.0,"gold_loss":0.0,"damage_taken":0.0}],"is_beta":false,"boss_relics":[],"items_purged_floors":[3],"is_endless":false,"potions_floor_spawned":[1,7,8,12],"killed_by":"Lagavulin","ascension_level":1}}