{"host":"q2l6xtlpu05lrop8","time":1609127943,"event":{"mods":["AchievementEnabler","BaseMod","Colored Map","Googly Eyes","Minty Spire (QoL Compilation)","Slay the Streamer","StSLib","The IronCluck","slay the spire mod where everything is the same but ironclad has a cowboy hat"],"gold_per_floor":[116,130,146,162,177,212,17,17,17,17,17,17,17,17,42,42,117,117,97,97,147,147,147,147,147,19,19,19,19,51,67,67,99,99,175,175,188,188,26,26,37,37,72,86,112,112,112,122,148,148,48,48,48],"floor_reached":54,"playtime":4405,"items_purged":["Writhe","Dagger Spray"],"score":1397,"play_id":"4f4ac40c-54d8-4575-9906-2dfcb7a4c208","local_time":"20201227195903","is_ascension_mode":true,"campfire_choices":[{"floor":8,"key":"REST"},{"data":"Apotheosis","floor":11,"key":"SMITH"},{"floor":14,"key":"REST"},{"data":"Noxious Fumes","floor":16,"key":"SMITH"},{"floor":24,"key":"REST"},{"floor":34,"key":"REST"},{"floor":42,"key":"REST"},{"floor":47,"key":"REST"},{"floor":50,"key":"REST"},{"floor":52,"key":"REST"}],"circlet_count":0,"master_deck":["AscendersBane","Blade Dance","Wraith Form v2","Accuracy+1","Cloak And Dagger","Noxious Fumes+1","Cloak And Dagger","Backflip","Escape Plan","Deadly Poison","Backflip","Discovery","Tactician","Quick Slash","Blade Dance","Deflect","Reflex","Apotheosis+1","Bane","A Thousand Cuts","Prepared","Necronomicurse","PiercingWail","Cloak And Dagger","Deflect","After Image","Deadly Poison","Well Laid Plans+1","Acrobatics+1","Cloak And Dagger+1","Concentrate+1"],"relics":["Ring of the Snake","Kunai","Black Star","Necronomicon","Tiny Chest","The Specimen","Torii","Bottled Tornado","Calipers","StoneCalendar","SlaversCollar","Toxic Egg 2","Nunchaku","Juzu Bracelet","Bag of Preparation","Oddly Smooth Stone","Mercury Hourglass","Bottled Lightning"],"acts_visited":["Exordium","TheCity","TheBeyond"],"potions_floor_usage":[5,30,33,44,49,53,53],"damage_taken":[{"damage":0.0,"enemies":"Cultist","floor":1.0,"turns":3.0},{"damage":5.0,"enemies":"2 Louse","floor":2.0,"turns":3.0},{"damage":0.0,"enemies":"Small Slimes","floor":3.0,"turns":4.0},{"damage":13,"enemies":"Blue Slaver","floor":4,"turns":3},{"damage":6,"enemies":"Exordium Wildlife","floor":5,"turns":4},{"damage":6,"enemies":"3 Sentries","floor":6,"turns":6},{"damage":0,"enemies":"Lagavulin","floor":15,"turns":3},{"damage":4,"enemies":"The Guardian","floor":17,"turns":7},{"damage":9,"enemies":"2 Thieves","floor":19,"turns":4},{"damage":14,"enemies":"Book of Stabbing","floor":30,"turns":7},{"damage":0,"enemies":"Spheric Guardian","floor":31,"turns":3},{"damage":33,"enemies":"Slavers","floor":33,"turns":4},{"damage":25,"enemies":"Automaton","floor":35,"turns":7},{"damage":20,"enemies":"Orb Walker","floor":37,"turns":5},{"damage":30,"enemies":"3 Darklings","floor":41,"turns":7},{"damage":0,"enemies":"Giant Head","floor":43,"turns":6},{"damage":10,"enemies":"Spire Growth","floor":44,"turns":5},{"damage":43,"enemies":"4 Shapes","floor":48,"turns":5},{"damage":8,"enemies":"Reptomancer","floor":49,"turns":5},{"damage":41,"enemies":"Donu and Deca","floor":53,"turns":8}],"seed_played":"-696665179308470118","potions_obtained":[{"floor":2.0,"key":"Energy Potion"},{"floor":5,"key":"SneckoOil"},{"floor":15,"key":"EssenceOfSteel"},{"floor":17,"key":"CultistPotion"},{"floor":41,"key":"SpeedPotion"},{"floor":43,"key":"DistilledChaos"},{"floor":48,"key":"Explosive Potion"},{"floor":49,"key":"Swift Potion"}],"is_trial":false,"path_per_floor":["M","M","M","M","M","E","$","R","T","T","R","?","?","R","E","R","B",null,"M","?","?","$","?","R","$","$","T","T","$","E","M","?","E","R","B",null,"M","T","$","?","M","R","E","M","T","T","R","M","E","R","$","R","B",null],"character_chosen":"THE_SILENT","items_purchased":["Apotheosis","PiercingWail","Nunchaku"],"campfire_rested":8,"item_purchase_floors":[7,26,39],"current_hp_per_floor":[59,54,54,41,35,29,29,48,48,48,48,48,48,66,66,66,62,65,56,35,35,35,35,54,54,54,54,54,54,40,40,40,7,26,1,50,30,30,30,66,36,55,55,45,45,45,64,21,13,32,32,51,10],"gold":48,"neow_bonus":"RANDOM_COLORLESS","is_daily":false,"chose_seed":false,"campfire_upgraded":2,"win_rate":0.0,"timestamp":1609127943,"path_taken":["M","M","M","M","M","E","?","R","T","R","?","?","R","E","R","BOSS","M","?","?","$","?","R","?","$","T","$","E","?","?","E","R","BOSS","M","?","?","?","M","R","E","M","T","R","M","E","R","$","R","BOSS"],"items_purchased_type":["Card","Card","Relic"],"build_version":"2020-12-22","purchased_purges":2,"victory":true,"max_hp_per_floor":[66,66,66,66,66,66,66,66,66,66,66,66,66,66,66,66,66,66,66,66,66,66,66,66,66,66,66,66,66,66,66,66,66,66,66,66,66,66,66,66,66,66,66,66,66,66,66,66,66,66,66,66,66],"card_choices":[{"not_picked":["Flash of Steel","Mind Blast"],"picked":"Discovery","floor":0.0},{"not_picked":["All Out Attack","Dodge and Roll"],"picked":"Tactician","floor":1.0},{"not_picked":["Setup","Outmaneuver"],"picked":"Quick Slash","floor":2.0},{"not_picked":["Sucker Punch","Backflip"],"picked":"Blade Dance","floor":4},{"not_picked":["Quick Slash","Dash"],"picked":"Deflect","floor":5},{"not_picked":["After Image","Predator"],"picked":"Reflex","floor":6},{"not_picked":["Slice","PiercingWail"],"picked":"Bane","floor":15},{"not_picked":["Adrenaline","Wraith Form v2"],"picked":"A Thousand Cuts","floor":17},{"not_picked":["Deflect","Crippling Poison"],"picked":"Prepared","floor":19},{"not_picked":["Finisher+1","Quick Slash"],"picked":"Bouncing Flask","floor":30},{"not_picked":["Prepared","All Out Attack"],"picked":"Cloak And Dagger","floor":31},{"not_picked":["Cloak And Dagger","Dash"],"picked":"Deflect","floor":33},{"not_picked":["Night Terror","Storm of Steel"],"picked":"After Image","floor":35},{"not_picked":["Slice","Outmaneuver"],"picked":"Deadly Poison","floor":37},{"not_picked":["PiercingWail+1","Dagger Throw"],"picked":"Dagger Spray","floor":41},{"not_picked":["Outmaneuver+1","Underhanded Strike"],"picked":"Well Laid Plans+1","floor":43},{"not_picked":["Catalyst+1","Deflect+1"],"picked":"Acrobatics+1","floor":44},{"not_picked":["Flying Knee","Caltrops+1"],"picked":"Cloak And Dagger+1","floor":48},{"not_picked":["Riddle With Holes","Quick Slash"],"picked":"Concentrate+1","floor":49}],"player_experience":786309,"relics_obtained":[{"floor":6,"key":"Kunai"},{"floor":20,"key":"Necronomicon"},{"floor":27,"key":"The Specimen"},{"floor":30,"key":"Torii"},{"floor":30,"key":"Bottled Tornado"},{"floor":33,"key":"Calipers"},{"floor":33,"key":"StoneCalendar"},{"floor":38,"key":"Toxic Egg 2"},{"floor":43,"key":"Juzu Bracelet"},{"floor":43,"key":"Bag of Preparation"},{"floor":45,"key":"Oddly Smooth Stone"},{"floor":49,"key":"Mercury Hourglass"},{"floor":49,"key":"Bottled Lightning"}],"event_choices":[{"damage_healed":0,"gold_gain":0,"player_choice":"Ignored","damage_taken":0,"max_hp_gain":0,"max_hp_loss":0,"event_name":"Shining Light","floor":12,"gold_loss":0},{"damage_healed":0,"gold_gain":0,"player_choice":"Ignored","damage_taken":0,"max_hp_gain":0,"max_hp_loss":0,"event_name":"Liars Game","floor":13,"gold_loss":0},{"damage_healed":0,"gold_gain":0,"player_choice":"Obtained Book","damage_taken":21,"max_hp_gain":0,"max_hp_loss":0,"event_name":"Cursed Tome","floor":20,"gold_loss":0},{"damage_healed":0,"gold_gain":50,"player_choice":"Stole From Cult","damage_taken":0,"max_hp_gain":0,"max_hp_loss":0,"event_name":"Nest","floor":21,"gold_loss":0},{"damage_healed":0,"gold_gain":0,"player_choice":"Opened","damage_taken":0,"relics_obtained":["Tiny Chest"],"max_hp_gain":0,"max_hp_loss":0,"event_name":"The Mausoleum","floor":23,"gold_loss":0,"cards_obtained":["Writhe"]},{"damage_healed":0,"gold_gain":0,"player_choice":"Forge","damage_taken":0,"max_hp_gain":0,"max_hp_loss":0,"event_name":"Accursed Blacksmith","floor":32,"gold_loss":0,"cards_upgraded":["Accuracy"]},{"cards_removed":["Bouncing Flask"],"damage_healed":36,"gold_gain":0,"player_choice":"Offered Uncommon","damage_taken":0,"max_hp_gain":0,"max_hp_loss":0,"event_name":"Bonfire Elementals","floor":40,"gold_loss":0}],"is_beta":false,"boss_relics":[{"not_picked":["Astrolabe","Runic Dome"],"picked":"Black Star"},{"not_picked":["Empty Cage","Philosopher\u0027s Stone"],"picked":"SlaversCollar"}],"items_purged_floors":[26,51],"is_endless":false,"potions_floor_spawned":[2,5,15,17,19,41,43,48,49],"ascension_level":16}}