{"host":"640uue19m79c7wbt","time":1609135809,"event":{"mods":["BaseMod","Colored Map","Googly Eyes","Highlight Path","Minty Spire (QoL Compilation)","Quick Restart","StSLib"],"gold_per_floor":[110,35,310,6,26,26,59,59,85,96,109,120,147,165,165,268,268,284,484,496,456,472,472,472,472,472,472,45,45,59,75,75,75,75],"floor_reached":33,"playtime":1102,"items_purged":["Strike_G","Regret"],"score":481,"play_id":"90377906-5092-43fb-81c5-52e9c06a1678","local_time":"20201228011009","is_ascension_mode":true,"campfire_choices":[{"data":"Noxious Fumes","floor":6.0,"key":"SMITH"},{"data":"Bullet Time","floor":8.0,"key":"SMITH"},{"floor":15.0,"key":"REST"},{"floor":23.0,"key":"REST"},{"floor":25.0,"key":"REST"},{"data":"Catalyst","floor":27.0,"key":"SMITH"},{"data":"Burst","floor":29.0,"key":"SMITH"},{"floor":32.0,"key":"REST"}],"circlet_count":0,"master_deck":["Strike_G","Strike_G+1","Strike_G","Strike_G+1","Defend_G","Defend_G","Defend_G","Defend_G","Defend_G","Survivor","Neutralize","Noxious Fumes+1","Sadistic Nature","Catalyst+1","Well Laid Plans","Bane","Bullet Time+1","Crippling Poison","Terror","Glass Knife","Blade Dance","Burst+1","Dash","Backflip+1","PiercingWail","Panache","Perseverance+1","ThirdEye"],"relics":["Ring of the Snake","NeowsBlessing","The Specimen","Whetstone","Runic Pyramid","MutagenicStrength","WingedGreaves","PrismaticShard"],"acts_visited":["Exordium","TheCity"],"potions_floor_usage":[33],"damage_taken":[{"damage":0.0,"enemies":"Cultist","floor":1.0,"turns":1.0},{"damage":0.0,"enemies":"2 Louse","floor":5.0,"turns":1.0},{"damage":0.0,"enemies":"Lagavulin","floor":7.0,"turns":2.0},{"damage":6.0,"enemies":"Small Slimes","floor":10.0,"turns":3.0},{"damage":2.0,"enemies":"Blue Slaver","floor":11.0,"turns":4.0},{"damage":0.0,"enemies":"2 Fungi Beasts","floor":12.0,"turns":2.0},{"damage":38.0,"enemies":"Gremlin Nob","floor":13.0,"turns":5.0},{"damage":9.0,"enemies":"3 Louse","floor":14.0,"turns":3.0},{"damage":4.0,"enemies":"Slime Boss","floor":16.0,"turns":8.0},{"damage":44.0,"enemies":"2 Thieves","floor":18.0,"turns":4.0},{"damage":6.0,"enemies":"Chosen","floor":20.0,"turns":4.0},{"damage":13.0,"enemies":"Centurion and Healer","floor":22.0,"turns":6.0},{"damage":3.0,"enemies":"Cultist and Chosen","floor":30.0,"turns":3.0},{"damage":0.0,"enemies":"3 Cultists","floor":31.0,"turns":4.0},{"damage":26,"enemies":"Collector","floor":33,"turns":5}],"seed_played":"-7941369910354858082","potions_obtained":[{"floor":7.0,"key":"ColorlessPotion"},{"floor":10.0,"key":"Ancient Potion"},{"floor":12.0,"key":"Strength Potion"},{"floor":13.0,"key":"PowerPotion"},{"floor":21.0,"key":"Fruit Juice"},{"floor":21.0,"key":"FairyPotion"},{"floor":21.0,"key":"PowerPotion"},{"floor":30.0,"key":"Strength Potion"}],"is_trial":false,"path_per_floor":["M","$","?","$","M","R","E","R","T","M","M","M","E","M","R","B",null,"M","?","M","?","M","R","?","R","T","R","$","R","M","M","R","B"],"character_chosen":"THE_SILENT","items_purchased":["Sadistic Nature","Catalyst","Well Laid Plans","Panache","PrismaticShard"],"campfire_rested":4,"item_purchase_floors":[4,4,4,28,28],"current_hp_per_floor":[63,63,63,63,63,63,63,63,63,57,55,55,17,8,29,25,59,15,15,9,9,1,23,23,45,45,45,45,45,42,42,64,38,38],"gold":75,"neow_bonus":"THREE_ENEMY_KILL","is_daily":false,"chose_seed":false,"campfire_upgraded":4,"win_rate":0.0,"timestamp":1609135809,"path_taken":["M","?","?","$","M","R","E","R","T","M","?","M","E","M","R","BOSS","M","?","?","?","?","R","?","R","T","R","$","R","M","M","R","BOSS"],"items_purchased_type":["Card","Card","Card","Card","Relic"],"build_version":"2020-12-22","purchased_purges":2,"victory":false,"max_hp_per_floor":[70,70,70,70,70,70,70,70,70,70,70,70,70,70,70,70,70,70,70,70,70,75,75,75,75,75,75,75,75,75,75,75,75,75],"card_choices":[{"not_picked":["Cloak And Dagger","Expertise"],"picked":"Noxious Fumes","floor":1.0},{"not_picked":["Outmaneuver","Deflect"],"picked":"Bane","floor":5.0},{"not_picked":["Flying Knee","Dagger Spray"],"picked":"Bullet Time","floor":7.0},{"not_picked":["Outmaneuver","Cloak And Dagger"],"picked":"Crippling Poison","floor":10.0},{"not_picked":["Sucker Punch","Setup","Flying Knee"],"picked":"SKIP","floor":11.0},{"not_picked":["Well Laid Plans","Quick Slash"],"picked":"Terror","floor":12.0},{"not_picked":["Underhanded Strike","Concentrate"],"picked":"Glass Knife","floor":13.0},{"not_picked":["Cloak And Dagger","Slice"],"picked":"Blade Dance","floor":14.0},{"not_picked":["Adrenaline","Glass Knife"],"picked":"Burst","floor":16.0},{"not_picked":["Blade Dance","Dagger Spray"],"picked":"Dash","floor":18.0},{"not_picked":["Dodge and Roll","Eviscerate"],"picked":"Backflip+1","floor":20.0},{"not_picked":["Deadly Poison+1","Well Laid Plans"],"picked":"PiercingWail","floor":22.0},{"not_picked":["Deflect","Chill+1"],"picked":"Perseverance+1","floor":30.0},{"not_picked":["Body Slam","Swift Strike"],"picked":"ThirdEye","floor":31.0}],"player_experience":1238227,"relics_obtained":[{"floor":7.0,"key":"The Specimen"},{"floor":13.0,"key":"Whetstone"},{"floor":26.0,"key":"WingedGreaves"}],"event_choices":[{"damage_healed":0.0,"max_hp_gain":0.0,"max_hp_loss":0.0,"gold_gain":275.0,"event_name":"Golden Shrine","player_choice":"Desecrate","floor":3.0,"gold_loss":0.0,"damage_taken":0.0,"cards_obtained":["Regret"]},{"damage_healed":0.0,"max_hp_gain":0.0,"max_hp_loss":0.0,"gold_gain":250.0,"event_name":"The Joust","player_choice":"Bet on Owner","floor":19.0,"gold_loss":50.0,"damage_taken":0.0},{"damage_healed":0.0,"max_hp_gain":0.0,"max_hp_loss":0.0,"gold_gain":0.0,"event_name":"The Woman in Blue","player_choice":"Bought 3 Potions","floor":21.0,"gold_loss":0.0,"damage_taken":0.0},{"damage_healed":0.0,"max_hp_gain":0.0,"max_hp_loss":0.0,"gold_gain":0.0,"event_name":"Drug Dealer","player_choice":"Inject Mutagens","floor":24.0,"gold_loss":0.0,"damage_taken":0.0,"relics_obtained":["MutagenicStrength"]}],"is_beta":false,"boss_relics":[{"not_picked":["Ectoplasm","Tiny House"],"picked":"Runic Pyramid"}],"items_purged_floors":[2,28],"is_endless":false,"potions_floor_spawned":[7,10,12,13,30],"killed_by":"Collector","ascension_level":9}}