{"host":"nkolxg4se00n20yf","time":1609175452,"event":{"mods":["BaseMod","CatGirl Mod","Chen","Colored Map","Colored Powertips","Downfall","Friendly Minions","Infinite Spire","Kiyohime????","Marisa????????","Minty Spire (QoL Compilation)","StSLib","Td1madao Mod","The Administrix","The Cursed","The Exalted","The Hierophant","The Servant 0.9.4"],"gold_per_floor":[114,114,114,129,104,104,138,138,161,194,206,221,247,264,264,341,341,358,358,358,633,55,83,83,102,127,127,144,179,191,219,219,293,293,306,306,306,306,306,306,324,357,357,386,386,411,424,479,479,479],"floor_reached":51,"playtime":2729,"items_purged":["Regret"],"score":1581,"play_id":"beeae658-87e2-4020-98c1-87dcbe9eab41","local_time":"20201228181052","is_ascension_mode":true,"campfire_choices":[{"floor":6.0,"key":"REST"},{"floor":8.0,"key":"REST"},{"floor":15.0,"key":"REST"},{"floor":24.0,"key":"REST"},{"data":"Wraith Form v2","floor":27.0,"key":"SMITH"},{"floor":32.0,"key":"REST"},{"data":"infinitespire:NeuralNetwork","floor":40.0,"key":"SMITH"},{"floor":45.0,"key":"REST"},{"floor":49.0,"key":"REST"}],"circlet_count":0,"master_deck":["AscendersBane","Strike_G","Strike_G","Strike_G","Strike_G","Defend_G","Defend_G","Defend_G","Defend_G","Defend_G","Survivor","Neutralize","Poisoned Stab","Prepared","Slice","Flying Knee","Wraith Form v2+1","Sucker Punch","Corpse Explosion","Endless Agony","Venomology","Dagger Spray+1","Slimebound:CheckThePlaybook","Slimebound:Icky","Slice","Masterful Stab","Backstab","Finisher","Noxious Fumes","Die Die Die","CurseOfTheBell","Backflip+1","infinitespire:SealOfDarkness+","infinitespire:NeuralNetwork+1","Backstab","Endless Agony+1","Catalyst"],"relics":["Ring of the Serpent","Bromod:ArcaneAvenger","StrikeDummy","Akabeko","Juzu Bracelet","Bag of Preparation","StoneCalendar","infinitespire:Beetle Shell","ClockworkSouvenir","Happy Flower","Bromod:ArcaneNullifier","Bag of Marbles","Anchor","infinitespire:Bottled Soul","Bronze Scales","Calling Bell","Vajra","Ornamental Fan","infinitespire:Joker Card","The Courier","Bromod:ArcaneConsequence","Pantograph","Molten Egg 2","Ancient Tea Set","CatCart"],"acts_visited":["Exordium","TheCity","TheBeyond"],"potions_floor_usage":[50,50],"damage_taken":[{"damage":7.0,"enemies":"Jaw Worm","floor":1.0,"turns":5.0},{"damage":0.0,"enemies":"2 Louse","floor":4.0,"turns":2.0},{"damage":21.0,"enemies":"3 Sentries","floor":7.0,"turns":8.0},{"damage":12.0,"enemies":"Gremlin Nob","floor":10.0,"turns":4.0},{"damage":0.0,"enemies":"Cultist","floor":11.0,"turns":2.0},{"damage":0.0,"enemies":"2 Fungi Beasts","floor":12.0,"turns":4.0},{"damage":5.0,"enemies":"Lagavulin","floor":13.0,"turns":4.0},{"damage":3.0,"enemies":"3 Louse","floor":14.0,"turns":3.0},{"damage":36.0,"enemies":"The Guardian","floor":16.0,"turns":8.0},{"damage":3.0,"enemies":"2 Thieves","floor":18.0,"turns":3.0},{"damage":25.0,"enemies":"Book of Stabbing","floor":23.0,"turns":6.0},{"damage":2.0,"enemies":"Shell Parasite","floor":25.0,"turns":3.0},{"damage":2.0,"enemies":"Cultist and Chosen","floor":28.0,"turns":2.0},{"damage":0.0,"enemies":"Slavers","floor":29.0,"turns":1.0},{"damage":0.0,"enemies":"Centurion and Healer","floor":30.0,"turns":3.0},{"damage":14.0,"enemies":"Book of Stabbing","floor":31.0,"turns":3.0},{"damage":11.0,"enemies":"Automaton","floor":33.0,"turns":6.0},{"damage":1.0,"enemies":"3 Darklings","floor":35.0,"turns":4.0},{"damage":0.0,"enemies":"Orb Walker","floor":41.0,"turns":1.0},{"damage":0.0,"enemies":"Reptomancer","floor":42.0,"turns":6.0},{"damage":25.0,"enemies":"Giant Head","floor":44.0,"turns":7.0},{"damage":15.0,"enemies":"Reptomancer","floor":46.0,"turns":4.0},{"damage":1.0,"enemies":"3 Darklings","floor":47.0,"turns":3.0},{"damage":17.0,"enemies":"Orin","floor":48.0,"turns":8.0},{"damage":56,"enemies":"Time Eater","floor":50,"turns":9}],"seed_played":"-7106674191265017968","potions_obtained":[{"floor":4.0,"key":"Guardian:BlockOnCardUsePotion"},{"floor":10.0,"key":"Energy Potion"},{"floor":12.0,"key":"ColorlessPotion"},{"floor":14.0,"key":"SteroidPotion"},{"floor":16.0,"key":"BlessingOfTheForge"},{"floor":29.0,"key":"ColorlessPotion"},{"floor":31.0,"key":"Poison Potion"},{"floor":33.0,"key":"Regen Potion"},{"floor":38.0,"key":"GhostInAJar"}],"is_trial":false,"path_per_floor":["M","?","?","M","$","R","E","R","T","E","M","M","E","M","R","B",null,"M","?","?","?","$","E","R","M","T","R","M","E","M","E","R","B",null,"M","?","?","?","AVR","R","M","E","T","E","R","E","M","?","R","B",null],"character_chosen":"THE_SILENT","items_purchased":["Prepared","ClockworkSouvenir","Happy Flower","Bromod:ArcaneNullifier"],"campfire_rested":7,"item_purchase_floors":[5,22,22,22],"current_hp_per_floor":[37,26,26,26,26,45,24,43,43,31,31,31,26,23,42,6,51,48,48,61,61,61,36,55,53,53,53,51,51,51,37,56,45,61,60,60,60,60,60,60,60,60,60,35,54,39,38,21,40,9],"gold":479,"neow_bonus":"ONE_RARE_RELIC","is_daily":false,"chose_seed":false,"campfire_upgraded":2,"win_rate":0.0,"timestamp":1609175452,"path_taken":["M","?","?","M","$","R","E","R","T","E","M","M","E","M","R","BOSS","M","?","?","?","$","E","R","M","T","R","M","E","M","E","R","BOSS","M","?","?","?","AVR","R","M","E","T","E","R","E","M","?","R","BOSS"],"items_purchased_type":["Card","Relic","Relic","Relic"],"build_version":"2020-12-22","purchased_purges":1,"victory":true,"max_hp_per_floor":[66,66,66,66,66,66,66,66,66,66,66,66,66,66,66,66,66,66,66,66,66,66,66,66,66,66,66,66,66,66,66,66,66,66,66,66,66,66,66,66,66,66,66,66,66,66,66,66,66,66],"card_choices":[{"not_picked":["Bane","Deflect"],"picked":"Backflip","floor":1.0},{"not_picked":["Prepared","Cloak And Dagger"],"picked":"Poisoned Stab","floor":4.0},{"not_picked":["Eviscerate","Acrobatics"],"picked":"Slice","floor":7.0},{"not_picked":["Underhanded Strike","Acrobatics"],"picked":"Flying Knee","floor":10.0},{"not_picked":["Footwork","Slice"],"picked":"Wraith Form v2","floor":11.0},{"not_picked":["Blade Dance","Acrobatics"],"picked":"Sucker Punch","floor":12.0},{"not_picked":["Bullet Time","Crippling Poison"],"picked":"Corpse Explosion","floor":13.0},{"not_picked":["Concentrate","Blur"],"picked":"Endless Agony","floor":14.0},{"not_picked":["Wraith Form v2","Night Terror"],"picked":"Venomology","floor":16.0},{"not_picked":["Flechettes","Poisoned Stab"],"picked":"Dagger Spray+1","floor":18.0},{"not_picked":["Deflect","Flechettes"],"picked":"Slice","floor":23.0},{"not_picked":["Acrobatics","Bane"],"picked":"Masterful Stab","floor":25.0},{"not_picked":["Leg Sweep","Cloak And Dagger"],"picked":"Backstab","floor":28.0},{"not_picked":["Sucker Punch","Setup"],"picked":"Finisher","floor":29.0},{"not_picked":["Acrobatics","Bane+1"],"picked":"Noxious Fumes","floor":30.0},{"not_picked":["Predator","Concentrate","Dagger Throw"],"picked":"SKIP","floor":31.0},{"not_picked":["Unload","infinitespire:Neurotoxin"],"picked":"Die Die Die","floor":33.0},{"not_picked":["Outmaneuver","Calculated Gamble+1"],"picked":"Backflip+1","floor":35.0},{"not_picked":["Dash+1","Accuracy","Tactician+1"],"picked":"SKIP","floor":41.0},{"not_picked":["Distraction","Finisher"],"picked":"Backstab","floor":42.0},{"not_picked":["Blade Dance","Acrobatics","Poisoned Stab+1"],"picked":"SKIP","floor":44.0},{"not_picked":["Heel Hook+1","Outmaneuver"],"picked":"Endless Agony+1","floor":46.0},{"not_picked":["Prepared","Dodge and Roll+1"],"picked":"Catalyst","floor":47.0}],"player_experience":1064990,"relics_obtained":[{"floor":7.0,"key":"Juzu Bracelet"},{"floor":9.0,"key":"Bag of Preparation"},{"floor":10.0,"key":"StoneCalendar"},{"floor":13.0,"key":"infinitespire:Beetle Shell"},{"floor":23.0,"key":"Bag of Marbles"},{"floor":26.0,"key":"Anchor"},{"floor":29.0,"key":"infinitespire:Bottled Soul"},{"floor":31.0,"key":"Bronze Scales"},{"floor":34.0,"key":"Vajra"},{"floor":34.0,"key":"Ornamental Fan"},{"floor":34.0,"key":"infinitespire:Joker Card"},{"floor":42.0,"key":"Bromod:ArcaneConsequence"},{"floor":43.0,"key":"Pantograph"},{"floor":44.0,"key":"Molten Egg 2"},{"floor":46.0,"key":"Ancient Tea Set"},{"floor":48.0,"key":"CatCart"}],"event_choices":[{"damage_healed":0.0,"max_hp_gain":0.0,"max_hp_loss":0.0,"gold_gain":0.0,"event_name":"Scrap Ooze","player_choice":"Success","floor":2.0,"gold_loss":0.0,"damage_taken":11.0,"relics_obtained":["StrikeDummy"]},{"cards_removed":["Backflip"],"damage_healed":0.0,"max_hp_gain":0.0,"max_hp_loss":0.0,"gold_gain":0.0,"event_name":"WeMeetAgain","player_choice":"Gave Card","floor":3.0,"gold_loss":0.0,"damage_taken":0.0,"relics_obtained":["Akabeko"]},{"damage_healed":13.0,"max_hp_gain":0.0,"max_hp_loss":0.0,"gold_gain":0.0,"event_name":"The Library","player_choice":"Heal","floor":20.0,"gold_loss":0.0,"damage_taken":0.0},{"damage_healed":0.0,"max_hp_gain":0.0,"max_hp_loss":0.0,"gold_gain":275.0,"event_name":"Golden Shrine","player_choice":"Desecrate","floor":21.0,"gold_loss":0.0,"damage_taken":0.0,"cards_obtained":["Regret"]},{"cards_removed":["Strike_G"],"damage_healed":0.0,"max_hp_gain":0.0,"max_hp_loss":0.0,"gold_gain":0.0,"event_name":"Falling","player_choice":"Removed Attack","floor":36.0,"gold_loss":0.0,"damage_taken":0.0},{"damage_healed":0.0,"max_hp_gain":0.0,"max_hp_loss":0.0,"gold_gain":0.0,"event_name":"Tomb of Lord Red Mask","player_choice":"Ignored","floor":37.0,"gold_loss":0.0,"damage_taken":0.0},{"damage_healed":0.0,"max_hp_gain":0.0,"max_hp_loss":0.0,"gold_gain":0.0,"event_name":"Lab","player_choice":"Got Potions","floor":38.0,"gold_loss":0.0,"damage_taken":0.0},{"damage_healed":0.0,"max_hp_gain":0.0,"max_hp_loss":0.0,"gold_gain":0.0,"event_name":"OrinTheCat","player_choice":"Fight","floor":48.0,"gold_loss":0.0,"damage_taken":0.0}],"is_beta":false,"boss_relics":[{"not_picked":["Astrolabe","Ectoplasm"],"picked":"Ring of the Serpent"},{"not_picked":["SlaversCollar","infinitespire:Cupcake"],"picked":"Calling Bell"}],"items_purged_floors":[22],"is_endless":false,"potions_floor_spawned":[4,10,12,14,16,29,31,33,41,44,46,48],"ascension_level":16}}