{"host":"31s8hzukbhz1k6i6","time":1609194637,"event":{"mods":["BaseMod","Colored Map","Minty Spire (QoL Compilation)","Relic Stats","UnlockEverythingMod"],"gold_per_floor":[111,131,150,161,161,161,171,171,218,218,67,92,92,121,121,217,217,234,249,249,259,277,277,277,2,28,28,28],"floor_reached":27,"playtime":1004,"items_purged":["Bite"],"score":360,"play_id":"5d916572-cfdd-4d29-bc1f-3f9f9feecfea","local_time":"20201228143037","is_ascension_mode":true,"campfire_choices":[{"data":"A Thousand Cuts","floor":6.0,"key":"SMITH"},{"data":"Finisher","floor":8.0,"key":"SMITH"},{"data":"Die Die Die","floor":13.0,"key":"SMITH"},{"data":"Cloak And Dagger","floor":15.0,"key":"SMITH"},{"data":"Accuracy","floor":23,"key":"SMITH"}],"circlet_count":0,"master_deck":["AscendersBane","Defend_G","Defend_G","Defend_G","Defend_G+1","Defend_G","Survivor","Neutralize","A Thousand Cuts+1","Cloak And Dagger+1","Dash","Finisher+1","Accuracy+1","Die Die Die+1","Leg Sweep","Adrenaline","Acrobatics","Bite","Bite","Bite","Bite","Accuracy+1","Concentrate+1"],"relics":["Ring of the Snake","Bronze Scales","Whetstone","Sundial","Art of War","WristBlade","Enchiridion","Lantern","Strawberry"],"acts_visited":["Exordium","TheCity"],"potions_floor_usage":[],"damage_taken":[{"damage":0.0,"enemies":"Cultist","floor":1.0,"turns":5.0},{"damage":2.0,"enemies":"Jaw Worm","floor":2.0,"turns":6.0},{"damage":0.0,"enemies":"Small Slimes","floor":3.0,"turns":3.0},{"damage":2.0,"enemies":"Blue Slaver","floor":4.0,"turns":5.0},{"damage":0.0,"enemies":"Large Slime","floor":7.0,"turns":4.0},{"damage":7.0,"enemies":"Lagavulin","floor":12.0,"turns":6.0},{"damage":11.0,"enemies":"3 Sentries","floor":14.0,"turns":4.0},{"damage":4.0,"enemies":"Hexaghost","floor":16.0,"turns":7.0},{"damage":11.0,"enemies":"2 Thieves","floor":18.0,"turns":3.0},{"damage":0.0,"enemies":"Chosen","floor":19.0,"turns":3.0},{"damage":12.0,"enemies":"Snecko","floor":21.0,"turns":4.0},{"damage":25.0,"enemies":"Snake Plant","floor":22.0,"turns":5.0},{"damage":20,"enemies":"Book of Stabbing","floor":27,"turns":4}],"seed_played":"-4595791242914837590","potions_obtained":[{"floor":1.0,"key":"FearPotion"},{"floor":3.0,"key":"Poison Potion"},{"floor":7.0,"key":"BlessingOfTheForge"},{"floor":21.0,"key":"EntropicBrew"},{"floor":22.0,"key":"BlessingOfTheForge"}],"is_trial":false,"path_per_floor":["M","M","M","M","?","R","M","R","T","?","$","E","R","E","R","B",null,"M","M","?","M","M","R","?","$","T","E"],"character_chosen":"THE_SILENT","items_purchased":["Whetstone","Lantern","Dexterity Potion"],"campfire_rested":0,"item_purchase_floors":[11,25,25],"current_hp_per_floor":[63,61,61,59,45,45,45,45,45,45,45,38,38,27,27,23,58,47,47,47,41,24,24,8,8,15,0,0],"gold":28,"neow_bonus":"ONE_RANDOM_RARE_CARD","is_daily":false,"chose_seed":false,"campfire_upgraded":5,"win_rate":0.0,"timestamp":1609194637,"path_taken":["M","M","M","?","?","R","M","R","T","?","$","E","R","E","R","BOSS","M","M","?","M","M","R","?","$","T","E"],"items_purchased_type":["Relic","Relic","Potion"],"build_version":"2020-12-22","purchased_purges":1,"victory":false,"max_hp_per_floor":[70,70,70,70,70,70,70,70,70,70,70,70,70,70,70,70,70,70,70,49,49,49,49,49,49,56,56,56],"relic_stats":{"counters":[13,59],"Sundial":[4],"Bronze Scales":[114],"Art of War":[2],"Whetstone":["Strike_G","Strike_G"],"obtain_stats":[{"Lantern":25,"WristBlade":17,"Sundial":12,"Bronze Scales":9,"Strawberry":26,"Enchiridion":24,"Art of War":14,"Whetstone":11,"Ring of the Snake":0},{"Lantern":12,"WristBlade":8,"Sundial":6,"Bronze Scales":5,"Strawberry":12,"Enchiridion":12,"Art of War":7,"Whetstone":5,"Ring of the Snake":0},{"Lantern":55,"WristBlade":40,"Sundial":29,"Bronze Scales":23,"Strawberry":55,"Enchiridion":55,"Art of War":33,"Whetstone":23,"Ring of the Snake":0}],"Ring of the Snake":[26]},"card_choices":[{"not_picked":["Dodge and Roll","Underhanded Strike"],"picked":"Cloak And Dagger","floor":1.0},{"not_picked":["PiercingWail","Outmaneuver"],"picked":"Dash","floor":2.0},{"not_picked":["Acrobatics","Concentrate"],"picked":"Finisher","floor":3.0},{"not_picked":["Backflip","Dagger Throw","PiercingWail"],"picked":"SKIP","floor":4.0},{"not_picked":["Masterful Stab","Dodge and Roll"],"picked":"Accuracy","floor":7.0},{"not_picked":["Masterful Stab","Predator"],"picked":"Die Die Die","floor":12.0},{"not_picked":["Crippling Poison","Heel Hook"],"picked":"Leg Sweep","floor":14.0},{"not_picked":["Die Die Die","Tools of the Trade"],"picked":"Adrenaline","floor":16.0},{"not_picked":["Deflect","All Out Attack"],"picked":"Acrobatics","floor":18.0},{"not_picked":["Poisoned Stab","Dodge and Roll+1","Prepared"],"picked":"SKIP","floor":19.0},{"not_picked":["Bane+1","Underhanded Strike+1"],"picked":"Accuracy","floor":21.0},{"not_picked":["Flying Knee","Malaise"],"picked":"Concentrate+1","floor":22.0}],"player_experience":58647,"relics_obtained":[{"floor":9.0,"key":"Bronze Scales"},{"floor":12.0,"key":"Sundial"},{"floor":14.0,"key":"Art of War"},{"floor":24,"key":"Enchiridion"},{"floor":26,"key":"Strawberry"}],"event_choices":[{"damage_healed":0.0,"max_hp_gain":0.0,"max_hp_loss":0.0,"gold_gain":0.0,"event_name":"Shining Light","player_choice":"Entered Light","floor":5.0,"gold_loss":0.0,"damage_taken":14.0,"cards_upgraded":["Strike_G","Defend_G"]},{"damage_healed":0.0,"max_hp_gain":0.0,"max_hp_loss":0.0,"gold_gain":0.0,"event_name":"Living Wall","player_choice":"Grow","floor":10.0,"gold_loss":0.0,"damage_taken":0.0,"cards_upgraded":["Accuracy"]},{"damage_healed":0.0,"max_hp_gain":0.0,"max_hp_loss":21.0,"gold_gain":0.0,"event_name":"Vampires","player_choice":"Became a vampire","floor":20.0,"gold_loss":0.0,"damage_taken":0.0,"cards_obtained":["Bite","Bite","Bite","Bite","Bite"]},{"damage_healed":0,"gold_gain":0,"player_choice":"Obtained Book","damage_taken":16,"max_hp_gain":0,"max_hp_loss":0,"event_name":"Cursed Tome","floor":24,"gold_loss":0}],"is_beta":false,"boss_relics":[{"not_picked":["Tiny House","Sozu"],"picked":"WristBlade"}],"items_purged_floors":[25],"is_endless":false,"potions_floor_spawned":[1,3,7,21,22],"killed_by":"Book of Stabbing","ascension_level":10}}