{"host":"792mtbovsoa03nb3","time":1609183330,"event":{"mods":["BaseMod","Colored Map","Dota2Spire","Downfall","Hubris","Infinite Spire","Minty Spire (QoL Compilation)","Replay The Spire","Spicy Shops","StSLib","The Blue Laboratory","The Jungle"],"gold_per_floor":[119,119,46,56,74,101,101,149,149,6,55,67,122,122,122,255,255,267,267,267,308,354,354,354],"floor_reached":23,"playtime":735,"items_purged":[],"score":254,"play_id":"baa6b2a8-48ba-4460-a8ae-57e3360e9e7c","local_time":"20201228112210","is_ascension_mode":true,"campfire_choices":[{"data":"Strike_R","floor":15,"key":"PURGE"}],"circlet_count":0,"master_deck":["Strike_R","Strike_R","Strike_R","Defend_R","Defend_R","Defend_R","Bash","Slimebound:Tackle","Strike_R","infinitespire:OneForAll","Thunderclap","Cleave","Armaments","Spot Weakness","Disarm","Replay:Undeath\u0027s Touch","Replay:Many Hands","Replay:Undeath\u0027s Touch","hubris:NaturalOne","ReplayTheSpireMod:LeadingStrike"],"relics":["Burning Blood","FossilizedHelix","Strange Spoon","Dota2Spire:HandOfMidas","StoneCalendar","HandDrill","Nunchaku","hubris:DeckOfHolding","hubris:Backtick","Dota2Spire:UrnOfShadows","hubris:Icosahedron"],"acts_visited":["Exordium","TheCity"],"potions_floor_usage":[6,6,13,16,21,23],"damage_taken":[{"damage":0,"enemies":"2 Louse","floor":1,"turns":2},{"damage":8,"enemies":"Cultist","floor":4,"turns":4},{"damage":4,"enemies":"Jaw Worm","floor":5,"turns":5},{"damage":33,"enemies":"3 Sentries","floor":6,"turns":8},{"damage":1,"enemies":"3 Louse","floor":8,"turns":3},{"damage":11,"enemies":"Blue Slaver","floor":11,"turns":3},{"damage":22,"enemies":"Exordium Thugs","floor":12,"turns":4},{"damage":21,"enemies":"Gremlin Nob","floor":13,"turns":4},{"damage":13,"enemies":"Hexaghost","floor":16,"turns":8},{"damage":6,"enemies":"Chosen","floor":18,"turns":3},{"damage":26,"enemies":"3 Byrds","floor":21,"turns":5},{"damage":20,"enemies":"Snake Plant","floor":22,"turns":3},{"damage":50,"enemies":"Slavers","floor":23,"turns":3}],"seed_played":"4644230028923526679","potions_obtained":[{"floor":1,"key":"Block Potion"},{"floor":4,"key":"blueLaboratory:BottleOfVodka"},{"floor":8,"key":"Dota2Spire:Clarity"},{"floor":13,"key":"BlessingOfTheForge"},{"floor":16,"key":"Explosive Potion"},{"floor":21,"key":"blueLaboratory:ArtificerPotion"}],"is_trial":false,"path_per_floor":["M","?","$","M","M","E","?","M","T","$","M","M","E","T","R_BF","B",null,"M","?","?","M","M","E"],"character_chosen":"IRONCLAD","items_purchased":["Strange Spoon","HandDrill"],"campfire_rested":0,"item_purchase_floors":[3,10],"current_hp_per_floor":[80,80,80,78,80,53,53,58,58,58,53,37,22,22,22,15,64,70,70,70,56,48,0,0],"gold":354,"neow_bonus":"ONE_RARE_RELIC","is_daily":false,"chose_seed":false,"campfire_upgraded":0,"win_rate":0.0,"timestamp":1609183330,"path_taken":["M","?","$","?","M","E","?","M","T","$","M","M","E","?","R_BF","BOSS","M","?","?","M","?","E"],"items_purchased_type":["Relic","Relic"],"build_version":"2020-12-22","purchased_purges":0,"victory":false,"max_hp_per_floor":[80,80,80,80,80,80,80,80,80,80,80,80,80,80,80,80,80,80,80,80,80,80,80,80],"card_choices":[{"not_picked":["hubris:ReadiedAction","Heavy Blade"],"picked":"Massacre","floor":1},{"not_picked":["Sword Boomerang","Body Slam"],"picked":"infinitespire:OneForAll","floor":4},{"not_picked":["Run Through","Clash"],"picked":"Thunderclap","floor":5},{"not_picked":["Anger","True Grit"],"picked":"Cleave","floor":6},{"not_picked":["Replay:Undeath\u0027s Touch","Combust"],"picked":"Armaments","floor":8},{"not_picked":["Blood for Blood","Havoc"],"picked":"Spot Weakness","floor":11},{"not_picked":["Dual Wield","Sever Soul"],"picked":"Disarm","floor":12},{"not_picked":["ReplayTheSpireMod:Strike From Hell","Spot Weakness"],"picked":"Replay:Undeath\u0027s Touch","floor":13},{"not_picked":["Demon Form","Barricade"],"picked":"Replay:Many Hands","floor":16},{"not_picked":["Perfected Strike","Run Through+1"],"picked":"Replay:Undeath\u0027s Touch","floor":18},{"not_picked":["Hemokinesis","Warcry+1","Massacre"],"picked":"SKIP","floor":21},{"not_picked":["Twin Strike","Sever Soul+1"],"picked":"ReplayTheSpireMod:LeadingStrike","floor":22}],"player_experience":801422,"relics_obtained":[{"floor":6,"key":"Dota2Spire:HandOfMidas"},{"floor":9,"key":"StoneCalendar"},{"floor":13,"key":"Nunchaku"},{"floor":14,"key":"hubris:DeckOfHolding"}],"event_choices":[{"cards_removed":["Strike_R"],"damage_healed":0,"gold_gain":0,"player_choice":"Purged","damage_taken":0,"max_hp_gain":0,"max_hp_loss":0,"event_name":"Purifier","floor":2,"gold_loss":0},{"cards_removed":["Defend_R"],"damage_healed":0,"gold_gain":0,"player_choice":"Elegance","damage_taken":0,"max_hp_gain":0,"max_hp_loss":0,"event_name":"Back to Basics","floor":19,"gold_loss":0}],"is_beta":false,"boss_relics":[{"not_picked":["infinitespire:Cupcake","hubris:GrandSneckoEye"],"picked":"hubris:Backtick"}],"items_purged_floors":[],"is_endless":false,"potions_floor_spawned":[1,4,8,13,16,21],"killed_by":"Slavers","ascension_level":5}}