{"host":"2461dio7vetlq1z3","time":1609143227,"event":{"mods":["2.2 Compatiblity","AchievementEnabler","Aspiration","Bard","BaseMod","Better Third Choice","Friendly Minions","Hermit","Minty Spire (QoL Compilation)","Relic Stats","Spicy Shops","StSLib","Waifu the Spire"],"gold_per_floor":[110,110,185,201,166,200,200,232,232,249,281,281,281,301,301,374,424,380,396,396],"floor_reached":19,"playtime":1039,"items_purged":[],"score":374,"play_id":"361e6a6b-be92-42a0-a07c-498aa17730f1","local_time":"20201228091347","is_ascension_mode":true,"campfire_choices":[{"data":"Deadly Poison","floor":7,"key":"SMITH"},{"floor":12,"key":"REST"},{"data":"1","floor":15,"key":"LIFT"}],"circlet_count":0,"master_deck":["AscendersBane","Strike_G","Strike_G","Strike_G","Strike_G","Strike_G","Defend_G","Defend_G","Defend_G","Defend_G","Defend_G","Survivor","Neutralize+1","Deadly Poison+1","Dash","Dodge and Roll+1","Adrenaline","Bouncing Flask","Sucker Punch","Wraith Form v2","PiercingWail","Predator"],"relics":["Ring of the Snake","aspiration:Nostalgia","bard:BagPipes","Smiling Mask","Girya","The Courier","Ginger","Tiny House"],"acts_visited":["Exordium","TheCity"],"potions_floor_usage":[8,16],"damage_taken":[{"damage":0,"enemies":"Cultist","floor":1,"turns":3},{"damage":4,"enemies":"Small Slimes","floor":4,"turns":3},{"damage":19,"enemies":"3 Sentries","floor":6,"turns":7},{"damage":16,"enemies":"Gremlin Nob","floor":8,"turns":4},{"damage":0,"enemies":"Jaw Worm","floor":10,"turns":3},{"damage":12,"enemies":"3 Sentries","floor":11,"turns":13},{"damage":1,"enemies":"3 Louse","floor":14,"turns":2},{"damage":40,"enemies":"Slime Boss","floor":16,"turns":10},{"damage":19,"enemies":"2 Thieves","floor":18,"turns":5},{"damage":0,"enemies":"Chosen","floor":19,"turns":4}],"seed_played":"8297449524649619798","potions_obtained":[{"floor":4,"key":"LiquidBronze"},{"floor":6,"key":"FairyPotion"},{"floor":11,"key":"BlessingOfTheForge"},{"floor":14,"key":"Strength Potion"},{"floor":17,"key":"GamblersBrew"},{"floor":18,"key":"BlessingOfTheForge"}],"is_trial":false,"path_per_floor":["M","?","?","M","?","E","R","E","T","M","E","R","?","M","R","B",null,"M","M"],"character_chosen":"THE_SILENT","items_purchased":[],"campfire_rested":1,"item_purchase_floors":[],"current_hp_per_floor":[59,59,48,44,60,41,41,25,25,25,13,32,28,27,27,11,57,38,38,38],"gold":396,"neow_bonus":"NOSTALGIA","is_daily":false,"chose_seed":false,"campfire_upgraded":1,"win_rate":0.0,"timestamp":1609143227,"path_taken":["M","?","?","M","?","E","R","E","T","M","E","R","?","?","R","BOSS","M","M"],"items_purchased_type":[],"build_version":"2020-12-22","purchased_purges":0,"victory":false,"max_hp_per_floor":[66,66,66,66,66,66,66,66,66,66,66,66,66,66,66,66,71,71,71,71],"relic_stats":{"counters":[10,54],"Ginger":[1],"Smiling Mask":0,"obtain_stats":[{"bard:BagPipes":0,"Girya":8,"Tiny House":17,"aspiration:Nostalgia":0,"The Courier":9,"Ginger":11,"Smiling Mask":6,"Ring of the Snake":0},{"bard:BagPipes":0,"Girya":4,"Tiny House":8,"aspiration:Nostalgia":0,"The Courier":4,"Ginger":6,"Smiling Mask":3,"Ring of the Snake":0},{"bard:BagPipes":0,"Girya":17,"Tiny House":45,"aspiration:Nostalgia":0,"The Courier":17,"Ginger":33,"Smiling Mask":13,"Ring of the Snake":0}],"Ring of the Snake":[20]},"card_choices":[{"not_picked":["Quick Slash","Outmaneuver"],"picked":"Deadly Poison","floor":1},{"not_picked":["Acrobatics","Backflip"],"picked":"Dash","floor":4},{"not_picked":["Underhanded Strike","Expertise"],"picked":"Dodge and Roll","floor":6},{"not_picked":["Riddle With Holes","Flechettes"],"picked":"Adrenaline","floor":8},{"not_picked":["Underhanded Strike","Concentrate","Prepared"],"picked":"SKIP","floor":10},{"not_picked":["Tools of the Trade","Unload"],"picked":"Bouncing Flask","floor":11},{"not_picked":["Outmaneuver","Quick Slash"],"picked":"Sucker Punch","floor":14},{"not_picked":["Unload","Doppelganger"],"picked":"Wraith Form v2","floor":16},{"not_picked":["Bane","Slice"],"picked":"PiercingWail","floor":17},{"not_picked":["Dagger Spray","Leg Sweep"],"picked":"Predator","floor":18}],"player_experience":979426,"relics_obtained":[{"floor":6,"key":"Smiling Mask"},{"floor":8,"key":"Girya"},{"floor":9,"key":"The Courier"},{"floor":11,"key":"Ginger"}],"event_choices":[{"damage_healed":0,"gold_gain":0,"player_choice":"Grow","damage_taken":0,"max_hp_gain":0,"max_hp_loss":0,"event_name":"Living Wall","floor":2,"gold_loss":0,"cards_upgraded":["Neutralize"]},{"damage_healed":0,"gold_gain":75,"player_choice":"Gold","damage_taken":11,"max_hp_gain":0,"max_hp_loss":0,"event_name":"betterThird:BetterGoop","floor":3,"gold_loss":0},{"damage_healed":16,"gold_gain":0,"player_choice":"Healed","damage_taken":0,"max_hp_gain":0,"max_hp_loss":0,"event_name":"The Cleric","floor":5,"gold_loss":35},{"damage_healed":0,"gold_gain":0,"player_choice":"Bought 0 Potions","damage_taken":0,"max_hp_gain":0,"max_hp_loss":0,"event_name":"The Woman in Blue","floor":13,"gold_loss":0}],"is_beta":false,"boss_relics":[{"not_picked":["Velvet Choker","WristBlade"],"picked":"Tiny House"}],"items_purged_floors":[],"is_endless":false,"potions_floor_spawned":[4,6,11,14,18],"killed_by":"Chosen","ascension_level":20}}