{"host":"J","time":1609189813,"event":{"mods":["AchievementEnabler","BaseMod","Block Reminder","Highlight Path","Minty Spire (QoL Compilation)","Permanent Neow","Quick Restart","Relic Stats","UnlockEverythingMod"],"gold_per_floor":[114,134,148,158,169,169,198,25,25,25,45,60,60,60,60,60,60],"floor_reached":16,"playtime":1331,"items_purged":[],"score":204,"play_id":"dff82bfc-4047-46b5-98b4-da2ce5369500","local_time":"20201228221013","is_ascension_mode":true,"campfire_choices":[{"data":"Crippling Poison","floor":6.0,"key":"SMITH"},{"data":"Strike_G","floor":15,"key":"PURGE"}],"circlet_count":0,"master_deck":["AscendersBane","Strike_G","Strike_G","Strike_G","Defend_G","Defend_G","Defend_G","Defend_G","Defend_G","Survivor","Neutralize","CurseOfTheBell","Footwork","Cloak And Dagger","PiercingWail","Envenom","Crippling Poison+1","Dagger Throw","Night Terror","Wraith Form v2","Accuracy","Acrobatics","Poisoned Stab","Deflect"],"relics":["Calling Bell","Oddly Smooth Stone","Ornamental Fan","Peace Pipe","MealTicket","Orrery","Bird Faced Urn","StoneCalendar","Odd Mushroom"],"acts_visited":["Exordium"],"potions_floor_usage":[16],"damage_taken":[{"damage":0.0,"enemies":"2 Louse","floor":1.0,"turns":5.0},{"damage":0.0,"enemies":"Jaw Worm","floor":2.0,"turns":10.0},{"damage":4.0,"enemies":"Small Slimes","floor":3.0,"turns":6.0},{"damage":7.0,"enemies":"2 Fungi Beasts","floor":4.0,"turns":5.0},{"damage":8.0,"enemies":"3 Louse","floor":5.0,"turns":6.0},{"damage":34.0,"enemies":"3 Sentries","floor":7.0,"turns":18.0},{"damage":17,"enemies":"The Mushroom Lair","floor":11,"turns":6},{"damage":3,"enemies":"Lots of Slimes","floor":12,"turns":2},{"damage":19,"enemies":"Slime Boss","floor":16,"turns":6}],"seed_played":"2858912391991784150","potions_obtained":[{"floor":3.0,"key":"CunningPotion"},{"floor":4.0,"key":"CunningPotion"},{"floor":7.0,"key":"LiquidBronze"}],"is_trial":false,"path_per_floor":["M","M","M","M","M","R","E","$","T","?","?","M","$","?","R","B"],"character_chosen":"THE_SILENT","items_purchased":["Orrery"],"campfire_rested":0,"item_purchase_floors":[8],"current_hp_per_floor":[59,59,55,48,40,40,6,21,21,21,12,11,26,19,19,4,4],"gold":60,"neow_bonus":"BOSS_RELIC","is_daily":false,"chose_seed":false,"campfire_upgraded":1,"win_rate":0.0,"timestamp":1609189813,"path_taken":["M","M","M","M","M","R","E","$","T","?","?","M","?","?","R","BOSS"],"items_purchased_type":["Relic"],"build_version":"2020-12-18","purchased_purges":0,"victory":false,"max_hp_per_floor":[66,66,66,66,66,66,66,66,66,66,66,66,66,66,66,66,66],"relic_stats":{"Peace Pipe":1,"counters":[9,64],"Ornamental Fan":[24],"Bird Faced Urn":[14],"MealTicket":30,"StoneCalendar":[0],"obtain_stats":[{"Calling Bell":0,"Peace Pipe":0,"Ornamental Fan":0,"Bird Faced Urn":9,"Oddly Smooth Stone":0,"Orrery":8,"MealTicket":7,"StoneCalendar":10,"Odd Mushroom":11,"Ring of the Snake":0},{"Calling Bell":0,"Peace Pipe":0,"Ornamental Fan":0,"Bird Faced Urn":6,"Oddly Smooth Stone":0,"Orrery":6,"MealTicket":6,"StoneCalendar":6,"Odd Mushroom":7,"Ring of the Snake":0},{"Calling Bell":0,"Peace Pipe":0,"Ornamental Fan":0,"Bird Faced Urn":50,"Oddly Smooth Stone":0,"Orrery":50,"MealTicket":50,"StoneCalendar":50,"Odd Mushroom":56,"Ring of the Snake":0}]},"card_choices":[{"not_picked":["Cloak And Dagger","All Out Attack"],"picked":"Footwork","floor":1.0},{"not_picked":["Outmaneuver","Eviscerate"],"picked":"Cloak And Dagger","floor":2.0},{"not_picked":["Dagger Spray","Sucker Punch"],"picked":"PiercingWail","floor":3.0},{"not_picked":["Backstab","Dagger Spray"],"picked":"Envenom","floor":4.0},{"not_picked":["All Out Attack","Blur"],"picked":"Crippling Poison","floor":5.0},{"not_picked":["PiercingWail","Flechettes"],"picked":"Dagger Throw","floor":7.0},{"not_picked":["Outmaneuver","Distraction"],"picked":"Night Terror","floor":8.0},{"not_picked":["Flechettes","Dodge and Roll"],"picked":"Wraith Form v2","floor":8.0},{"not_picked":["PiercingWail","Poisoned Stab"],"picked":"Accuracy","floor":8.0},{"not_picked":["Deflect","Quick Slash"],"picked":"Acrobatics","floor":8.0},{"not_picked":["Acrobatics","Dagger Spray"],"picked":"Poisoned Stab","floor":11},{"not_picked":["Expertise","Skewer"],"picked":"Deflect","floor":12}],"player_experience":206084,"relics_obtained":[{"floor":0.0,"key":"Oddly Smooth Stone"},{"floor":0.0,"key":"Ornamental Fan"},{"floor":0.0,"key":"Peace Pipe"},{"floor":7.0,"key":"MealTicket"},{"floor":9.0,"key":"Bird Faced Urn"},{"floor":11,"key":"Odd Mushroom"}],"event_choices":[{"damage_healed":0,"gold_gain":0,"player_choice":"Searched \u00271\u0027 times","damage_taken":0,"relics_obtained":["StoneCalendar"],"max_hp_gain":0,"max_hp_loss":0,"event_name":"Dead Adventurer","floor":10,"gold_loss":0},{"damage_healed":0,"gold_gain":0,"player_choice":"Fought Mushrooms","damage_taken":0,"max_hp_gain":0,"max_hp_loss":0,"event_name":"Mushrooms","floor":11,"gold_loss":0},{"cards_removed":["Strike_G"],"damage_healed":0,"gold_gain":0,"player_choice":"Card Removal","damage_taken":7,"max_hp_gain":0,"max_hp_loss":0,"event_name":"Golden Wing","floor":14,"gold_loss":0}],"is_beta":true,"boss_relics":[],"items_purged_floors":[],"is_endless":false,"potions_floor_spawned":[3,4,7],"killed_by":"Slime Boss","ascension_level":20}}