{"host":"m77rrhbqzv44va4v","time":1609151254,"event":{"mods":["AchievementEnabler","BaseMod","Colored Map","DeckTracker","Keyboard Shortcuts","Minty Spire (QoL Compilation)","StSLib","SuperFastMode","everything is the same but u backflip on backflip"],"gold_per_floor":[116,41,55,55,67,67,102,116,162,179,179,104,135,285,285,357,357,370,370,370,388,388,388,422,422,422,433,448,448,467,487,487,561,561,574,149,167,220,220,251,231,231,231,29,43,43,43,43],"floor_reached":47,"playtime":1560,"items_purged":["Defend_G","Strike_G","Strike_G"],"score":1016,"play_id":"89f2f7a7-6c5d-46fc-a94a-caa32717fa79","local_time":"20201228192734","is_ascension_mode":true,"campfire_choices":[{"data":"Choke","floor":6.0,"key":"SMITH"},{"floor":11.0,"key":"REST"},{"floor":15.0,"key":"REST"},{"floor":23.0,"key":"REST"},{"data":"Malaise","floor":25.0,"key":"SMITH"},{"floor":29.0,"key":"REST"},{"floor":32.0,"key":"REST"},{"floor":42,"key":"REST"}],"circlet_count":0,"master_deck":["AscendersBane","Strike_G","Defend_G","Defend_G","Defend_G","Defend_G","Survivor","Neutralize","Blade Dance","Backflip","Choke+1","Cloak And Dagger","Malaise+1","Calculated Gamble","Blade Dance","Cloak And Dagger+1","Adrenaline","Accuracy","Footwork","Accuracy"],"relics":["Ring of the Snake","NeowsBlessing","Bottled Flame","Omamori","Vajra","Sozu","Shuriken","Nilry\u0027s Codex","Thread and Needle","Boot","Mercury Hourglass","Fusion Hammer","StoneCalendar","Tingsha","Toxic Egg 2","Happy Flower","The Specimen"],"acts_visited":["Exordium","TheCity","TheBeyond"],"potions_floor_usage":[],"damage_taken":[{"damage":0.0,"enemies":"Jaw Worm","floor":1.0,"turns":1.0},{"damage":0.0,"enemies":"2 Louse","floor":3.0,"turns":1.0},{"damage":0.0,"enemies":"Cultist","floor":5.0,"turns":1.0},{"damage":45.0,"enemies":"Gremlin Nob","floor":7.0,"turns":5.0},{"damage":4.0,"enemies":"Blue Slaver","floor":8.0,"turns":3.0},{"damage":2.0,"enemies":"2 Fungi Beasts","floor":10.0,"turns":4.0},{"damage":30.0,"enemies":"Lagavulin","floor":13.0,"turns":6.0},{"damage":24.0,"enemies":"Hexaghost","floor":16.0,"turns":8.0},{"damage":1.0,"enemies":"Chosen","floor":18.0,"turns":4.0},{"damage":15.0,"enemies":"Shell Parasite","floor":21.0,"turns":2.0},{"damage":19.0,"enemies":"Slavers","floor":24.0,"turns":8.0},{"damage":0.0,"enemies":"Cultist and Chosen","floor":27.0,"turns":4.0},{"damage":0.0,"enemies":"Centurion and Healer","floor":28.0,"turns":3.0},{"damage":0.0,"enemies":"Chosen and Byrds","floor":30.0,"turns":2.0},{"damage":11.0,"enemies":"Sentry and Sphere","floor":31.0,"turns":4.0},{"damage":47,"enemies":"Automaton","floor":33,"turns":8},{"damage":0,"enemies":"Orb Walker","floor":35,"turns":3},{"damage":0,"enemies":"3 Shapes","floor":37,"turns":3},{"damage":14,"enemies":"2 Orb Walkers","floor":38,"turns":4},{"damage":0,"enemies":"Nemesis","floor":40,"turns":3},{"damage":59,"enemies":"Writhing Mass","floor":45,"turns":4},{"damage":2,"enemies":"Reptomancer","floor":47,"turns":3}],"seed_played":"-3788720582752730629","potions_obtained":[{"floor":7.0,"key":"SneckoOil"},{"floor":8.0,"key":"AttackPotion"},{"floor":13.0,"key":"Swift Potion"}],"is_trial":false,"path_per_floor":["M","?","M","?","M","R","E","M","T","M","R","$","E","?","R","B",null,"M","?","?","M","?","R","E","R","T","M","M","R","M","M","R","B",null,"M","$","M","?","?","E","?","R","T","$","M","T","E"],"character_chosen":"THE_SILENT","items_purchased":["StoneCalendar","Accuracy"],"campfire_rested":6,"item_purchase_floors":[36,44],"current_hp_per_floor":[59,59,59,64,64,64,19,15,15,13,34,34,4,4,25,1,54,53,53,32,17,17,38,19,19,19,19,19,40,40,29,50,3,54,54,54,54,40,40,40,40,61,61,61,2,2,0,0],"gold":43,"neow_bonus":"THREE_ENEMY_KILL","is_daily":false,"chose_seed":false,"campfire_upgraded":2,"win_rate":0.0,"timestamp":1609151254,"path_taken":["M","?","M","?","?","R","E","M","T","M","R","$","E","?","R","BOSS","M","?","?","M","?","R","E","R","T","M","M","R","?","M","R","BOSS","M","$","M","?","?","E","?","R","T","$","?","?","E"],"items_purchased_type":["Relic","Card"],"build_version":"2020-12-22","purchased_purges":3,"victory":false,"max_hp_per_floor":[66,66,66,71,71,71,71,71,71,71,71,71,71,71,71,71,71,71,71,71,71,71,71,71,71,71,71,71,71,71,71,71,71,71,71,71,71,71,71,71,71,71,71,71,71,71,71,71],"card_choices":[{"not_picked":["Poisoned Stab","PiercingWail"],"picked":"Blade Dance","floor":1.0},{"not_picked":["Finisher","Sucker Punch"],"picked":"Backflip","floor":3.0},{"not_picked":["Flying Knee","Doppelganger"],"picked":"Choke","floor":5.0},{"not_picked":["Outmaneuver","Bane","Deflect"],"picked":"SKIP","floor":7.0},{"not_picked":["Slice","Backflip","Flying Knee"],"picked":"SKIP","floor":8.0},{"not_picked":["Sucker Punch","Terror"],"picked":"Cloak And Dagger","floor":10.0},{"not_picked":["Catalyst","Slice","Outmaneuver"],"picked":"SKIP","floor":13.0},{"not_picked":["Wraith Form v2","After Image"],"picked":"Malaise","floor":16.0},{"not_picked":["Dodge and Roll","Bane"],"picked":"Calculated Gamble","floor":18.0},{"not_picked":["Blur","Cloak And Dagger"],"picked":"Blade Dance","floor":21.0},{"not_picked":["Poisoned Stab","Distraction+1","Bouncing Flask"],"picked":"SKIP","floor":24.0},{"not_picked":["Riddle With Holes","Cloak And Dagger","Finisher"],"picked":"SKIP","floor":27.0},{"not_picked":["Dodge and Roll+1","Flechettes"],"picked":"Cloak And Dagger+1","floor":28.0},{"not_picked":["Outmaneuver","Grand Finale","Dodge and Roll"],"picked":"SKIP","floor":30.0},{"not_picked":["Prepared","Quick Slash","Flying Knee"],"picked":"SKIP","floor":31.0},{"not_picked":["Die Die Die","Phantasmal Killer"],"picked":"Adrenaline","floor":33},{"not_picked":["Prepared","Poisoned Stab"],"picked":"Accuracy","floor":35},{"not_picked":["Outmaneuver","Deflect+1","Heel Hook"],"picked":"SKIP","floor":37},{"not_picked":["Bane","Blade Dance"],"picked":"Footwork","floor":38},{"not_picked":["Dagger Throw","Phantasmal Killer+1","Skewer"],"picked":"SKIP","floor":40},{"not_picked":["Bane","Dodge and Roll+1","Distraction+1"],"picked":"SKIP","floor":45}],"player_experience":826081,"relics_obtained":[{"floor":7.0,"key":"Bottled Flame"},{"floor":9.0,"key":"Omamori"},{"floor":13.0,"key":"Vajra"},{"floor":20.0,"key":"Nilry\u0027s Codex"},{"floor":24.0,"key":"Boot"},{"floor":26.0,"key":"Mercury Hourglass"},{"floor":38,"key":"Tingsha"},{"floor":40,"key":"Toxic Egg 2"},{"floor":43,"key":"Happy Flower"},{"floor":46,"key":"The Specimen"}],"event_choices":[{"cards_removed":["Strike_G"],"damage_healed":0.0,"max_hp_gain":0.0,"max_hp_loss":0.0,"gold_gain":0.0,"event_name":"The Cleric","player_choice":"Card Removal","floor":2.0,"gold_loss":75.0,"damage_taken":0.0},{"damage_healed":0.0,"max_hp_gain":5.0,"max_hp_loss":0.0,"gold_gain":0.0,"event_name":"Big Fish","player_choice":"Donut","floor":4.0,"gold_loss":0.0,"damage_taken":0.0},{"damage_healed":0.0,"max_hp_gain":0.0,"max_hp_loss":0.0,"gold_gain":150.0,"event_name":"Liars Game","player_choice":"AGREE","floor":14.0,"gold_loss":0.0,"damage_taken":0.0,"cards_obtained":["Doubt"]},{"damage_healed":0.0,"max_hp_gain":0.0,"max_hp_loss":0.0,"gold_gain":0.0,"event_name":"The Mausoleum","player_choice":"Opened","floor":19.0,"gold_loss":0.0,"damage_taken":0.0,"relics_obtained":["Shuriken"],"cards_obtained":["Writhe"]},{"damage_healed":0.0,"max_hp_gain":0.0,"max_hp_loss":0.0,"gold_gain":0.0,"event_name":"Cursed Tome","player_choice":"Obtained Book","floor":20.0,"gold_loss":0.0,"damage_taken":21.0},{"damage_healed":0.0,"max_hp_gain":0.0,"max_hp_loss":0.0,"gold_gain":0.0,"event_name":"WeMeetAgain","player_choice":"Gave Potion","floor":22.0,"gold_loss":0.0,"damage_taken":0.0,"relics_obtained":["Thread and Needle"]},{"damage_healed":0,"gold_gain":0,"player_choice":"Fight","damage_taken":0,"max_hp_gain":0,"max_hp_loss":0,"event_name":"Mysterious Sphere","floor":38,"gold_loss":0},{"cards_removed":["Strike_G"],"damage_healed":0,"gold_gain":0,"player_choice":"Removed Attack","damage_taken":0,"max_hp_gain":0,"max_hp_loss":0,"event_name":"Falling","floor":39,"gold_loss":0},{"damage_healed":0,"gold_gain":0,"player_choice":"Bought 1 Potion","damage_taken":0,"max_hp_gain":0,"max_hp_loss":0,"event_name":"The Woman in Blue","floor":41,"gold_loss":0}],"is_beta":false,"boss_relics":[{"not_picked":["WristBlade","Snecko Eye"],"picked":"Sozu"},{"not_picked":["Philosopher\u0027s Stone","Runic Dome"],"picked":"Fusion Hammer"}],"items_purged_floors":[12,36,44],"is_endless":false,"potions_floor_spawned":[7,8,13,21,24,30,31,35,38,45],"killed_by":"Reptomancer","ascension_level":20}}