{"host":"kh6fvhxn285ncg0o","time":1609122271,"event":{"mods":["Act Like it!","BaseMod","Colored Map","Friendly Minions","Keyboard Shortcuts","Minty Spire (QoL Compilation)","Quick Restart","Relic Stats","StSLib","SuperFastMode"],"gold_per_floor":[119,138,63,63,73,73,108,123,172,172,213,213,234,259,259,259,259],"floor_reached":16,"playtime":418,"items_purged":[],"score":224,"play_id":"2ffe735e-7176-4722-82fd-846c3911e3fe","local_time":"20201228112431","is_ascension_mode":true,"campfire_choices":[{"data":"Bash","floor":6,"key":"SMITH"},{"floor":12,"key":"REST"},{"data":"Body Slam","floor":15,"key":"SMITH"}],"circlet_count":0,"master_deck":["AscendersBane","Strike_R","Strike_R","Defend_R","Defend_R","Defend_R","Defend_R","Bash+1","Offering","Rampage","Feel No Pain","Feel No Pain","Rage","Corruption","Disarm","Body Slam+1"],"relics":["Burning Blood","Blue Candle","Happy Flower","Golden Idol","Orichalcum"],"acts_visited":["Exordium"],"potions_floor_usage":[7,11],"damage_taken":[{"damage":8,"enemies":"Jaw Worm","floor":1,"turns":2},{"damage":8,"enemies":"Cultist","floor":2,"turns":4},{"damage":8,"enemies":"Small Slimes","floor":5,"turns":4},{"damage":16,"enemies":"3 Sentries","floor":7,"turns":11},{"damage":20,"enemies":"Gremlin Gang","floor":8,"turns":5},{"damage":27,"enemies":"Gremlin Nob","floor":11,"turns":4},{"damage":11,"enemies":"Looter","floor":13,"turns":3},{"damage":12,"enemies":"Large Slime","floor":14,"turns":6},{"damage":30,"enemies":"Slime Boss","floor":16,"turns":3}],"seed_played":"8393440591968690717","potions_obtained":[{"floor":1,"key":"Weak Potion"},{"floor":2,"key":"Fire Potion"}],"is_trial":false,"path_per_floor":["M","M","?","?","M","R","E","M","T","?","E","R","M","M","R","B"],"character_chosen":"IRONCLAD","items_purchased":[],"campfire_rested":1,"item_purchase_floors":[],"current_hp_per_floor":[66,64,64,64,62,62,52,38,38,38,17,37,32,26,26,0,0],"gold":259,"neow_bonus":"TRANSFORM_CARD","is_daily":false,"chose_seed":false,"campfire_upgraded":2,"win_rate":0.0,"timestamp":1609122271,"path_taken":["M","M","?","?","M","R","E","?","T","?","E","R","M","M","R","BOSS"],"items_purchased_type":[],"build_version":"2020-12-22","purchased_purges":0,"victory":false,"max_hp_per_floor":[75,75,75,75,75,75,75,75,75,68,68,68,68,68,68,68,68],"relic_stats":{"Happy Flower":[5],"counters":[9,42],"Golden Idol":17,"Blue Candle":[0],"Orichalcum":[18],"obtain_stats":[{"Happy Flower":9,"Golden Idol":10,"Blue Candle":7,"Orichalcum":11,"Burning Blood":0},{"Happy Flower":5,"Golden Idol":5,"Blue Candle":4,"Orichalcum":6,"Burning Blood":0},{"Happy Flower":26,"Golden Idol":26,"Blue Candle":21,"Orichalcum":30,"Burning Blood":0}],"Burning Blood":48},"card_choices":[{"not_picked":["Flame Barrier","Warcry"],"picked":"Rampage","floor":1},{"not_picked":["Flex","Thunderclap"],"picked":"Feel No Pain","floor":2},{"not_picked":["Twin Strike","Pommel Strike"],"picked":"Rage","floor":5},{"not_picked":["Exhume","Rage","Metallicize"],"picked":"SKIP","floor":7},{"not_picked":["Sword Boomerang","Perfected Strike","Twin Strike"],"picked":"SKIP","floor":8},{"not_picked":["Hemokinesis","Seeing Red"],"picked":"Corruption","floor":11},{"not_picked":["Sword Boomerang","Havoc"],"picked":"Disarm","floor":13},{"not_picked":["Pommel Strike","Clash"],"picked":"Body Slam","floor":14}],"player_experience":3281870,"relics_obtained":[{"floor":7,"key":"Blue Candle"},{"floor":9,"key":"Happy Flower"},{"floor":11,"key":"Orichalcum"}],"event_choices":[{"cards_removed":["Strike_R"],"damage_healed":0,"gold_gain":0,"player_choice":"Card Removal","damage_taken":0,"max_hp_gain":0,"max_hp_loss":0,"event_name":"The Cleric","floor":3,"gold_loss":75},{"damage_healed":0,"gold_gain":0,"cards_transformed":["Strike_R"],"player_choice":"Transformed","damage_taken":0,"max_hp_gain":0,"max_hp_loss":0,"event_name":"Transmorgrifier","floor":4,"gold_loss":0,"cards_obtained":["Feel No Pain"]},{"damage_healed":0,"gold_gain":0,"player_choice":"Lose Max HP","damage_taken":0,"relics_obtained":["Golden Idol"],"max_hp_gain":0,"max_hp_loss":7,"event_name":"Golden Idol","floor":10,"gold_loss":0}],"is_beta":false,"boss_relics":[],"items_purged_floors":[],"is_endless":false,"potions_floor_spawned":[1,2],"killed_by":"Slime Boss","ascension_level":20}}