{"host":"le69utka9ynaq64d","time":1609178352,"event":{"mods":["AchievementEnabler","Aspiration","BaseMod","Block Reminder","Conspire","Energized Spire","GifTheSpireLib","Halation","Hubris","Minty Spire (QoL Compilation)","Permanent Neow","Quick Restart","Replay The Spire","RiskOfSpire","StSLib","Stuff the Spire","Trackpad","vexMod"],"gold_per_floor":[118,42,42,61,61,61,89,89,140,284,290,278,68,84,84,188,188,129,129,129,148,148,167,185,198,198,94,54,72,61,72,72,177,177,193,114,100,43,219,219,15,15,15],"floor_reached":42,"playtime":18639,"items_purged":[],"score":437,"play_id":"cb325340-a40c-45db-adaf-673680eab31d","local_time":"20201228125912","daily_mods":["Heirloom"],"is_ascension_mode":false,"campfire_choices":[{"data":"Whirlwind","floor":6.0,"key":"SMITH"},{"floor":15.0,"key":"REST"},{"floor":32.0,"key":"REST"},{"floor":40.0,"key":"REST"}],"circlet_count":0,"master_deck":["Defend_R","Defend_R","Defend_R","Defend_R","Bash","Shrug It Off","Whirlwind+1","Shrug It Off","Anger","Fire Breathing+1","Anger","conspire:Purge","Bite","Bite","Bite","Bite","Bite","Necronomicurse","Fire Breathing","Berserk","Metallicize","Cleave","StuffTheSpire:Resist","Demonic Infusion","Rampage+1","Feel No Pain","Inflame+1"],"relics":["Burning Blood","Replay:Kaleidoscope","StuffTheSpire:RedRose","Quantum Egg","halation:PrussianBluePaint","hubris:CuriousFeather","riskOfSpire:LensMakersGlasses","Bronze Scales","Snecko Heart","riskOfSpire:Medkit","StuffTheSpire:OldFever","Necronomicon","StuffTheSpire:DarkSteelAnvil","riskOfSpire:FuelCell","riskOfSpire:ShieldGenerator","Mark of Pain","riskOfSpire:BustlingFungus","Red Skull"],"acts_visited":["Exordium","TheCity","TheBeyond"],"potions_floor_usage":[],"damage_taken":[{"damage":0.0,"enemies":"2 Louse","floor":1.0,"turns":3.0},{"damage":0.0,"enemies":"Jaw Worm","floor":4.0,"turns":4.0},{"damage":25.0,"enemies":"3 Sentries","floor":7.0,"turns":8.0},{"damage":0.0,"enemies":"Small Slimes","floor":10.0,"turns":2.0},{"damage":16.0,"enemies":"Gremlin Nob","floor":11.0,"turns":4.0},{"damage":0.0,"enemies":"3 Louse","floor":12.0,"turns":1.0},{"damage":3.0,"enemies":"conspire:2 RoseBushes","floor":14.0,"turns":6.0},{"damage":20.0,"enemies":"The Guardian","floor":16.0,"turns":8.0},{"damage":24.0,"enemies":"2 Thieves","floor":18.0,"turns":5.0},{"damage":16.0,"enemies":"conspire:FuzzyDice","floor":21.0,"turns":5.0},{"damage":36.0,"enemies":"conspire:HollyBat","floor":23.0,"turns":7.0},{"damage":18.0,"enemies":"Shelled Parasite and Fungi","floor":24.0,"turns":4.0},{"damage":22.0,"enemies":"Snake Plant","floor":25.0,"turns":3.0},{"damage":12.0,"enemies":"Centurion and Healer","floor":28.0,"turns":5.0},{"damage":16.0,"enemies":"Cultist and Chosen","floor":29.0,"turns":5.0},{"damage":8.0,"enemies":"Snake Plant","floor":30.0,"turns":2.0},{"damage":11.0,"enemies":"Chosen and Byrds","floor":31.0,"turns":5.0},{"damage":13.0,"enemies":"Automaton","floor":33.0,"turns":5.0},{"damage":22.0,"enemies":"3 Shapes","floor":35.0,"turns":5.0},{"damage":42.0,"enemies":"3 Darklings","floor":37.0,"turns":6.0},{"damage":10,"enemies":"Nemesis","floor":42,"turns":2}],"seed_played":"-6157120052017653839","potions_obtained":[{"floor":4.0,"key":"FearPotion"},{"floor":12.0,"key":"Languid Potion"},{"floor":18.0,"key":"AttackPotion"},{"floor":21.0,"key":"LifebloodPotion"},{"floor":30.0,"key":"Milkshake"},{"floor":33.0,"key":"ElixirPotion"},{"floor":37.0,"key":"BloodPotion"}],"is_trial":true,"path_per_floor":["M","$","?","M","?","R","E","?","T","M","E","M","$","M","R","B",null,"M","?","?","M","?","M","M","M","T","$","M","M","M","M","R","B",null,"M","$","M","$","?","R","$","E"],"character_chosen":"IRONCLAD","items_purchased":["Whirlwind","Bronze Scales","Fire Breathing+1","Metallicize","Cleave","Feel No Pain","Inflame+1","BloodPotion","Red Skull"],"campfire_rested":3,"item_purchase_floors":[2,13,13,27,27,36,38,41,41],"current_hp_per_floor":[80,80,80,80,80,80,61,61,61,45,35,41,41,44,68,54,80,62,56,56,56,40,22,24,14,14,14,20,26,30,37,53,49,56,46,46,20,20,6,22,44,34,34],"gold":15,"neow_bonus":"","is_daily":false,"chose_seed":false,"campfire_upgraded":1,"win_rate":0.0,"timestamp":1609178352,"path_taken":["M","$","?","M","?","R","E","?","T","M","E","M","$","M","R","BOSS","M","?","?","?","?","M","M","?","T","$","M","M","M","M","R","BOSS","M","$","?","$","?","R","$","E"],"items_purchased_type":["Card","Relic","Card","Card","Card","Card","Card","Potion","Relic"],"build_version":"2020-12-22","purchased_purges":0,"victory":false,"max_hp_per_floor":[80,80,80,80,80,80,80,80,80,80,80,80,80,80,80,80,80,80,56,56,56,56,56,56,56,56,56,56,56,56,56,56,56,56,56,56,56,56,56,56,56,56,56],"card_choices":[{"not_picked":["hubris:ReadiedAction","Dark Embrace"],"picked":"Shrug It Off","floor":1.0},{"not_picked":["StuffTheSpire:BloodClot","ReplayTheSpireMod:Corrosion Curse"],"picked":"Shrug It Off","floor":4.0},{"not_picked":["Havoc","Double Tap"],"picked":"Anger","floor":7.0},{"not_picked":["Warcry","Replay:Undeath\u0027s Touch","ReplayTheSpireMod:Strike From Hell"],"picked":"SKIP","floor":10.0},{"not_picked":["Iron Wave","Blood for Blood"],"picked":"Anger","floor":14.0},{"not_picked":["Hemogenesis","Juggernaut"],"picked":"conspire:Purge","floor":16.0},{"not_picked":["ReplayTheSpireMod:Limb From Limb","Havoc+1","Clash"],"picked":"SKIP","floor":21.0},{"not_picked":["Abandon+1","Clash","Run Through"],"picked":"SKIP","floor":23.0},{"not_picked":["StuffTheSpire:Resist","Second Wind"],"picked":"Fire Breathing","floor":24.0},{"not_picked":["hubris:SharpeningStone","Body Slam+1"],"picked":"Berserk","floor":25.0},{"not_picked":["ReplayTheSpireMod:Stacked+1","Thunderclap","StuffTheSpire:Slingshot"],"picked":"SKIP","floor":29.0},{"not_picked":["Dark Embrace","Thunderclap"],"picked":"StuffTheSpire:Resist","floor":31.0},{"not_picked":["Hemogenesis","Brutality"],"picked":"Demonic Infusion","floor":33.0},{"not_picked":["Battle Trance","Massacre+1"],"picked":"Rampage+1","floor":35.0}],"player_experience":313784,"relics_obtained":[{"floor":7.0,"key":"Quantum Egg"},{"floor":9.0,"key":"halation:PrussianBluePaint"},{"floor":11.0,"key":"hubris:CuriousFeather"},{"floor":11.0,"key":"riskOfSpire:LensMakersGlasses"},{"floor":12.0,"key":"riskOfSpire:LensMakersGlasses"},{"floor":12.0,"key":"riskOfSpire:MilkyChrysalis"},{"floor":14.0,"key":"riskOfSpire:BlastShower"},{"floor":18.0,"key":"riskOfSpire:Medkit"},{"floor":20.0,"key":"StuffTheSpire:OldFever"},{"floor":22.0,"key":"Necronomicon"},{"floor":26.0,"key":"StuffTheSpire:DarkSteelAnvil"},{"floor":28.0,"key":"riskOfSpire:FuelCell"},{"floor":30.0,"key":"riskOfSpire:ShieldGenerator"},{"floor":37.0,"key":"riskOfSpire:BustlingFungus"},{"floor":39.0,"key":"riskOfSpire:ShieldGenerator"}],"event_choices":[{"cards_removed":["Regret"],"damage_healed":0.0,"max_hp_gain":0.0,"max_hp_loss":0.0,"gold_gain":0.0,"event_name":"Purifier","player_choice":"Purged","floor":8.0,"gold_loss":0.0,"damage_taken":0.0},{"damage_healed":0.0,"max_hp_gain":0.0,"max_hp_loss":24.0,"gold_gain":0.0,"event_name":"Vampires","player_choice":"Became a vampire","floor":19.0,"gold_loss":0.0,"damage_taken":0.0,"cards_obtained":["Bite","Bite","Bite","Bite","Bite"]},{"damage_healed":0.0,"max_hp_gain":0.0,"max_hp_loss":0.0,"gold_gain":0.0,"event_name":"Wheel of Change","player_choice":"Relic","floor":20.0,"gold_loss":0.0,"damage_taken":0.0},{"damage_healed":0.0,"max_hp_gain":0.0,"max_hp_loss":0.0,"gold_gain":0.0,"event_name":"Cursed Tome","player_choice":"Obtained Book","floor":22.0,"gold_loss":0.0,"damage_taken":16.0}],"is_beta":false,"boss_relics":[{"not_picked":["Kintsugi","halation:CatFaceCupcake"],"picked":"Snecko Heart"},{"not_picked":["Ring of Chaos","Pandora\u0027s Box"],"picked":"Mark of Pain"}],"items_purged_floors":[],"is_endless":true,"potions_floor_spawned":[4,12,18,21,30,33,37],"killed_by":"Nemesis","ascension_level":0}}