{"host":"eocn4tduyrehyy81","time":1609183420,"event":{"mods":["AchievementEnabler","Aspiration","BaseMod","BetterRewards","Custom Start","Minty Spire (QoL Compilation)","Replay The Spire","StSLib"],"gold_per_floor":[113,128,77,89,44,64,64,84,108,108,108,124,124,136,136,241,241,255,255,48,147,158,171,171,196,221,17,33,47,66,80,80,178,178,192,42,42,62,62,62,112,112,112,126,126,126,126],"floor_reached":46,"playtime":3263,"items_purged":["Strike_G"],"score":664,"play_id":"e2bce494-f18b-4b48-afca-d82c200e7e8a","local_time":"20201228132340","is_ascension_mode":false,"campfire_choices":[{"floor":7,"key":"REST"},{"floor":11,"key":"REST"},{"floor":15,"key":"REST"},{"floor":24,"key":"REST"},{"floor":32,"key":"REST"},{"data":"Crippling Poison","floor":40,"key":"SMITH"},{"data":"Outmaneuver","floor":42,"key":"SMITH"}],"circlet_count":0,"master_deck":["Strike_G","Strike_G","Strike_G","Strike_G","Defend_G","Defend_G","Defend_G","Defend_G","Defend_G","Survivor","Neutralize+1","Deadly Poison","Deadly Poison+1","Slice+1","Predator","Infinite Blades","Dodge and Roll","Deadly Poison","Outmaneuver+1","Blade Dance","Catalyst+1","Crippling Poison+1","Noxious Fumes","Poisoned Stab","After Image","Catalyst+1","PiercingWail","Slice+1","Cloak And Dagger","Hidden Blade","Toxin Wave","Dagger Throw+1","Backstab","All Out Attack+1","Poison Darts","PiercingWail+1","Toxin Wave","Deflect+1","ReplayTheSpireMod:Necrosis"],"relics":["Ring of the Snake","BargainBundle","Whetstone","Replay:Grab Bag","Philosopher\u0027s Stone","ChewingGum","aspiration:RunicSpoon","aspiration:SecretTechniqueScroll","ReplayTheSpireMod:Ring of Challenge","Ancient Tea Set","Red Mask","PreservedInsect","Orichalcum","Black Star","TwistedFunnel","Calipers","Frozen Egg 2","aspiration:ChemicalBlood"],"acts_visited":["Exordium","TheCity","TheBeyond"],"potions_floor_usage":[2,2,4,6,14,18,22,23,25,28,30,31,35],"damage_taken":[{"damage":0,"enemies":"Cultist","floor":1,"turns":3},{"damage":1,"enemies":"Jaw Worm","floor":2,"turns":2},{"damage":12,"enemies":"Small Slimes","floor":4,"turns":2},{"damage":12,"enemies":"Blue Slaver","floor":6,"turns":3},{"damage":15,"enemies":"Large Slime","floor":8,"turns":7},{"damage":6,"enemies":"2 Fungi Beasts","floor":12,"turns":2},{"damage":7,"enemies":"Blue Slaver","floor":14,"turns":3},{"damage":25,"enemies":"The Guardian","floor":16,"turns":7},{"damage":19,"enemies":"3 Byrds","floor":18,"turns":4},{"damage":7,"enemies":"Shell Parasite","floor":22,"turns":3},{"damage":0,"enemies":"Snecko","floor":23,"turns":2},{"damage":26,"enemies":"Masked Bandits","floor":25,"turns":6},{"damage":5,"enemies":"Shelled Parasite and Fungi","floor":28,"turns":4},{"damage":13,"enemies":"Sentry and Sphere","floor":29,"turns":4},{"damage":0,"enemies":"Snecko","floor":30,"turns":2},{"damage":9,"enemies":"Snake Plant","floor":31,"turns":4},{"damage":1,"enemies":"Pondfish","floor":33,"turns":5},{"damage":0,"enemies":"3 Shapes","floor":35,"turns":3},{"damage":5,"enemies":"3 Darklings","floor":38,"turns":4},{"damage":0,"enemies":"Mind Bloom Boss Battle","floor":41,"turns":4},{"damage":63,"enemies":"Writhing Mass","floor":44,"turns":4},{"damage":27,"enemies":"Nemesis","floor":46,"turns":2}],"seed_played":"8482662703201802642","potions_obtained":[{"floor":12,"key":"PowerPotion"},{"floor":14,"key":"CultistPotion"},{"floor":16,"key":"PowerPotion"},{"floor":18,"key":"Weak Potion"},{"floor":22,"key":"SpeedPotion"},{"floor":29,"key":"Dexterity Potion"},{"floor":30,"key":"GhostInAJar"},{"floor":31,"key":"Block Potion"},{"floor":33,"key":"FearPotion"},{"floor":38,"key":"SteroidPotion"},{"floor":41,"key":"Venom Potion"},{"floor":44,"key":"Fire Potion"}],"is_trial":false,"path_per_floor":["M","M","$","M","$","M","R","M","T","?","R","M","?","M","R","B",null,"M","?","$","?","M","M","R","?","T","$","M","M","M","M","R","B",null,"M","$","?","M","$","R","?","R","T","M","?","E"],"character_chosen":"THE_SILENT","items_purchased":["BargainBundle","Deadly Poison","Slice","Predator","Infinite Blades","ColorlessPotion","CunningPotion","Strength Potion","Energy Potion","Blade Dance","Ancient Tea Set","ColorlessPotion","Orichalcum","Hidden Blade","TwistedFunnel"],"campfire_rested":5,"item_purchase_floors":[0,0,0,0,0,0,0,0,3,5,20,20,27,27,36],"current_hp_per_floor":[62,61,61,49,49,37,58,43,43,43,64,58,58,51,70,45,70,51,51,51,51,44,44,65,39,39,39,34,21,21,12,33,32,70,70,70,70,65,65,65,65,65,65,2,2,0,0],"gold":126,"neow_bonus":"","is_daily":false,"chose_seed":false,"campfire_upgraded":2,"win_rate":0.0,"timestamp":1609183420,"path_taken":["M","M","$","M","?","M","R","M","T","?","R","M","?","M","R","BOSS","M","?","$","?","M","M","R","?","T","?","M","?","?","M","R","BOSS","M","$","?","M","$","R","?","R","T","M","?","E"],"items_purchased_type":["Relic","Card","Card","Card","Card","Potion","Potion","Potion","Potion","Card","Relic","Potion","Relic","Card","Relic"],"build_version":"2020-12-22","purchased_purges":1,"victory":false,"max_hp_per_floor":[70,70,70,70,70,70,70,70,70,70,70,70,70,70,70,70,70,70,70,70,70,70,70,70,70,70,70,70,70,70,70,70,70,70,70,70,70,70,70,70,70,70,70,70,70,70,70],"card_choices":[{"not_picked":["Expertise","ReplayTheSpireMod:Speed Training"],"picked":"Dodge and Roll","floor":1},{"not_picked":["Blade Dance","Flying Knee"],"picked":"Deadly Poison","floor":2},{"not_picked":["Prepared","Unload"],"picked":"Outmaneuver","floor":4},{"not_picked":["Caltrops","Heel Hook"],"picked":"Catalyst","floor":6},{"not_picked":["Terror","Backflip"],"picked":"Crippling Poison","floor":8},{"not_picked":["Masterful Stab","Outmaneuver"],"picked":"Noxious Fumes","floor":12},{"not_picked":["Choke","Dagger Spray"],"picked":"Poisoned Stab","floor":14},{"not_picked":["ReplayTheSpireMod:Necrosis","aspiration:Lunge"],"picked":"After Image","floor":16},{"not_picked":["Bane","Flying Knee"],"picked":"Catalyst+1","floor":18},{"not_picked":["Sucker Punch","Caltrops"],"picked":"PiercingWail","floor":22},{"not_picked":["ReplayTheSpireMod:Exploit Weakness","Blade Dance"],"picked":"Slice+1","floor":23},{"not_picked":["Bane","Well Laid Plans+1"],"picked":"Cloak And Dagger","floor":25},{"not_picked":["Sucker Punch","Hidden Blade"],"picked":"Toxin Wave","floor":28},{"not_picked":["Crippling Poison","Quick Slash"],"picked":"Dagger Throw+1","floor":29},{"not_picked":["Footwork","Tactician"],"picked":"Backstab","floor":30},{"not_picked":["Slice","Die Die Die"],"picked":"All Out Attack+1","floor":31},{"not_picked":["Doppelganger","ReplayTheSpireMod:From All Sides"],"picked":"Poison Darts","floor":33},{"not_picked":["Caltrops","Acrobatics"],"picked":"PiercingWail+1","floor":35},{"not_picked":["Flying Knee+1","Underhanded Strike+1"],"picked":"Toxin Wave","floor":38},{"not_picked":["Tactician+1","Underhanded Strike+1"],"picked":"Deflect+1","floor":41},{"not_picked":["Well Laid Plans+1","Slice"],"picked":"ReplayTheSpireMod:Necrosis","floor":44}],"player_experience":18218,"relics_obtained":[{"floor":9,"key":"Whetstone"},{"floor":19,"key":"ReplayTheSpireMod:Ring of Challenge"},{"floor":25,"key":"Red Mask"},{"floor":26,"key":"PreservedInsect"},{"floor":41,"key":"Calipers"},{"floor":43,"key":"Frozen Egg 2"}],"event_choices":[{"damage_healed":0,"gold_gain":0,"player_choice":"Grow","damage_taken":0,"max_hp_gain":0,"max_hp_loss":0,"event_name":"Living Wall","floor":10,"gold_loss":0,"cards_upgraded":["Catalyst"]},{"damage_healed":0,"gold_gain":99,"player_choice":"Stole From Cult","damage_taken":0,"max_hp_gain":0,"max_hp_loss":0,"event_name":"Nest","floor":21,"gold_loss":0},{"damage_healed":0,"gold_gain":0,"player_choice":"Fought Bandits","damage_taken":0,"max_hp_gain":0,"max_hp_loss":0,"event_name":"Masked Bandits","floor":25,"gold_loss":0},{"damage_healed":0,"gold_gain":0,"player_choice":"Ignored","damage_taken":0,"max_hp_gain":0,"max_hp_loss":0,"event_name":"Mysterious Sphere","floor":37,"gold_loss":0},{"damage_healed":0,"gold_gain":0,"player_choice":"Fight","damage_taken":0,"max_hp_gain":0,"max_hp_loss":0,"event_name":"MindBloom","floor":41,"gold_loss":0},{"damage_healed":0,"gold_gain":0,"player_choice":"Gave Potion","damage_taken":0,"relics_obtained":["aspiration:ChemicalBlood"],"max_hp_gain":0,"max_hp_loss":0,"event_name":"WeMeetAgain","floor":45,"gold_loss":0}],"is_beta":false,"boss_relics":[{"not_picked":["Snecko Eye","Coffee Dripper"],"picked":"Replay:Grab Bag"},{"not_picked":["Fusion Hammer","Sozu"],"picked":"Philosopher\u0027s Stone"},{"not_picked":["ReplayTheSpireMod:DimensionalGlitch","aspiration:FutureDiary"],"picked":"ChewingGum"},{"not_picked":["Ring of the Serpent","Replay:Drink Me"],"picked":"aspiration:RunicSpoon"},{"not_picked":["aspiration:WatcherSkillbook","Astrolabe"],"picked":"aspiration:SecretTechniqueScroll"},{"not_picked":["Tiny House","Replay:Ancient Bell"],"picked":"Black Star"}],"items_purged_floors":[0],"is_endless":false,"potions_floor_spawned":[1,12,14,16,18,22,29,30,31,33,38,41,44],"killed_by":"Nemesis","ascension_level":0}}