{"host":"o5or1zybx7au40zl","time":1609176198,"event":{"mods":["Act Like it!","BaseMod","Better Third Choice","Conspire","Dota2Spire","Hubris","Minty Spire (QoL Compilation)","Replay The Spire","StSLib"],"gold_per_floor":[110,385,404,35,35,35,62,77,100,115,128,162,162,179,179,280,280,290,290,308,325,345,378,26,26,26],"floor_reached":25,"playtime":683,"items_purged":["Looming Evil"],"score":235,"play_id":"a74781ac-bd9f-45e9-84bc-7b5b00938847","local_time":"20201228182318","is_ascension_mode":false,"campfire_choices":[{"floor":6,"key":"RECALL"},{"floor":15,"key":"REST"}],"circlet_count":0,"master_deck":["Strike_G","Strike_G","Strike_G","Strike_G","Strike_G","Defend_G","Defend_G","Defend_G","Defend_G","Defend_G","Survivor","Neutralize","ReplayTheSpireMod:Scrap Shanks","Regret","Poisoned Stab","Sucker Punch","Trip","Infinite Blades","Dagger Throw","hubris:Counter","ReplayTheSpireMod:From All Sides","Cloak And Dagger","Backstab","Atom Bomb","Finisher+1","ReplayTheSpireMod:Scrap Shanks+1","Blade Dance","Backflip+1"],"relics":["Ring of the Snake","Vajra","ReplayTheSpireMod:CursedCoin","Paper Crane","Dota2Spire:Vanguard","Replay:Bottled Snecko","Tiny Chest","hubris:SlimyHat","hubris:Icosahedron","WristBlade","FossilizedHelix","Dota2Spire:Butterfly"],"acts_visited":["Exordium","TheCity"],"potions_floor_usage":[16,21,22,23,23],"damage_taken":[{"damage":0,"enemies":"2 Louse","floor":1,"turns":2},{"damage":5,"enemies":"Cultist","floor":3,"turns":4},{"damage":6,"enemies":"Lagavulin","floor":7,"turns":5},{"damage":0,"enemies":"Jaw Worm","floor":8,"turns":3},{"damage":6,"enemies":"Exordium Wildlife","floor":10,"turns":4},{"damage":1,"enemies":"Blue Slaver","floor":11,"turns":3},{"damage":12,"enemies":"Gremlin Nob","floor":12,"turns":4},{"damage":3,"enemies":"2 Fungi Beasts","floor":14,"turns":3},{"damage":40,"enemies":"The Guardian","floor":16,"turns":9},{"damage":1,"enemies":"Shell Parasite","floor":18,"turns":3},{"damage":19,"enemies":"3 Byrds","floor":20,"turns":6},{"damage":9,"enemies":"3 Cultists","floor":21,"turns":4},{"damage":0,"enemies":"Snecko","floor":22,"turns":2},{"damage":21,"enemies":"Slavers","floor":23,"turns":5},{"damage":15,"enemies":"Gremlin Leader","floor":25,"turns":6}],"seed_played":"-4647175775077154923","potions_obtained":[{"floor":1,"key":"Fire Potion"},{"floor":3,"key":"Energy Potion"},{"floor":21,"key":"Poison Potion"},{"floor":22,"key":"Weak Potion"}],"is_trial":false,"path_per_floor":["M","?","M","$","T","R","E","M","T","M","M","E","?","M","R","B",null,"M","?","M","M","M","E","$","E"],"character_chosen":"THE_SILENT","items_purchased":["ReplayTheSpireMod:CursedCoin","Paper Crane","Sucker Punch","Trip","LiquidBronze","Dota2Spire:Butterfly","Backflip+1"],"campfire_rested":1,"item_purchase_floors":[4,4,4,4,4,24,24],"current_hp_per_floor":[70,70,65,65,65,65,59,59,59,53,52,40,40,37,58,18,70,69,63,44,35,35,14,14,0,0],"gold":26,"neow_bonus":"RANDOM_COMMON_RELIC","is_daily":false,"chose_seed":false,"campfire_upgraded":0,"win_rate":0.0,"timestamp":1609176198,"path_taken":["M","?","M","?","?","R","E","?","T","M","M","E","?","M","R","BOSS","M","?","M","M","?","E","$","E"],"items_purchased_type":["Relic","Relic","Card","Card","Potion","Relic","Card"],"build_version":"2020-12-22","purchased_purges":1,"victory":false,"max_hp_per_floor":[70,70,70,70,70,70,70,70,70,70,70,70,70,70,70,70,70,70,70,70,70,70,70,70,70,70],"card_choices":[{"not_picked":["Terror","Escape Plan"],"picked":"ReplayTheSpireMod:Scrap Shanks","floor":1},{"not_picked":["PiercingWail","Prepared"],"picked":"Poisoned Stab","floor":3},{"not_picked":["Acrobatics","Quick Slash"],"picked":"Infinite Blades","floor":7},{"not_picked":["hubris:SlightOfHand","Deflect"],"picked":"Dagger Throw","floor":8},{"not_picked":["Hidden Blade","Dodge and Roll"],"picked":"hubris:Counter","floor":10},{"not_picked":["Acrobatics","Choke"],"picked":"ReplayTheSpireMod:From All Sides","floor":11},{"not_picked":["Prepared","hubris:SlightOfHand"],"picked":"Cloak And Dagger","floor":12},{"not_picked":["Flying Knee","Acrobatics"],"picked":"Backstab","floor":14},{"not_picked":["Poison Darts","After Image"],"picked":"Atom Bomb","floor":16},{"not_picked":["Flying Knee","Caltrops","Deflect"],"picked":"SKIP","floor":18},{"not_picked":["Quick Slash+1","hubris:SlightOfHand"],"picked":"Finisher+1","floor":20},{"not_picked":["Bane","Outmaneuver","Acrobatics+1"],"picked":"SKIP","floor":21},{"not_picked":["Toxin Wave","Prepared"],"picked":"ReplayTheSpireMod:Scrap Shanks+1","floor":22},{"not_picked":["ReplayTheSpireMod:Speed Training+1","Quick Slash"],"picked":"Blade Dance","floor":23}],"player_experience":903302,"relics_obtained":[{"floor":5,"key":"Dota2Spire:Vanguard"},{"floor":7,"key":"Replay:Bottled Snecko"},{"floor":9,"key":"Tiny Chest"},{"floor":12,"key":"hubris:SlimyHat"},{"floor":23,"key":"FossilizedHelix"}],"event_choices":[{"damage_healed":0,"gold_gain":275,"player_choice":"Desecrate","damage_taken":0,"max_hp_gain":0,"max_hp_loss":0,"event_name":"Golden Shrine","floor":2,"gold_loss":0,"cards_obtained":["Regret"]},{"damage_healed":0,"gold_gain":0,"player_choice":"","damage_taken":6,"max_hp_gain":0,"max_hp_loss":0,"event_name":"Knowing Skull","floor":19,"potions_obtained":[],"gold_loss":0,"cards_obtained":[]}],"is_beta":false,"boss_relics":[{"not_picked":["Replay:Wanted Poster","Snecko Scales"],"picked":"WristBlade"}],"items_purged_floors":[4],"is_endless":false,"potions_floor_spawned":[1,3,14,21,22],"killed_by":"Gremlin Leader","ascension_level":0}}