{"host":"kw4o7b3ro2ktmmbe","time":1609162518,"event":{"mods":["BaseMod","Evolution","Minty Spire (QoL Compilation)"],"gold_per_floor":[109,123,123,140,151,151,164,179,179,30,30,41,55,82,82,180,180,197,197,48,66,66,66,83,98,98,130,149,166,166,166,166,261,261,273,273,292,146,162,189,208,208,233,260,260,279,314,326,326,326],"floor_reached":51,"playtime":2331,"items_purged":[],"score":840,"play_id":"b0a764b3-c3f5-4ce0-b13d-8574e2d78281","local_time":"20201229023518","is_ascension_mode":false,"campfire_choices":[{"data":"Flex","floor":6.0,"key":"SMITH"},{"data":"Whirlwind","floor":11.0,"key":"SMITH"},{"data":"Whirlwind","floor":15.0,"key":"SMITH"},{"data":"Whirlwind","floor":23.0,"key":"SMITH"},{"data":"Feed","floor":30.0,"key":"SMITH"},{"data":"Flex","floor":32.0,"key":"SMITH"},{"data":"Rupture","floor":42,"key":"SMITH"},{"data":"Evolve","floor":45,"key":"SMITH"},{"data":"Inflame","floor":49,"key":"SMITH"}],"circlet_count":0,"master_deck":["Strike_R","Strike_R","Strike_R","Strike_R","Strike_R","Defend_R","Defend_R","Defend_R","Defend_R","Whirlwind+1","Flex+1","Whirlwind+1","Rupture+1","Evolve+1","Exhume","Whirlwind+1","Feed+1","Spot Weakness","Inflame+1","Flex+1","Feed","Metallicize+1","Flex+1","Brutality","Brutality"],"relics":["Burning Blood","EVO:Axolotl","Shuriken","Bag of Marbles","Akabeko","Mark of Pain","Chemical X","Champion Belt","Bronze Scales","Velvet Choker","Sling","Kunai","Happy Flower","Ancient Tea Set","Singing Bowl"],"acts_visited":["Exordium","TheCity","TheBeyond"],"potions_floor_usage":[44,50,50],"damage_taken":[{"damage":4.0,"enemies":"2 Louse","floor":1.0,"turns":5.0},{"damage":5.0,"enemies":"Cultist","floor":2.0,"turns":4.0},{"damage":0.0,"enemies":"Small Slimes","floor":4.0,"turns":3.0},{"damage":7.0,"enemies":"Gremlin Gang","floor":5.0,"turns":3.0},{"damage":28.0,"enemies":"Large Slime","floor":7.0,"turns":4.0},{"damage":0.0,"enemies":"3 Louse","floor":8.0,"turns":1.0},{"damage":0.0,"enemies":"Gremlin Gang","floor":12.0,"turns":1.0},{"damage":4.0,"enemies":"Blue Slaver","floor":13.0,"turns":3.0},{"damage":9.0,"enemies":"3 Sentries","floor":14.0,"turns":2.0},{"damage":75.0,"enemies":"The Guardian","floor":16.0,"turns":9.0},{"damage":0.0,"enemies":"2 Thieves","floor":18.0,"turns":1.0},{"damage":0.0,"enemies":"3 Byrds","floor":21.0,"turns":1.0},{"damage":0.0,"enemies":"Snecko","floor":24.0,"turns":1.0},{"damage":0.0,"enemies":"Shelled Parasite and Fungi","floor":25.0,"turns":1.0},{"damage":8.0,"enemies":"Slavers","floor":27.0,"turns":2.0},{"damage":0.0,"enemies":"3 Cultists","floor":28.0,"turns":2.0},{"damage":28.0,"enemies":"Snake Plant","floor":29.0,"turns":4.0},{"damage":32.0,"enemies":"Champ","floor":33.0,"turns":5.0},{"damage":0.0,"enemies":"3 Darklings","floor":35.0,"turns":1.0},{"damage":0,"enemies":"Orb Walker","floor":37,"turns":1},{"damage":9,"enemies":"Maw","floor":39,"turns":5},{"damage":0,"enemies":"Nemesis","floor":40,"turns":1},{"damage":0,"enemies":"Spire Growth","floor":41,"turns":1},{"damage":16,"enemies":"Giant Head","floor":44,"turns":5},{"damage":0,"enemies":"4 Shapes","floor":46,"turns":1},{"damage":0,"enemies":"Reptomancer","floor":47,"turns":1},{"damage":8,"enemies":"Maw","floor":48,"turns":4},{"damage":101,"enemies":"Awakened One","floor":50,"turns":6}],"seed_played":"1284377501757408940","potions_obtained":[{"floor":1.0,"key":"ElixirPotion"},{"floor":3.0,"key":"DuplicationPotion"},{"floor":3.0,"key":"Fire Potion"},{"floor":7.0,"key":"SneckoOil"},{"floor":12.0,"key":"EntropicBrew"},{"floor":16.0,"key":"DistilledChaos"},{"floor":21.0,"key":"AttackPotion"},{"floor":28.0,"key":"SpeedPotion"},{"floor":29.0,"key":"Energy Potion"},{"floor":37,"key":"Block Potion"},{"floor":39,"key":"Swift Potion"},{"floor":40,"key":"BlessingOfTheForge"},{"floor":44,"key":"BloodPotion"}],"is_trial":false,"path_per_floor":["M","M","?","M","M","R","M","M","T","$","R","M","M","E","R","B",null,"M","?","$","M","?","R","M","M","T","E","M","M","R","?","R","B",null,"M","?","M","$","M","E","M","R","T","E","R","M","E","M","R","B",null],"character_chosen":"IRONCLAD","items_purchased":["Bag of Marbles","Chemical X","Sling"],"campfire_rested":0,"item_purchase_floors":[10,20,38],"current_hp_per_floor":[88,88,88,88,87,87,65,71,71,71,71,77,79,76,76,7,88,88,88,88,88,88,88,88,88,88,89,97,75,75,75,75,49,97,97,97,97,97,97,100,100,100,100,90,90,100,106,106,106,32],"gold":326,"neow_bonus":"TEN_PERCENT_HP_BONUS","is_daily":false,"chose_seed":false,"campfire_upgraded":9,"win_rate":0.0,"timestamp":1609162518,"path_taken":["M","M","?","?","M","R","M","M","T","$","R","?","M","E","R","BOSS","M","?","$","?","?","R","M","M","T","E","M","M","R","?","R","BOSS","M","?","?","$","M","E","M","R","T","E","R","M","E","M","R","BOSS"],"items_purchased_type":["Relic","Relic","Relic"],"build_version":"2020-12-22","purchased_purges":0,"victory":true,"max_hp_per_floor":[88,88,88,88,88,88,88,88,88,88,88,88,88,88,88,88,88,88,88,88,88,88,88,88,88,88,91,97,97,97,97,97,97,97,97,97,97,97,100,100,100,100,100,100,100,104,106,108,108,108],"card_choices":[{"not_picked":["Shrug It Off","Cleave"],"picked":"Whirlwind","floor":1.0},{"not_picked":["Perfected Strike","Wild Strike"],"picked":"Flex","floor":2.0},{"not_picked":["Shrug It Off","Armaments"],"picked":"Whirlwind","floor":4.0},{"not_picked":["Sever Soul","Armaments"],"picked":"Rupture","floor":5.0},{"not_picked":["Thunderclap","Havoc"],"picked":"Evolve","floor":7.0},{"not_picked":["Wild Strike","Intimidate","Thunderclap"],"picked":"SKIP","floor":8.0},{"not_picked":["Thunderclap","Battle Trance"],"picked":"Exhume","floor":12.0},{"not_picked":["Anger","Dark Embrace"],"picked":"Whirlwind","floor":13.0},{"not_picked":["Cleave","Power Through","Bloodletting"],"picked":"SKIP","floor":14.0},{"not_picked":["Fiend Fire","Impervious"],"picked":"Feed","floor":16.0},{"not_picked":["Armaments","Thunderclap","Headbutt+1"],"picked":"SKIP","floor":18.0},{"not_picked":["Infernal Blade","Dark Embrace","Sword Boomerang"],"picked":"SKIP","floor":21.0},{"not_picked":["Clash+1","Wild Strike","Dark Embrace"],"picked":"SKIP","floor":24.0},{"not_picked":["Dual Wield","Pommel Strike"],"picked":"Inflame","floor":25.0},{"not_picked":["Wild Strike+1","Sword Boomerang"],"picked":"Flex","floor":27.0},{"not_picked":["Entrench","Warcry","Havoc"],"picked":"SKIP","floor":28.0},{"not_picked":["Wild Strike","Uppercut","Entrench+1"],"picked":"SKIP","floor":29.0},{"not_picked":["Double Tap","Reaper"],"picked":"Feed","floor":33.0},{"not_picked":["True Grit","Sword Boomerang"],"picked":"Metallicize+1","floor":35.0},{"not_picked":["Clash","Shrug It Off","Havoc+1"],"picked":"SKIP","floor":37},{"not_picked":["Havoc","Ghostly Armor"],"picked":"Flex+1","floor":39},{"not_picked":["Wild Strike","Spot Weakness+1"],"picked":"Brutality","floor":40},{"not_picked":["Shrug It Off","Sever Soul","Thunderclap+1"],"picked":"SKIP","floor":41},{"not_picked":["Hemokinesis+1","Warcry"],"picked":"Brutality","floor":44},{"not_picked":["Blood for Blood","Pummel+1","Heavy Blade+1"],"picked":"SKIP","floor":46},{"not_picked":["Pummel+1","Battle Trance","Havoc"],"picked":"Singing Bowl","floor":47},{"not_picked":["Clash+1","Shrug It Off+1","Juggernaut"],"picked":"Singing Bowl","floor":48}],"player_experience":1764731,"relics_obtained":[{"floor":9.0,"key":"Shuriken"},{"floor":14.0,"key":"Akabeko"},{"floor":26.0,"key":"Champion Belt"},{"floor":27.0,"key":"Bronze Scales"},{"floor":40,"key":"Kunai"},{"floor":43,"key":"Happy Flower"},{"floor":44,"key":"Ancient Tea Set"},{"floor":47,"key":"Singing Bowl"}],"event_choices":[{"damage_healed":0.0,"max_hp_gain":0.0,"max_hp_loss":0.0,"gold_gain":0.0,"event_name":"Lab","player_choice":"Got Potions","floor":3.0,"gold_loss":0.0,"damage_taken":0.0},{"cards_removed":["Bash"],"damage_healed":0.0,"max_hp_gain":0.0,"max_hp_loss":0.0,"gold_gain":0.0,"event_name":"Purifier","player_choice":"Purged","floor":19.0,"gold_loss":0.0,"damage_taken":0.0},{"damage_healed":0.0,"max_hp_gain":0.0,"max_hp_loss":0.0,"gold_gain":0.0,"event_name":"The Library","player_choice":"Read","floor":22.0,"gold_loss":0.0,"damage_taken":0.0,"cards_obtained":["Spot Weakness"]},{"damage_healed":0.0,"max_hp_gain":0.0,"max_hp_loss":0.0,"gold_gain":0.0,"event_name":"Ghosts","player_choice":"Ignored","floor":31.0,"gold_loss":0.0,"damage_taken":0.0},{"damage_healed":0,"gold_gain":0,"player_choice":"Ignored","damage_taken":0,"max_hp_gain":0,"max_hp_loss":0,"event_name":"NoteForYourself","floor":36,"gold_loss":0}],"is_beta":false,"boss_relics":[{"not_picked":["Busted Crown","Black Star"],"picked":"Mark of Pain"},{"not_picked":["Pandora\u0027s Box","Snecko Eye"],"picked":"Velvet Choker"}],"items_purged_floors":[],"is_endless":false,"potions_floor_spawned":[1,7,12,16,21,24,28,29,37,39,40,44,46,47],"ascension_level":0}}