{"host":"d00xzd9wj78hkf80","time":1609137789,"event":{"mods":["2.2 Compatiblity","AchievementEnabler","Act Like it!","AlwaysNeverKeys","Aspiration","Bartender","BaseMod","Beaked The Cultist","Better Altar","Better Match","Better Note","Better Sensory Stone","Better Skull","Better Vampires","BetterRewards","Card Filter","CatGirl Mod","Challenge The Spire","Clockwork Mod","Colored Map","Colored Powertips","Defuse TimeMaze Blight","GifTheSpireLib","Gold Saver","Infinite Spire","Ironclad Rager","Mimic Mod","Minty Spire (QoL Compilation)","Quick Restart","RNG Fix","Random Character Button","Rare Cards Sparkle","Relic Sorter","Replay The Spire","Shop Mod","StSLib","Stuff the Spire","Transform Curses","Unknown Chances","Waifu the Spire","egg"],"gold_per_floor":[109,122,197,209,24,24,24],"floor_reached":6,"playtime":256,"items_purged":[],"score":45,"play_id":"b5136eb7-0f7d-42f7-940f-62c8be05dc9f","local_time":"20201227224309","is_ascension_mode":true,"campfire_choices":[],"circlet_count":0,"master_deck":["Strike_Bartender","Strike_Bartender","Strike_Bartender","Strike_Bartender","Defend_Bartender","Defend_Bartender","Defend_Bartender","Defend_Bartender","Somersault","Scowl","Center_Self","Glare","Scowl"],"relics":["Sneakers","Vajra"],"acts_visited":["Exordium"],"potions_floor_usage":[],"damage_taken":[{"damage":6.0,"enemies":"2 Louse","floor":1.0,"turns":3.0},{"damage":15.0,"enemies":"Small Slimes","floor":2.0,"turns":4.0},{"damage":2.0,"enemies":"Jaw Worm","floor":4.0,"turns":4.0},{"damage":32,"enemies":"Gremlin Nob","floor":6,"turns":4}],"seed_played":"5077427550777839781","potions_obtained":[],"is_trial":false,"path_per_floor":["M","M","?","M","$","E"],"character_chosen":"BARTENDER","items_purchased":["Vajra","Scowl"],"campfire_rested":0,"item_purchase_floors":[5,5],"current_hp_per_floor":[71,56,45,43,43,11,11],"gold":24,"neow_bonus":"TEN_PERCENT_HP_BONUS","is_daily":false,"chose_seed":false,"campfire_upgraded":0,"win_rate":0.0,"timestamp":1609137789,"path_taken":["M","M","?","?","$","E"],"items_purchased_type":["Relic","Card"],"build_version":"2020-12-22","purchased_purges":0,"victory":false,"max_hp_per_floor":[77,77,77,77,77,77,77],"card_choices":[{"not_picked":["Hook","Cross"],"picked":"Scowl","floor":1.0},{"not_picked":["Torment","Free_Pour"],"picked":"Center_Self","floor":2.0},{"not_picked":["Foot_Thrust","Sucker_Punch"],"picked":"Glare","floor":4.0}],"player_experience":131041,"relics_obtained":[],"event_choices":[{"damage_healed":0.0,"max_hp_gain":0.0,"max_hp_loss":0.0,"gold_gain":75.0,"event_name":"World of Goop","player_choice":"Gather Gold","floor":3.0,"gold_loss":0.0,"damage_taken":11.0}],"is_beta":false,"boss_relics":[],"items_purged_floors":[],"is_endless":false,"potions_floor_spawned":[],"killed_by":"Gremlin Nob","ascension_level":5}}