{"host":"zpql4quw4g2j1hsh","time":1609158847,"event":{"mods":["Act Like it!","BaseMod","Better-Laid Plans","Challenge The Spire","Decade(王小明)","Lobotomy","LobotomyExtend","Minty Spire (QoL Compilation)","Permanent Neow","Quick Restart","Relic Stats","Spicy Shops","StSLib","SuperFastMode","【遗物卡牌】REMEMod","篝火指南"],"gold_per_floor":[115,135,146,165,165,200,200,200,200,43,43,69,69,89,89,191,191,203,203,203,214,228,228,228,228,283,283,314,314,325,339,339,339,339],"floor_reached":33,"playtime":3066,"items_purged":[],"score":325,"play_id":"089195df-dc89-497b-9f06-9a1950ce5608","local_time":"20201228203407","is_ascension_mode":false,"campfire_choices":[{"data":"NMDAZYYGL","floor":15,"key":"SMITH"},{"data":"FormRideDragon","floor":23,"key":"SMITH"},{"floor":29,"key":"REST"},{"data":"KamenRideDecade","floor":32,"key":"SMITH"}],"circlet_count":0,"master_deck":["Decade_Attack+1","Decade_Attack+1","Decade_Attack+1","Decade_Attack+1","KamenRide+1","Decade_SpecialSkill","Decade_Defend+1","Decade_Defend+1","Decade_Defend+1","Decade_Defend+1","UnarmedAttack5","AttackRide","UnarmedAttack3+1","UnarmedAttack5","Decade_Dash2","UnarmedAttack6","UnarmedAttack1","NMDAZYYGL+1","UnarmedAttack7","RideBooker","KamenRideDecade+1","Decade_Defend2","DragClaw","Kuuga_Rising","Kuuga_Rising","UnarmedAttack9","Die Die Die","RideBooker_Skill_2+1","FormRideDragon+1","UnarmedAttack4","Dragreder","Blade_Slash","AttackRide","FormRideDragon+1","RideBooker_Skill_2"],"relics":["Decadriver","TOEIDeficitBill","REME_ComplimentaryCards","LetterFromLob","Pen Nib","Orichalcum","Whetstone","Heaven_r","Meat on the Bone","REME_DuelDisc","Dream Catcher","White Beast Statue"],"acts_visited":["Exordium","TheCity"],"potions_floor_usage":[6,11,31,33,33,33],"damage_taken":[{"damage":0,"enemies":"2 Louse","floor":1,"turns":3},{"damage":0,"enemies":"Cultist","floor":2,"turns":3},{"damage":4,"enemies":"Small Slimes","floor":3,"turns":4},{"damage":14,"enemies":"3 Louse","floor":4,"turns":3},{"damage":26,"enemies":"Gremlin Nob","floor":6,"turns":4},{"damage":0,"enemies":"Large Slime","floor":7,"turns":1},{"damage":2,"enemies":"Blue Slaver","floor":8,"turns":2},{"damage":0,"enemies":"Exordium Thugs","floor":11,"turns":1},{"damage":22,"enemies":"Exordium Thugs","floor":11,"turns":2},{"damage":0,"enemies":"3 Sentries","floor":12,"turns":4},{"damage":2,"enemies":"Exordium Thugs","floor":14,"turns":2},{"damage":23,"enemies":"Slime Boss","floor":16,"turns":7},{"damage":15,"enemies":"3 Byrds","floor":18,"turns":4},{"damage":0,"enemies":"Chosen","floor":19,"turns":2},{"damage":16,"enemies":"Centurion and Healer","floor":21,"turns":5},{"damage":17,"enemies":"Snecko","floor":22,"turns":5},{"damage":44,"enemies":"Gremlin Leader","floor":28,"turns":4},{"damage":4,"enemies":"Cultist and Chosen","floor":30,"turns":3},{"damage":0,"enemies":"Centurion and Healer","floor":31,"turns":7},{"damage":87,"enemies":"Automaton","floor":33,"turns":9}],"seed_played":"-7738657165660772589","potions_obtained":[{"floor":2,"key":"DuplicationPotion"},{"floor":4,"key":"DistilledChaos"},{"floor":12,"key":"Explosive Potion"},{"floor":16,"key":"SpeedPotion"},{"floor":21,"key":"SmokeBomb"},{"floor":22,"key":"PowerPotion"},{"floor":30,"key":"Regen Potion"},{"floor":31,"key":"Strength Potion"}],"is_trial":false,"path_per_floor":["M","M","M","M","?","E","M","M","T","$","M","E","$","M","R","B",null,"M","M","?","M","M","R","?","?","T","?","E","R","M","M","R","B"],"character_chosen":"Decade","items_purchased":["Whetstone"],"campfire_rested":1,"item_purchase_floors":[10],"current_hp_per_floor":[77,77,73,59,59,33,33,31,31,31,37,37,37,47,47,44,77,70,70,70,75,68,68,68,68,68,68,36,59,64,64,64,0,0],"gold":339,"neow_bonus":"TEN_PERCENT_HP_BONUS","is_daily":false,"chose_seed":false,"campfire_upgraded":3,"win_rate":0.0,"timestamp":1609158847,"path_taken":["M","M","M","M","?","E","?","M","T","$","M","E","?","M","R","BOSS","M","?","?","M","M","R","?","?","T","?","E","R","M","M","R","BOSS"],"items_purchased_type":["Relic"],"build_version":"2020-12-22","purchased_purges":0,"victory":false,"max_hp_per_floor":[77,77,77,77,77,77,77,77,77,77,77,77,77,77,77,77,77,77,77,77,77,77,77,77,77,77,77,77,77,77,77,77,77,77],"relic_stats":{"Dream Catcher":1,"counters":[20,75],"Pen Nib":[8],"Whetstone":["UnarmedAttack3","Decade_Attack"],"Orichalcum":[132],"obtain_stats":[{"Heaven_r":11,"Dream Catcher":26,"Decadriver":0,"Pen Nib":6,"REME_DuelDisc":17,"LetterFromLob":1,"TOEIDeficitBill":0,"Whetstone":10,"Orichalcum":9,"White Beast Statue":28,"REME_ComplimentaryCards":0,"Meat on the Bone":12},{"Heaven_r":9,"Dream Catcher":16,"Decadriver":0,"Pen Nib":5,"REME_DuelDisc":12,"LetterFromLob":1,"TOEIDeficitBill":0,"Whetstone":7,"Orichalcum":7,"White Beast Statue":17,"REME_ComplimentaryCards":0,"Meat on the Bone":10},{"Heaven_r":23,"Dream Catcher":52,"Decadriver":0,"Pen Nib":17,"REME_DuelDisc":36,"LetterFromLob":3,"TOEIDeficitBill":0,"Whetstone":20,"Orichalcum":20,"White Beast Statue":56,"REME_ComplimentaryCards":0,"Meat on the Bone":27}],"Meat on the Bone":24},"card_choices":[{"not_picked":["KamenRideDecade","FormRideFlame"],"picked":"UnarmedAttack5","floor":1},{"not_picked":["DragClaw","KamenRideHibiki"],"picked":"AttackRide","floor":1},{"not_picked":["FormRidePegasus","KamenRideKabuto"],"picked":"UnarmedAttack3","floor":2},{"not_picked":["UnarmedAttack4","Blade_Mach"],"picked":"UnarmedAttack5","floor":2},{"not_picked":["Blade_Metal","FormRideGaruru"],"picked":"Decade_Dash2","floor":3},{"not_picked":["FormRideJack","FormRideFlame"],"picked":"UnarmedAttack6","floor":3},{"not_picked":["FormRideTitan","DragClaw"],"picked":"UnarmedAttack1","floor":4},{"not_picked":["KamenRideBlade","DenO_Rod"],"picked":"NMDAZYYGL","floor":6},{"not_picked":["UnarmedAttack8","UnarmedAttack1"],"picked":"UnarmedAttack7","floor":6},{"not_picked":["Kiva_Frozen","UnarmedAttack5"],"picked":"RideBooker","floor":7},{"not_picked":["FormRide","Decade_Dash1"],"picked":"KamenRideDecade","floor":8},{"not_picked":["AttackRide","Blade_Slash"],"picked":"Decade_Defend2","floor":12},{"not_picked":["PrometheusPower","Hibiki_Attack1"],"picked":"DragClaw","floor":12},{"not_picked":["FormRideDragon","AutoVajin"],"picked":"Kuuga_Rising","floor":14},{"not_picked":["Kabuto_ClockUp","NMDAZYYGL"],"picked":"Kuuga_Rising","floor":16},{"not_picked":["TimeVent","Kiva_Eat"],"picked":"UnarmedAttack9","floor":16},{"not_picked":["AttackRide+1","Kuuga_GouramAttack"],"picked":"RideBooker_Skill_2+1","floor":18},{"not_picked":["FormRideStorm","Hibiki_Attack3","Blade_Metal"],"picked":"SKIP","floor":19},{"not_picked":["Blade_Beat","FormRideBasshaa+1","Hibiki_Attack1"],"picked":"SKIP","floor":21},{"not_picked":["DenO_Ax","Decade_Dash1+1"],"picked":"UnarmedAttack4","floor":22},{"not_picked":["Decade_Invisible","FormRide"],"picked":"Dragreder","floor":22},{"not_picked":["TimeVent","DragClaw"],"picked":"Blade_Slash","floor":28},{"not_picked":["UnarmedAttack1+1","KamenRideKiva"],"picked":"AttackRide","floor":29},{"not_picked":["Decade_Dash1+1","FormRideFlame+1"],"picked":"FormRideDragon+1","floor":30},{"not_picked":["Blade_Metal+1","KamenRideHibiki+1"],"picked":"RideBooker_Skill_2","floor":30}],"player_experience":1271,"relics_obtained":[{"floor":1,"key":"LetterFromLob"},{"floor":6,"key":"Pen Nib"},{"floor":9,"key":"Orichalcum"},{"floor":12,"key":"Meat on the Bone"},{"floor":26,"key":"Dream Catcher"},{"floor":28,"key":"White Beast Statue"}],"event_choices":[{"damage_healed":0,"gold_gain":0,"player_choice":"Upgraded","damage_taken":0,"max_hp_gain":0,"max_hp_loss":0,"event_name":"Upgrade Shrine","floor":5,"gold_loss":0,"cards_upgraded":["KamenRide"]},{"damage_healed":0,"gold_gain":0,"player_choice":"Read","damage_taken":0,"max_hp_gain":0,"max_hp_loss":0,"event_name":"The Library","floor":20,"gold_loss":0,"cards_obtained":["FormRideDragon"]},{"damage_healed":0,"gold_gain":0,"player_choice":"Ignored","damage_taken":0,"max_hp_gain":0,"max_hp_loss":0,"event_name":"Vampires","floor":24,"gold_loss":0},{"damage_healed":0,"gold_gain":0,"player_choice":"Simplicity","damage_taken":0,"max_hp_gain":0,"max_hp_loss":0,"event_name":"Back to Basics","floor":27,"gold_loss":0,"cards_upgraded":["Decade_Attack","Decade_Attack","Decade_Attack","Decade_Defend","Decade_Defend","Decade_Defend","Decade_Defend"]}],"is_beta":false,"boss_relics":[{"not_picked":["Calling Bell","Black Star"],"picked":"REME_DuelDisc"}],"items_purged_floors":[],"is_endless":false,"potions_floor_spawned":[2,4,12,16,21,22,30,31],"killed_by":"Automaton","ascension_level":0}}