{"host":"sum4dy402bbv9y4o","time":1609183425,"event":{"mods":["Aspiration","BaseMod","Conspire","Highlight Path","Minty Spire (QoL Compilation)","StSLib"],"gold_per_floor":[119,89,107,107,120,120,145,12,12,22,22,37,49,49,49,49,49],"floor_reached":16,"playtime":648,"items_purged":["Strike_G"],"score":204,"play_id":"adf8502a-ab81-4d5f-a378-c614edf67b1c","local_time":"20201228222345","is_ascension_mode":true,"campfire_choices":[{"data":"Sucker Punch","floor":6,"key":"SMITH"},{"data":"Sucker Punch","floor":11,"key":"SMITH"},{"floor":15,"key":"REST"}],"circlet_count":0,"master_deck":["AscendersBane","Strike_G","Strike_G","Strike_G","Strike_G","Defend_G","Defend_G","Defend_G","Defend_G","Defend_G","Survivor","Neutralize","Flying Knee","Sucker Punch+1","Sucker Punch+1","Poisoned Stab","Bane","Dodge and Roll","Deflect"],"relics":["Ring of the Snake","NeowsBlessing","conspire:DecoderRing","aspiration:FrozenJewel"],"acts_visited":["Exordium"],"potions_floor_usage":[7,7,16],"damage_taken":[{"damage":0,"enemies":"Small Slimes","floor":1,"turns":1},{"damage":0,"enemies":"Cultist","floor":3,"turns":1},{"damage":0,"enemies":"Jaw Worm","floor":5,"turns":1},{"damage":21,"enemies":"3 Sentries","floor":7,"turns":10},{"damage":1,"enemies":"Looter","floor":10,"turns":3},{"damage":8,"enemies":"Large Slime","floor":12,"turns":5},{"damage":0,"enemies":"2 Fungi Beasts","floor":13,"turns":2},{"damage":59,"enemies":"The Guardian","floor":16,"turns":14}],"seed_played":"5050841126604527739","potions_obtained":[{"floor":2,"key":"SpeedPotion"},{"floor":2,"key":"CunningPotion"},{"floor":3,"key":"Block Potion"},{"floor":12,"key":"ColorlessPotion"}],"is_trial":false,"path_per_floor":["M","?","M","?","M","R","E","$","T","M","R","M","M","?","R","B"],"character_chosen":"THE_SILENT","items_purchased":["Bane"],"campfire_rested":1,"item_purchase_floors":[8],"current_hp_per_floor":[59,59,59,64,64,64,43,43,43,42,42,34,34,34,55,0,0],"gold":49,"neow_bonus":"THREE_ENEMY_KILL","is_daily":false,"chose_seed":false,"campfire_upgraded":2,"win_rate":0.0,"timestamp":1609183425,"path_taken":["M","?","?","?","M","R","E","$","T","M","R","M","M","?","R","BOSS"],"items_purchased_type":["Card"],"build_version":"2020-12-22","purchased_purges":1,"victory":false,"max_hp_per_floor":[66,66,66,71,71,71,71,71,71,71,71,71,71,71,71,71,71],"card_choices":[{"not_picked":["Acrobatics","Cloak And Dagger"],"picked":"Flying Knee","floor":1},{"not_picked":["Prepared","Crippling Poison"],"picked":"Sucker Punch","floor":3},{"not_picked":["Outmaneuver","Prepared"],"picked":"Sucker Punch","floor":5},{"not_picked":["Wraith Form v2","Prepared"],"picked":"Poisoned Stab","floor":7},{"not_picked":["Flechettes","Slice"],"picked":"Dodge and Roll","floor":10},{"not_picked":["Acrobatics","Eviscerate","Skewer"],"picked":"SKIP","floor":12},{"not_picked":["Caltrops","Dash"],"picked":"Deflect","floor":13}],"player_experience":2855474,"relics_obtained":[{"floor":7,"key":"conspire:DecoderRing"},{"floor":9,"key":"aspiration:FrozenJewel"}],"event_choices":[{"damage_healed":0,"gold_gain":0,"player_choice":"Bought 2 Potions","damage_taken":0,"max_hp_gain":0,"max_hp_loss":0,"event_name":"The Woman in Blue","floor":2,"gold_loss":0},{"damage_healed":0,"gold_gain":0,"player_choice":"Donut","damage_taken":0,"max_hp_gain":5,"max_hp_loss":0,"event_name":"Big Fish","floor":4,"gold_loss":0}],"is_beta":false,"boss_relics":[],"items_purged_floors":[8],"is_endless":false,"potions_floor_spawned":[3,12],"killed_by":"The Guardian","ascension_level":20}}