{"host":"eydwxg59205c3vtl","time":1609115512,"event":{"mods":["2.2 Compatiblity","BaseMod","Colored Map","Colored Powertips","Hubris","Minty Spire (QoL Compilation)","StSLib","The Necromancer"],"gold_per_floor":[118,137,137,212,228,257,257,33,33,64,76,95,95,128,128,204,204,221,239,252,264,264,295,295,295,295,295,305,305,338,83,83,155,155,169,7,18,0,12,12,31,31,111,136,152,152,152,172,172,172,172],"floor_reached":50,"playtime":2715,"items_purged":["Strike_W","Strike_W","Defend_W"],"score":944,"play_id":"c8e9f2d9-25a7-4502-b783-ab20d8c5c597","local_time":"20201227193152","is_ascension_mode":true,"campfire_choices":[{"data":"Whirlwind_of_Bones","floor":7.0,"key":"SMITH"},{"data":"Bones_to_Steel","floor":15.0,"key":"SMITH"},{"floor":24.0,"key":"REST"},{"floor":32.0,"key":"DIG"},{"floor":40.0,"key":"REST"},{"floor":42.0,"key":"DIG"},{"floor":47,"key":"DIG"},{"floor":49,"key":"DIG"}],"circlet_count":0,"master_deck":["AscendersBane","Defend_W","Defend_W","Defend_W","Bone_Wall","Bone_Bullets","Bone_Bullets+1","Whirlwind_of_Bones+1","Detonate_Bones+1","Bones_to_Steel+1","Scare","Plague_Bolt+1","Bone_Bullets","Siphon_Strength","Stop_Heart","Bone_Armory","Summon_Vampire_Lady","Bone_Bullets","Bone_Armory","Bone_Shift+1","hubris:DuctTapeCard","Bone_Wall","Blood_Curse+1"],"relics":["Vampire_Amulet","Vajra","hubris:Towel","Pantograph","Lee\u0027s Waffle","hubris:DuctTape","Mercury Hourglass","Lantern","Runic Pyramid","Gremlin Horn","hubris:AstralHammer","Shovel","Toy Ornithopter","Whetstone","Eternal Feather","hubris:Backtick","Dead Branch","Red Mask","Ancient Tea Set","Molten Egg 2","Calipers","Anchor","StoneCalendar"],"acts_visited":["Exordium","TheCity","TheBeyond"],"potions_floor_usage":[45,48,50],"damage_taken":[{"damage":7.0,"enemies":"Small Slimes","floor":1.0,"turns":3.0},{"damage":1.0,"enemies":"Cultist","floor":2.0,"turns":3.0},{"damage":0.0,"enemies":"2 Louse","floor":5.0,"turns":3.0},{"damage":38.0,"enemies":"Lagavulin","floor":6.0,"turns":7.0},{"damage":17.0,"enemies":"3 Sentries","floor":10.0,"turns":8.0},{"damage":9.0,"enemies":"Large Slime","floor":11.0,"turns":5.0},{"damage":1.0,"enemies":"Exordium Wildlife","floor":12.0,"turns":4.0},{"damage":17.0,"enemies":"Lagavulin","floor":14.0,"turns":6.0},{"damage":26.0,"enemies":"The Guardian","floor":16.0,"turns":11.0},{"damage":15.0,"enemies":"Spheric Guardian","floor":18.0,"turns":6.0},{"damage":3.0,"enemies":"Shell Parasite","floor":19.0,"turns":5.0},{"damage":7.0,"enemies":"Cultist and Chosen","floor":20.0,"turns":7.0},{"damage":13.0,"enemies":"Snecko","floor":21.0,"turns":5.0},{"damage":22.0,"enemies":"Book of Stabbing","floor":23.0,"turns":5.0},{"damage":9.0,"enemies":"Centurion and Healer","floor":28.0,"turns":6.0},{"damage":15.0,"enemies":"Slavers","floor":30.0,"turns":4.0},{"damage":36.0,"enemies":"hubris:MusketHawk","floor":33.0,"turns":7.0},{"damage":7.0,"enemies":"3 Shapes","floor":35.0,"turns":8.0},{"damage":38.0,"enemies":"3 Darklings","floor":37.0,"turns":5.0},{"damage":45.0,"enemies":"Jaw Worm Horde","floor":39.0,"turns":3.0},{"damage":19.0,"enemies":"Maw","floor":41.0,"turns":8.0},{"damage":30.0,"enemies":"Nemesis","floor":44.0,"turns":9.0},{"damage":25,"enemies":"Sphere and 2 Shapes","floor":45,"turns":10},{"damage":16,"enemies":"3 Darklings","floor":48,"turns":4},{"damage":95,"enemies":"hubris:GrandSnecko","floor":50,"turns":14}],"seed_played":"589627236455676742","potions_obtained":[{"floor":2.0,"key":"LiquidMemories"},{"floor":11.0,"key":"PowerPotion"},{"floor":14.0,"key":"SneckoOil"},{"floor":16.0,"key":"Block Potion"},{"floor":19.0,"key":"Strength Potion"},{"floor":20.0,"key":"AttackPotion"},{"floor":23.0,"key":"LiquidMemories"},{"floor":30.0,"key":"SpeedPotion"},{"floor":35.0,"key":"Strength Potion"},{"floor":39.0,"key":"Block Potion"},{"floor":45,"key":"AttackPotion"},{"floor":48,"key":"DuplicationPotion"}],"is_trial":false,"path_per_floor":["M","M","?","?","M","E","R","$","T","E","M","M","?","E","R","B",null,"M","M","M","M","?","E","R","?","T","?","M","T","E","$","R","B",null,"M","$","M","?","M","R","M","R","T","E","M","?","R","M","R","B"],"character_chosen":"NECROMANCER","items_purchased":["Lee\u0027s Waffle","Whetstone","Bone_Armory"],"campfire_rested":2,"item_purchase_floors":[8,31,36],"current_hp_per_floor":[65,66,66,55,59,23,23,82,82,71,66,69,69,54,54,55,75,62,61,58,47,47,27,51,51,51,51,46,46,37,37,37,38,71,82,82,46,46,13,49,58,70,70,42,46,46,58,49,61,0,0],"gold":172,"neow_bonus":"RANDOM_COMMON_RELIC","is_daily":false,"chose_seed":false,"campfire_upgraded":2,"win_rate":0.0,"timestamp":1609115512,"path_taken":["M","M","?","?","M","E","R","$","T","E","M","M","?","E","R","BOSS","M","?","M","M","?","E","R","?","T","?","?","?","E","$","R","BOSS","M","$","M","?","M","R","M","R","T","E","M","?","R","?","R","BOSS"],"items_purchased_type":["Relic","Relic","Card"],"build_version":"2020-12-22","purchased_purges":3,"victory":false,"max_hp_per_floor":[75,75,75,75,75,75,75,82,82,82,82,82,82,82,82,82,82,82,82,82,82,82,82,82,82,82,82,82,82,82,82,82,82,82,82,82,82,82,82,82,82,82,82,82,82,82,82,82,82,82,82],"card_choices":[{"not_picked":["Bones_to_Steel","Death_March_Dance"],"picked":"Bone_Bullets","floor":1.0},{"not_picked":["Negative_Energy_Javelin","Life_Drain"],"picked":"Negative_Energy_Shield","floor":2.0},{"not_picked":["Summon_Lich","Blood_Is_Power"],"picked":"Bone_Bullets","floor":5.0},{"not_picked":["Reap_The_Weak","Bone_Armory"],"picked":"Whirlwind_of_Bones","floor":6.0},{"not_picked":["Siphon_Strength","Summon_Undead_Army"],"picked":"Detonate_Bones","floor":10.0},{"not_picked":["Scare","Siphon_Strength"],"picked":"Bones_to_Steel","floor":11.0},{"not_picked":["Spectral_Walk","Negative_Energy_Shield","Scare"],"picked":"SKIP","floor":12.0},{"not_picked":["Negative_Energy_Shield","Corrupt"],"picked":"Scare","floor":14.0},{"not_picked":["Negative_Energy_Javelin","Summon_Undead"],"picked":"Plague_Bolt+1","floor":18.0},{"not_picked":["Bone_Shift","Life_Tap"],"picked":"Bone_Bullets","floor":19.0},{"not_picked":["Toxic_Smoke_Screen","Negative_Energy_Javelin","Chill_Blood"],"picked":"SKIP","floor":20.0},{"not_picked":["Strike_from_Beyond+1","Negative_Energy_Shield"],"picked":"Siphon_Strength","floor":21.0},{"not_picked":["Chill_Blood","Requiem","Epidemic"],"picked":"SKIP","floor":23.0},{"not_picked":["Summon_Lich","Negative_Energy_Javelin"],"picked":"Stop_Heart","floor":28.0},{"not_picked":["Flesh_Made_Foul","Necromantic_Selection"],"picked":"Bone_Armory","floor":30.0},{"not_picked":["Hellfire","Reap_The_Weak"],"picked":"Summon_Vampire_Lady","floor":33.0},{"not_picked":["Chill_Blood+1","Shackles_Of_Pain"],"picked":"Bone_Bullets","floor":35.0},{"not_picked":["Negative_Energy_Sphere","Blood_Whip","Blood_Curse+1"],"picked":"SKIP","floor":37.0},{"not_picked":["Deaths_Shadow+1","Negative_Energy_Mist","Blood_for_Blood"],"picked":"SKIP","floor":39.0},{"not_picked":["Necromantic_Selection","Bone_Spikes","Bones_to_Steel"],"picked":"SKIP","floor":41.0},{"not_picked":["Shackles_Of_Pain","Negative_Energy_Shield"],"picked":"Bone_Shift+1","floor":44.0},{"not_picked":["Blood_Whip+1","Corrupt","Stop_Heart"],"picked":"SKIP","floor":45},{"not_picked":["Blood_Whip+1","Violent_Necrosis"],"picked":"Blood_Curse+1","floor":48}],"player_experience":552990,"relics_obtained":[{"floor":6.0,"key":"Pantograph"},{"floor":9.0,"key":"hubris:DuctTape"},{"floor":10.0,"key":"Mercury Hourglass"},{"floor":14.0,"key":"Lantern"},{"floor":23.0,"key":"Gremlin Horn"},{"floor":26.0,"key":"hubris:AstralHammer"},{"floor":29.0,"key":"Shovel"},{"floor":30.0,"key":"Toy Ornithopter"},{"floor":32.0,"key":"Eternal Feather"},{"floor":42.0,"key":"Ancient Tea Set"},{"floor":43.0,"key":"Molten Egg 2"},{"floor":44.0,"key":"Calipers"},{"floor":47,"key":"Anchor"},{"floor":49,"key":"StoneCalendar"}],"event_choices":[{"damage_healed":0.0,"max_hp_gain":0.0,"max_hp_loss":0.0,"gold_gain":75.0,"event_name":"World of Goop","player_choice":"Gather Gold","floor":4.0,"gold_loss":0.0,"damage_taken":11.0},{"cards_removed":["Strike_W"],"damage_healed":0.0,"max_hp_gain":0.0,"max_hp_loss":0.0,"gold_gain":0.0,"event_name":"Bonfire Elementals","player_choice":"Offered Basic","floor":13.0,"gold_loss":0.0,"damage_taken":0.0},{"cards_removed":["Strike_W"],"damage_healed":0.0,"max_hp_gain":0.0,"max_hp_loss":0.0,"gold_gain":0.0,"event_name":"Back to Basics","player_choice":"Elegance","floor":25.0,"gold_loss":0.0,"damage_taken":0.0},{"damage_healed":0.0,"max_hp_gain":0.0,"max_hp_loss":0.0,"gold_gain":0.0,"event_name":"Ghosts","player_choice":"Ignored","floor":27.0,"gold_loss":0.0,"damage_taken":0.0},{"damage_healed":0.0,"max_hp_gain":0.0,"max_hp_loss":0.0,"gold_gain":0.0,"event_name":"Tomb of Lord Red Mask","player_choice":"Paid","floor":38.0,"gold_loss":18.0,"damage_taken":0.0,"relics_obtained":["Red Mask"]},{"damage_healed":0,"gold_gain":0,"player_choice":"Copied","damage_taken":0,"max_hp_gain":0,"max_hp_loss":0,"event_name":"Duplicator","floor":46,"gold_loss":0,"cards_obtained":["Bone_Wall"]}],"is_beta":false,"boss_relics":[{"not_picked":["Calling Bell","Runic Dome"],"picked":"Runic Pyramid"},{"not_picked":["hubris:BlackHole","Tiny House"],"picked":"hubris:Backtick"}],"items_purged_floors":[8,31,36],"is_endless":false,"potions_floor_spawned":[2,11,14,16,19,20,23,30,35,39,45,48],"killed_by":"hubris:GrandSnecko","ascension_level":13}}