{"host":"6vv0uythevi5qk1w","time":1609159685,"event":{"mods":["Act Like it!","BaseMod","Downfall","Gensokyo","Minty Spire (QoL Compilation)","Remilia£®¿Ÿ√◊¿Ú—«£©","StSLib"],"gold_per_floor":[415,415,184,200,217,217,227,37,62,106,125,154,154,1,1,105,105,116,380,380,380],"floor_reached":20,"playtime":1408,"items_purged":["Strike_G"],"score":284,"play_id":"e31fe2a0-62f1-4eea-bb1a-210a31b0b940","local_time":"20201228204805","is_ascension_mode":true,"campfire_choices":[{"data":"Acrobatics","floor":6.0,"key":"SMITH"},{"data":"Concentrate","floor":13.0,"key":"SMITH"},{"data":"Tactician","floor":15.0,"key":"SMITH"}],"circlet_count":1,"master_deck":["Strike_G","Strike_G","Strike_G","Strike_G","Defend_G","Defend_G","Defend_G","Defend_G","Defend_G","Survivor","Neutralize","Backstab","Acrobatics+1","PiercingWail","Tactician+1","Expertise","Backstab","Backflip","Acrobatics","Gensokyo:BlemishedSteel","Concentrate+1","Blade Dance","Terror","Madness","Night Terror","Expertise+1"],"relics":["Ring of the Snake","Old Coin","Orrery","Circlet","Omamori","hexamod:BolsterEngine","Vajra","sneckomod:SneckoTalon"],"acts_visited":["Exordium","Gensokyo:Gensokyo"],"potions_floor_usage":[],"damage_taken":[{"damage":2.0,"enemies":"Gensokyo:Python","floor":1.0,"turns":5.0},{"damage":0.0,"enemies":"Gensokyo:2_Kodama","floor":4.0,"turns":3.0},{"damage":7.0,"enemies":"Gensokyo:3_Fairies","floor":5.0,"turns":5.0},{"damage":3.0,"enemies":"Gensokyo:Gryphon_and_Rabbit","floor":7.0,"turns":6.0},{"damage":3.0,"enemies":"Gensokyo:VengefulSpirit","floor":11.0,"turns":5.0},{"damage":0.0,"enemies":"Gensokyo:Aya","floor":12.0,"turns":1.0},{"damage":24.0,"enemies":"Gensokyo:Reimu","floor":16.0,"turns":9.0},{"damage":0.0,"enemies":"Gensokyo:CosmicMonolith","floor":18.0,"turns":2.0},{"damage":12.0,"enemies":"Gensokyo:2_Gloops","floor":19.0,"turns":5.0},{"damage":42,"enemies":"Gensokyo:Slime_Group","floor":20,"turns":5}],"seed_played":"7182059480091483657","potions_obtained":[{"floor":1.0,"key":"CunningPotion"},{"floor":7.0,"key":"SteroidPotion"},{"floor":10.0,"key":"Cursed Concoction"},{"floor":11.0,"key":"Weak Potion"},{"floor":16.0,"key":"Elixir"},{"floor":18.0,"key":"AttackPotion"}],"is_trial":false,"path_per_floor":["M","?","$","M","M","R","M","COS","T","?","M","E","R","$","R","B",null,"M","M","M"],"character_chosen":"THE_SILENT","items_purchased":["Orrery","hexamod:BolsterEngine"],"campfire_rested":0,"item_purchase_floors":[3,14],"current_hp_per_floor":[61,61,61,61,54,54,51,51,51,36,33,33,33,33,33,9,50,50,38,0,0],"gold":380,"neow_bonus":"ONE_RARE_RELIC","is_daily":false,"chose_seed":false,"campfire_upgraded":3,"win_rate":0.0,"timestamp":1609159685,"path_taken":["M","?","$","M","M","R","M","COS","T","?","?","E","R","?","R","BOSS","M","M","M"],"items_purchased_type":["Relic","Relic"],"build_version":"2020-12-22","purchased_purges":1,"victory":false,"max_hp_per_floor":[63,63,63,63,63,63,63,63,63,63,63,63,63,63,63,63,63,63,63,63,63],"card_choices":[{"not_picked":["Endless Agony","Sucker Punch"],"picked":"Backstab","floor":1.0},{"not_picked":["Dodge and Roll","ReplayTheSpireMod:Exploit Weakness"],"picked":"Acrobatics","floor":2.0},{"not_picked":["Infinite Blades","Hidden Blade"],"picked":"PiercingWail","floor":2.0},{"not_picked":["Dagger Spray","ReplayTheSpireMod:Shiv Toss"],"picked":"Tactician","floor":3.0},{"not_picked":["Eviscerate","Backflip"],"picked":"Expertise","floor":3.0},{"not_picked":["Expertise","Die Die Die"],"picked":"Backstab","floor":3.0},{"not_picked":["PiercingWail","Hidden Blade"],"picked":"Backflip","floor":3.0},{"not_picked":["Deadly Poison","Blade Dance","Dagger Spray"],"picked":"SKIP","floor":4.0},{"not_picked":["Dagger Throw","Poisoned Stab","Slice"],"picked":"SKIP","floor":5.0},{"not_picked":["Prepared","Flying Knee"],"picked":"Acrobatics","floor":7.0},{"not_picked":["Underhanded Strike","Acrobatics"],"picked":"Concentrate","floor":10.0},{"not_picked":["Caltrops","Slice"],"picked":"Blade Dance","floor":10.0},{"not_picked":["Deadly Poison","Noxious Fumes"],"picked":"Terror","floor":11.0},{"not_picked":["Slice","Expertise"],"picked":"ReplayTheSpireMod:Scrap Shanks","floor":12.0},{"not_picked":["Poison Darts","Tools of the Trade"],"picked":"Night Terror","floor":16.0},{"not_picked":["PiercingWail","Flying Knee"],"picked":"Expertise+1","floor":18.0},{"not_picked":["Catalyst","Deadly Poison","Quick Slash+1"],"picked":"SKIP","floor":19.0}],"player_experience":439298,"relics_obtained":[{"floor":10.0,"key":"Replay:Mystery Machine"},{"floor":12.0,"key":"Omamori"}],"event_choices":[],"is_beta":false,"boss_relics":[{"not_picked":["Snecko Eye","Tiny House"],"picked":"sneckomod:SneckoTalon"}],"items_purged_floors":[3],"is_endless":false,"potions_floor_spawned":[1,7,11,16,18],"killed_by":"Gensokyo:Slime_Group","ascension_level":9}}