{"host":"j28bwyew3wloeuoy","time":1609135454,"event":{"mods":["BaseMod","Downfall","Hubris","Minty Spire (QoL Compilation)","StSLib"],"gold_per_floor":[99,112,124,143,143,143,143,156,6,26,26,26,36,53,68,173,173,173,184,202,202,220,253,278,294,294,324,335,6,23,8,28,28,28,28],"floor_reached":33,"playtime":3051,"items_purged":["Guardian:Strike_Guardian"],"score":353,"play_id":"2372f9a4-9594-4b8b-b43b-7c80b6dce08f","local_time":"20201228170414","is_ascension_mode":true,"campfire_choices":[{"floor":1,"key":"RECALL"},{"floor":26,"key":"REST"}],"circlet_count":0,"master_deck":["Guardian:Strike_Guardian","Guardian:Strike_Guardian","Guardian:Strike_Guardian","Guardian:Defend_Guardian","Guardian:Defend_Guardian","Guardian:Defend_Guardian","Guardian:Defend_Guardian","Guardian:CurlUp","Guardian:TwinSlam","Guardian:CrystalBeam","Guardian:Harden+1","Guardian:PrismaticBeam","Guardian:VentSteam","Guardian:VentSteam+1","Guardian:BaubleBeam","Guardian:Gem_Crimson","Guardian:PiercingHide","Guardian:CompilePackage","Guardian:PrimingBeam+1","Guardian:ShieldCharger+1","expansioncontent:Torchfire","Guardian:Recover","Guardian:PrismaticBeam","Guardian:Suspension+1"],"relics":["Guardian:ModeShifter","Guardian:PickAxe","downfall:HeartBlessingRed","downfall:HeartBlessingBlue","hubris:Stopwatch","hubris:PeanutButter","War Paint","Du-Vu Doll","Sling"],"acts_visited":["Exordium","TheCity"],"potions_floor_usage":[16,16,16,23,30,30,30,33,33],"damage_taken":[{"damage":7,"enemies":"Small Slimes","floor":2,"turns":3},{"damage":5,"enemies":"2 Louse","floor":3,"turns":3},{"damage":6,"enemies":"Cultist","floor":4,"turns":4},{"damage":20,"enemies":"Gremlin Gang","floor":8,"turns":7},{"damage":1,"enemies":"Blue Slaver","floor":10,"turns":4},{"damage":8,"enemies":"Lots of Slimes","floor":13,"turns":5},{"damage":11,"enemies":"2 Fungi Beasts","floor":14,"turns":4},{"damage":16,"enemies":"Large Slime","floor":15,"turns":6},{"damage":56,"enemies":"downfall:Ironclad","floor":16,"turns":12},{"damage":6,"enemies":"Chosen","floor":19,"turns":3},{"damage":16,"enemies":"Snake Plant","floor":20,"turns":4},{"damage":11,"enemies":"Snecko","floor":22,"turns":6},{"damage":47,"enemies":"Gremlin Leader","floor":23,"turns":6},{"damage":3,"enemies":"Cultist and Chosen","floor":25,"turns":6},{"damage":10,"enemies":"Slavers","floor":27,"turns":6},{"damage":19,"enemies":"Centurion and Healer","floor":28,"turns":6},{"damage":0,"enemies":"downfall:FleeingMerchant","floor":29,"turns":4},{"damage":0,"enemies":"3 Cultists","floor":30,"turns":5},{"damage":0,"enemies":"downfall:FleeingMerchant","floor":31,"turns":4},{"damage":0,"enemies":"Snake Plant","floor":32,"turns":4},{"damage":16,"enemies":"downfall:Watcher","floor":33,"turns":3}],"seed_played":"718602519458121789","potions_obtained":[{"floor":2,"key":"Guardian:BlockOnCardUsePotion"},{"floor":13,"key":"Weak Potion"},{"floor":14,"key":"Swift Potion"},{"floor":22,"key":"PowerPotion"},{"floor":25,"key":"SpeedPotion"},{"floor":28,"key":"EntropicBrew"},{"floor":32,"key":"champ:CounterPotion"}],"is_trial":false,"path_per_floor":["R","M","M","M","?","?","T","M","R","M","?","R","M","M","M","B",null,"R","M","M","?","M","E","T","M","R","E","M","$","M","$","M","B"],"character_chosen":"GUARDIAN","items_purchased":["expansioncontent:Torchfire","Sling"],"campfire_rested":1,"item_purchase_floors":[29,29],"current_hp_per_floor":[88,81,76,70,58,58,58,38,48,47,98,98,90,79,63,7,98,98,92,76,76,65,18,18,15,44,34,15,15,15,15,15,0,0,0],"gold":28,"neow_bonus":"TEN_PERCENT_HP_BONUS","is_daily":false,"chose_seed":false,"campfire_upgraded":0,"win_rate":0.0,"timestamp":1609135454,"path_taken":["R","M","M","M","?","?","T","M","R","M","?","R","?","M","M","BOSS","R","M","?","?","M","E","T","M","R","E","?","$","M","$","M","BOSS"],"items_purchased_type":["Card","Relic"],"build_version":"2020-12-22","purchased_purges":1,"victory":false,"max_hp_per_floor":[88,88,88,88,88,88,88,88,98,98,98,98,98,98,98,98,98,98,98,98,98,98,98,98,98,98,98,98,98,98,98,98,98,98,98],"card_choices":[{"not_picked":["Guardian:CrystalBeam","Guardian:TemporalStrike"],"picked":"Guardian:Gem_Fragmented","floor":2},{"not_picked":["Guardian:Suspension","Guardian:Planning","Guardian:TemporalShield"],"picked":"SKIP","floor":3},{"not_picked":["Guardian:TemporalShield","Guardian:Suspension"],"picked":"Guardian:Clone","floor":4},{"not_picked":["Guardian:Recover","Guardian:TemporalShield"],"picked":"Guardian:CrystalBeam","floor":8},{"not_picked":["Guardian:FuturePlans","Guardian:GuardianWhirl"],"picked":"Guardian:Harden","floor":10},{"not_picked":["Guardian:WalkerClaw","Guardian:VentSteam"],"picked":"Guardian:PrismaticBeam","floor":13},{"not_picked":["Guardian:GemFinder","Guardian:EvasiveProtocol"],"picked":"Guardian:VentSteam","floor":14},{"not_picked":["Guardian:PrimingBeam","Guardian:MultiBeam"],"picked":"Guardian:VentSteam","floor":15},{"not_picked":["Guardian:StasisEngine","Guardian:SphericShield"],"picked":"Guardian:BaubleBeam","floor":16},{"not_picked":["Guardian:Gem_White","Guardian:Planning+1"],"picked":"Guardian:PiercingHide","floor":19},{"not_picked":["Guardian:PrimingBeam","Guardian:ChargeCore"],"picked":"Guardian:Gem_Red","floor":20},{"not_picked":["Guardian:Repulse","Guardian:Recover"],"picked":"Guardian:CompilePackage","floor":22},{"not_picked":["Guardian:Gem_Lightblue","Guardian:CrystalBeam"],"picked":"Guardian:Gem_Crimson","floor":23},{"not_picked":["Guardian:PrimingBeam","Guardian:Gem_Lightblue","Guardian:BronzeOrb"],"picked":"SKIP","floor":25},{"not_picked":["Guardian:Gem_Lightblue","Guardian:Suspension"],"picked":"Guardian:PrimingBeam+1","floor":27},{"not_picked":["Guardian:TimeBomb","Guardian:Gem_Lightblue","Guardian:Reroute"],"picked":"SKIP","floor":28},{"not_picked":["Guardian:TemporalShield+1","Guardian:WalkerClaw"],"picked":"Guardian:ShieldCharger+1","floor":29},{"not_picked":["Guardian:GemFinder","Guardian:Gem_Lightblue"],"picked":"Guardian:Recover","floor":30},{"not_picked":["Guardian:Recover","Guardian:PiercingHide"],"picked":"Guardian:PrismaticBeam","floor":31},{"not_picked":["Guardian:Incinerate","Guardian:CrystalBeam+1"],"picked":"Guardian:Suspension+1","floor":32}],"player_experience":393506,"relics_obtained":[{"floor":23,"key":"hubris:PeanutButter"},{"floor":24,"key":"War Paint"},{"floor":27,"key":"Du-Vu Doll"}],"event_choices":[{"cards_removed":["Guardian:Clone"],"damage_healed":51,"gold_gain":0,"player_choice":"Offered Uncommon","damage_taken":0,"max_hp_gain":0,"max_hp_loss":0,"event_name":"Bonfire Elementals","floor":11,"gold_loss":0}],"is_beta":false,"boss_relics":[{"not_picked":["hubris:BlackHole","hubris:GrandSneckoEye"],"picked":"hubris:Stopwatch"}],"items_purged_floors":[29],"is_endless":false,"potions_floor_spawned":[2,13,14,15,22,25,28,32],"killed_by":"downfall:Watcher","ascension_level":3}}